<?xml version="1.0" encoding="UTF-8"?>
<!DOCTYPE html PUBLIC "-//W3C//DTD XHTML 1.0 Transitional//EN"
    "http://www.w3.org/TR/xhtml1/DTD/xhtml1-transitional.dtd">
<html xmlns="http://www.w3.org/1999/xhtml" xml:lang="en" lang="en">
 <head>
  <title>
</title>
<meta http-equiv="Content-Type" content="text/html;charset=utf-8" />
  <meta name='ocr-system' content='tesseract 3.04.00' />
  <meta name='ocr-capabilities' content='ocr_page ocr_carea ocr_par ocr_line ocrx_word'/>
</head>
<body>
  <div class='ocr_page' id='page_1' title='image "balbertimagnira01chgoog_0083.png"; bbox 0 0 4919 6371; ppageno 0'>
   <div class='ocr_carea' id='block_1_1' title="bbox 1973 428 3510 511">
    <p class='ocr_par' dir='ltr' id='par_1_1' title="bbox 1973 428 3510 511">
     <span class='ocr_line' id='line_1_1' title="bbox 1973 428 3510 511; baseline -0.004 -12"><span class='ocrx_word' id='word_1_1' title='bbox 1973 431 2143 502; x_wconf 89' lang='lat' dir='ltr'><strong>LIB.</strong></span> <span class='ocrx_word' id='word_1_2' title='bbox 2199 432 2226 499; x_wconf 88' lang='grc' dir='ltr'>Ι</span> <span class='ocrx_word' id='word_1_3' title='bbox 2273 432 2394 501; x_wconf 90' lang='lat' dir='ltr'><strong>DE</strong></span> <span class='ocrx_word' id='word_1_4' title='bbox 2441 432 3035 511; x_wconf 87' lang='lat' dir='ltr'><strong>ANIMALIBUS,</strong></span> <span class='ocrx_word' id='word_1_5' title='bbox 3084 430 3394 497; x_wconf 86' lang='lat' dir='ltr'><strong>TRACT.</strong></span> <span class='ocrx_word' id='word_1_6' title='bbox 3449 428 3510 493; x_wconf 82' lang='lat'><strong>11</strong></span> 
     </span>
    </p>
   </div>
   <div class='ocr_carea' id='block_1_2' title="bbox 1116 599 2693 4529">
    <p class='ocr_par' dir='ltr' id='par_1_2' title="bbox 1118 599 2693 2058">
     <span class='ocr_line' id='line_1_2' title="bbox 1129 599 2693 693; baseline -0.001 -24"><span class='ocrx_word' id='word_1_7' title='bbox 1129 603 1319 693; x_wconf 85' lang='lat' dir='ltr'>quasi</span> <span class='ocrx_word' id='word_1_8' title='bbox 1358 622 1635 667; x_wconf 91' lang='lat' dir='ltr'><strong>sursum</strong></span> <span class='ocrx_word' id='word_1_9' title='bbox 1677 599 1927 668; x_wconf 90' lang='lat' dir='ltr'><strong>directe</strong></span> <span class='ocrx_word' id='word_1_10' title='bbox 1967 603 2338 693; x_wconf 82' lang='lat' dir='ltr'>respiciens</span> <span class='ocrx_word' id='word_1_11' title='bbox 2385 627 2399 671; x_wconf 93' lang='lat'>:</span> <span class='ocrx_word' id='word_1_12' title='bbox 2435 611 2505 671; x_wconf 91' lang='lat' dir='ltr'><strong>et</strong></span> <span class='ocrx_word' id='word_1_13' title='bbox 2534 602 2693 669; x_wconf 89' lang='lat' dir='ltr'><strong>infi-</strong></span> 
     </span>
     <span class='ocr_line' id='line_1_3' title="bbox 1123 709 2690 803; baseline -0.001 -25"><span class='ocrx_word' id='word_1_14' title='bbox 1123 715 1306 803; x_wconf 86' lang='lat' dir='ltr'><strong>gitur</strong></span> <span class='ocrx_word' id='word_1_15' title='bbox 1351 711 1422 775; x_wconf 91' lang='lat' dir='ltr'><strong>in</strong></span> <span class='ocrx_word' id='word_1_16' title='bbox 1479 709 1793 778; x_wconf 90' lang='lat' dir='ltr'><strong>foramen</strong></span> <span class='ocrx_word' id='word_1_17' title='bbox 1848 711 2086 801; x_wconf 86' lang='lat' dir='ltr'><strong>primae</strong></span> <span class='ocrx_word' id='word_1_18' title='bbox 2145 711 2479 803; x_wconf 90' lang='lat' dir='ltr'><strong>spondilis</strong></span> <span class='ocrx_word' id='word_1_19' title='bbox 2531 716 2690 777; x_wconf 86' lang='lat' dir='ltr'><strong>ante</strong></span> 
     </span>
     <span class='ocr_line' id='line_1_4' title="bbox 1123 813 2692 905; baseline -0.003 -23"><span class='ocrx_word' id='word_1_20' title='bbox 1123 813 1443 890; x_wconf 86' lang='lat' dir='ltr'><strong>nucham,</strong></span> <span class='ocrx_word' id='word_1_21' title='bbox 1508 815 1602 880; x_wconf 89' lang='lat' dir='ltr'><strong>ita</strong></span> <span class='ocrx_word' id='word_1_22' title='bbox 1661 815 1849 905; x_wconf 87' lang='lat' dir='ltr'><strong>quod</strong></span> <span class='ocrx_word' id='word_1_23' title='bbox 1887 815 2111 884; x_wconf 88' lang='lat' dir='ltr'><strong>nucha</strong></span> <span class='ocrx_word' id='word_1_24' title='bbox 2142 824 2209 883; x_wconf 92' lang='lat' dir='ltr'><strong>et</strong></span> <span class='ocrx_word' id='word_1_25' title='bbox 2265 815 2692 882; x_wconf 86' lang='lat' dir='ltr'><strong>additamen-</strong></span> 
     </span>
     <span class='ocr_line' id='line_1_5' title="bbox 1124 918 2689 999; baseline -0.003 -10"><span class='ocrx_word' id='word_1_26' title='bbox 1124 932 1268 989; x_wconf 88' lang='lat' dir='ltr'><strong>tum</strong></span> <span class='ocrx_word' id='word_1_27' title='bbox 1299 922 1571 989; x_wconf 89' lang='lat' dir='ltr'><strong>suntin</strong></span> <span class='ocrx_word' id='word_1_28' title='bbox 1609 922 1852 990; x_wconf 89' lang='lat' dir='ltr'><strong>eodem</strong></span> <span class='ocrx_word' id='word_1_29' title='bbox 1884 922 2249 999; x_wconf 89' lang='lat' dir='ltr'><strong>foramine,</strong></span> <span class='ocrx_word' id='word_1_30' title='bbox 2294 918 2524 986; x_wconf 92' lang='lat' dir='ltr'><strong>nucha</strong></span> <span class='ocrx_word' id='word_1_31' title='bbox 2580 919 2689 985; x_wconf 89' lang='lat' dir='ltr'><strong>in·</strong></span> 
     </span>
     <span class='ocr_line' id='line_1_6' title="bbox 1122 1024 2690 1111; baseline -0.001 -17"><span class='ocrx_word' id='word_1_32' title='bbox 1122 1028 1357 1111; x_wconf 80' lang='lat' dir='ltr'><strong>teriuS,</strong></span> <span class='ocrx_word' id='word_1_33' title='bbox 1392 1035 1461 1094; x_wconf 91' lang='lat' dir='ltr'><strong>et</strong></span> <span class='ocrx_word' id='word_1_34' title='bbox 1489 1026 2033 1095; x_wconf 87' lang='lat' dir='ltr'><strong>additamentum</strong></span> <span class='ocrx_word' id='word_1_35' title='bbox 2065 1027 2396 1104; x_wconf 89' lang='lat' dir='ltr'><strong>anterius,</strong></span> <span class='ocrx_word' id='word_1_36' title='bbox 2432 1033 2500 1093; x_wconf 87' lang='lat' dir='ltr'><strong>et</strong></span> <span class='ocrx_word' id='word_1_37' title='bbox 2521 1024 2690 1093; x_wconf 88' lang='lat' dir='ltr'><strong>illud</strong></span> 
     </span>
     <span class='ocr_line' id='line_1_7' title="bbox 1129 1134 2688 1205; baseline 0 -3"><span class='ocrx_word' id='word_1_38' title='bbox 1129 1136 1437 1203; x_wconf 89' lang='lat' dir='ltr'><strong>foramen</strong></span> <span class='ocrx_word' id='word_1_39' title='bbox 1492 1145 1595 1205; x_wconf 85' lang='lat' dir='ltr'><strong>est</strong></span> <span class='ocrx_word' id='word_1_40' title='bbox 1640 1137 1711 1202; x_wconf 91' lang='lat' dir='ltr'><strong>in</strong></span> <span class='ocrx_word' id='word_1_41' title='bbox 1777 1136 1875 1201; x_wconf 90' lang='lat' dir='ltr'><strong>eis</strong></span> <span class='ocrx_word' id='word_1_42' title='bbox 1914 1157 2281 1202; x_wconf 89' lang='lat' dir='ltr'><strong>commune</strong></span> <span class='ocrx_word' id='word_1_43' title='bbox 2342 1157 2357 1201; x_wconf 88' lang='lat'>:</span> <span class='ocrx_word' id='word_1_44' title='bbox 2405 1143 2475 1202; x_wconf 93' lang='lat' dir='ltr'><strong>et</strong></span> <span class='ocrx_word' id='word_1_45' title='bbox 2518 1134 2688 1202; x_wconf 91' lang='lat' dir='ltr'><strong>illud</strong></span> 
     </span>
     <span class='ocr_line' id='line_1_8' title="bbox 1127 1240 2688 1311; baseline 0 -2"><span class='ocrx_word' id='word_1_46' title='bbox 1127 1242 1670 1311; x_wconf 86' lang='lat' dir='ltr'><strong>additamentum</strong></span> <span class='ocrx_word' id='word_1_47' title='bbox 1702 1248 1806 1308; x_wconf 92' lang='lat' dir='ltr'><strong>est</strong></span> <span class='ocrx_word' id='word_1_48' title='bbox 1841 1240 2037 1309; x_wconf 86' lang='lat' dir='ltr'><strong>valde</strong></span> <span class='ocrx_word' id='word_1_49' title='bbox 2086 1241 2335 1309; x_wconf 88' lang='lat' dir='ltr'><strong>durum</strong></span> <span class='ocrx_word' id='word_1_50' title='bbox 2380 1265 2395 1309; x_wconf 93' lang='lat'><strong>:</strong></span> <span class='ocrx_word' id='word_1_51' title='bbox 2446 1250 2515 1309; x_wconf 92' lang='lat' dir='ltr'><strong>et</strong></span> <span class='ocrx_word' id='word_1_52' title='bbox 2554 1240 2688 1309; x_wconf 89' lang='lat' dir='ltr'><strong>hoc</strong></span> 
     </span>
     <span class='ocr_line' id='line_1_9' title="bbox 1123 1347 2687 1438; baseline -0.002 -21"><span class='ocrx_word' id='word_1_53' title='bbox 1123 1350 1669 1418; x_wconf 88' lang='lat' dir='ltr'><strong>additamentum</strong></span> <span class='ocrx_word' id='word_1_54' title='bbox 1699 1370 1740 1414; x_wconf 89' lang='lat' dir='ltr'><strong>a</strong></span> <span class='ocrx_word' id='word_1_55' title='bbox 1768 1347 2176 1438; x_wconf 90' lang='lat' dir='ltr'><strong>quibusdam</strong></span> <span class='ocrx_word' id='word_1_56' title='bbox 2207 1357 2496 1418; x_wconf 86' lang='lat' dir='ltr'><strong>vocatur</strong></span> <span class='ocrx_word' id='word_1_57' title='bbox 2523 1348 2687 1415; x_wconf 80' lang='lat' dir='ltr'><strong>dens</strong></span> 
     </span>
     <span class='ocr_line' id='line_1_10' title="bbox 1118 1453 2687 1546; baseline -0.003 -24"><span class='ocrx_word' id='word_1_58' title='bbox 1118 1453 1488 1546; x_wconf 83' lang='lat' dir='ltr'><strong>spondilis,</strong></span> <span class='ocrx_word' id='word_1_59' title='bbox 1522 1461 1591 1520; x_wconf 90' lang='lat' dir='ltr'><strong>et</strong></span> <span class='ocrx_word' id='word_1_60' title='bbox 1628 1453 1811 1521; x_wconf 88' lang='lat' dir='ltr'><strong>idem</strong></span> <span class='ocrx_word' id='word_1_61' title='bbox 1861 1476 2114 1521; x_wconf 91' lang='lat' dir='ltr'><strong>nomen</strong></span> <span class='ocrx_word' id='word_1_62' title='bbox 2169 1453 2380 1521; x_wconf 86' lang='lat' dir='ltr'><strong>habet</strong></span> <span class='ocrx_word' id='word_1_63' title='bbox 2429 1455 2500 1520; x_wconf 92' lang='lat' dir='ltr'><strong>in</strong></span> <span class='ocrx_word' id='word_1_64' title='bbox 2541 1474 2687 1520; x_wconf 91' lang='lat' dir='ltr'><strong>om-</strong></span> 
     </span>
     <span class='ocr_line' id='line_1_11' title="bbox 1121 1559 2684 1653; baseline 0 -25"><span class='ocrx_word' id='word_1_65' title='bbox 1121 1562 1321 1629; x_wconf 89' lang='lat' dir='ltr'><strong>nibus</strong></span> <span class='ocrx_word' id='word_1_66' title='bbox 1360 1561 1511 1629; x_wconf 90' lang='lat' dir='ltr'><strong>aliis</strong></span> <span class='ocrx_word' id='word_1_67' title='bbox 1560 1561 2015 1653; x_wconf 79' lang='lat' dir='ltr'><strong>spondilibuS.</strong></span> <span class='ocrx_word' id='word_1_68' title='bbox 2060 1561 2244 1628; x_wconf 90' lang='lat' dir='ltr'><strong>Dens</strong></span> <span class='ocrx_word' id='word_1_69' title='bbox 2284 1568 2515 1629; x_wconf 88' lang='lat' dir='ltr'><strong>autem</strong></span> <span class='ocrx_word' id='word_1_70' title='bbox 2571 1559 2684 1628; x_wconf 91' lang='lat' dir='ltr'><strong>ille</strong></span> 
     </span>
     <span class='ocr_line' id='line_1_12' title="bbox 1119 1666 2683 1759; baseline -0.001 -25"><span class='ocrx_word' id='word_1_71' title='bbox 1119 1668 1510 1735; x_wconf 81' lang='lat' dir='ltr'><strong>fortissimis</strong></span> <span class='ocrx_word' id='word_1_72' title='bbox 1546 1667 1941 1759; x_wconf 78' lang='lat' dir='ltr'><strong>ligamentis</strong></span> <span class='ocrx_word' id='word_1_73' title='bbox 1992 1666 2313 1757; x_wconf 87' lang='lat' dir='ltr'><strong>alligatur</strong></span> <span class='ocrx_word' id='word_1_74' title='bbox 2359 1666 2683 1736; x_wconf 87' lang='lat' dir='ltr'><strong>anteriori</strong></span> 
     </span>
     <span class='ocr_line' id='line_1_13' title="bbox 1120 1772 2685 1866; baseline -0.001 -25"><span class='ocrx_word' id='word_1_75' title='bbox 1120 1775 1293 1866; x_wconf 88' lang='lat' dir='ltr'><strong>parti</strong></span> <span class='ocrx_word' id='word_1_76' title='bbox 1340 1773 1700 1864; x_wconf 88' lang='lat' dir='ltr'><strong>spondilis,</strong></span> <span class='ocrx_word' id='word_1_77' title='bbox 1764 1796 1847 1841; x_wconf 90' lang='lat' dir='ltr'><strong>ne</strong></span> <span class='ocrx_word' id='word_1_78' title='bbox 1908 1772 2079 1841; x_wconf 85' lang='lat' dir='ltr'><strong>forte</strong></span> <span class='ocrx_word' id='word_1_79' title='bbox 2116 1772 2382 1841; x_wconf 87' lang='lat' dir='ltr'><strong>solutus</strong></span> <span class='ocrx_word' id='word_1_80' title='bbox 2434 1773 2685 1841; x_wconf 91' lang='lat' dir='ltr'><strong>duritia</strong></span> 
     </span>
     <span class='ocr_line' id='line_1_14' title="bbox 1120 1880 2681 1973; baseline -0.001 -23"><span class='ocrx_word' id='word_1_81' title='bbox 1120 1906 1242 1950; x_wconf 87' lang='lat' dir='ltr'><strong>sua</strong></span> <span class='ocrx_word' id='word_1_82' title='bbox 1271 1882 1474 1952; x_wconf 86' lang='lat' dir='ltr'><strong>laedat</strong></span> <span class='ocrx_word' id='word_1_83' title='bbox 1511 1880 1839 1963; x_wconf 89' lang='lat' dir='ltr'><strong>nucham,</strong></span> <span class='ocrx_word' id='word_1_84' title='bbox 1873 1889 1940 1949; x_wconf 91' lang='lat' dir='ltr'><strong>et</strong></span> <span class='ocrx_word' id='word_1_85' title='bbox 1968 1903 2054 1950; x_wconf 87' lang='lat' dir='ltr'><strong>ne</strong></span> <span class='ocrx_word' id='word_1_86' title='bbox 2090 1883 2426 1973; x_wconf 89' lang='lat' dir='ltr'><strong>percutiat</strong></span> <span class='ocrx_word' id='word_1_87' title='bbox 2459 1882 2681 1972; x_wconf 89' lang='lat' dir='ltr'><strong>ipsam</strong></span> 
     </span>
     <span class='ocr_line' id='line_1_15' title="bbox 1121 1999 1506 2058; baseline 0 -1"><span class='ocrx_word' id='word_1_88' title='bbox 1121 1999 1314 2058; x_wconf 89' lang='lat' dir='ltr'><strong>motu</strong></span> <span class='ocrx_word' id='word_1_89' title='bbox 1352 2013 1506 2058; x_wconf 88' lang='lat' dir='ltr'><strong>suo.</strong></span> 
     </span>
    </p>

    <p class='ocr_par' dir='ltr' id='par_1_3' title="bbox 1116 2095 2690 4529">
     <span class='ocr_line' id='line_1_16' title="bbox 1206 2095 2679 2187; baseline -0.001 -23"><span class='ocrx_word' id='word_1_90' title='bbox 1206 2097 1310 2164; x_wconf 83' lang='lat' dir='ltr'><strong>Ex</strong></span> <span class='ocrx_word' id='word_1_91' title='bbox 1337 2095 1445 2164; x_wconf 88' lang='lat' dir='ltr'><strong>his</strong></span> <span class='ocrx_word' id='word_1_92' title='bbox 1486 2103 1718 2164; x_wconf 90' lang='lat' dir='ltr'><strong>autem</strong></span> <span class='ocrx_word' id='word_1_93' title='bbox 1749 2118 1903 2187; x_wconf 79' lang='lat' dir='ltr'><strong>quae</strong></span> <span class='ocrx_word' id='word_1_94' title='bbox 1935 2096 2117 2164; x_wconf 89' lang='lat' dir='ltr'><strong>dicta</strong></span> <span class='ocrx_word' id='word_1_95' title='bbox 2145 2104 2308 2164; x_wconf 90' lang='lat' dir='ltr'><strong>sunt</strong></span> <span class='ocrx_word' id='word_1_96' title='bbox 2337 2096 2679 2187; x_wconf 86' lang='lat' dir='ltr'><strong>relinqui-</strong></span> 
     </span>
     <span class='ocr_line' id='line_1_17' title="bbox 1117 2203 2685 2294; baseline -0.001 -22"><span class='ocrx_word' id='word_1_97' title='bbox 1117 2213 1253 2283; x_wconf 91' lang='lat' dir='ltr'><strong>tur,</strong></span> <span class='ocrx_word' id='word_1_98' title='bbox 1297 2203 1482 2294; x_wconf 89' lang='lat' dir='ltr'><strong>quod</strong></span> <span class='ocrx_word' id='word_1_99' title='bbox 1521 2203 1858 2294; x_wconf 90' lang='lat' dir='ltr'><strong>spondilis</strong></span> <span class='ocrx_word' id='word_1_100' title='bbox 1884 2203 2110 2293; x_wconf 86' lang='lat' dir='ltr'><strong>prima</strong></span> <span class='ocrx_word' id='word_1_101' title='bbox 2137 2204 2419 2293; x_wconf 87' lang='lat' dir='ltr'><strong>majoris</strong></span> <span class='ocrx_word' id='word_1_102' title='bbox 2457 2204 2545 2271; x_wconf 91' lang='lat' dir='ltr'><strong>sit</strong></span> <span class='ocrx_word' id='word_1_103' title='bbox 2585 2203 2685 2271; x_wconf 89' lang='lat' dir='ltr'><strong>di·</strong></span> 
     </span>
     <span class='ocr_line' id='line_1_18' title="bbox 1116 2310 2676 2401; baseline 0 -23"><span class='ocrx_word' id='word_1_104' title='bbox 1116 2311 1492 2379; x_wconf 83' lang='lat' dir='ltr'><strong>mensionis</strong></span> <span class='ocrx_word' id='word_1_105' title='bbox 1540 2310 1627 2378; x_wconf 91' lang='lat' dir='ltr'><strong>ab</strong></span> <span class='ocrx_word' id='word_1_106' title='bbox 1676 2319 1832 2378; x_wconf 88' lang='lat' dir='ltr'><strong>ante</strong></span> <span class='ocrx_word' id='word_1_107' title='bbox 1871 2318 1937 2378; x_wconf 90' lang='lat' dir='ltr'><strong>et</strong></span> <span class='ocrx_word' id='word_1_108' title='bbox 1970 2311 2334 2401; x_wconf 75' lang='lat' dir='ltr'><strong>posteriuS,</strong></span> <span class='ocrx_word' id='word_1_109' title='bbox 2378 2310 2513 2379; x_wconf 89' lang='lat' dir='ltr'><strong>hoc</strong></span> <span class='ocrx_word' id='word_1_110' title='bbox 2550 2318 2676 2392; x_wconf 88' lang='lat' dir='ltr'><strong>est,</strong></span> 
     </span>
     <span class='ocr_line' id='line_1_19' title="bbox 1118 2418 2682 2510; baseline 0 -22"><span class='ocrx_word' id='word_1_111' title='bbox 1118 2419 1201 2488; x_wconf 93' lang='lat' dir='ltr'><strong>ab</strong></span> <span class='ocrx_word' id='word_1_112' title='bbox 1251 2419 1578 2487; x_wconf 89' lang='lat' dir='ltr'><strong>anteriori</strong></span> <span class='ocrx_word' id='word_1_113' title='bbox 1624 2418 1785 2487; x_wconf 87' lang='lat' dir='ltr'><strong>colli</strong></span> <span class='ocrx_word' id='word_1_114' title='bbox 1841 2419 1928 2487; x_wconf 89' lang='lat' dir='ltr'><strong>ad</strong></span> <span class='ocrx_word' id='word_1_115' title='bbox 1988 2420 2313 2502; x_wconf 75' lang='lat' dir='ltr'><strong>exteriuS,</strong></span> <span class='ocrx_word' id='word_1_116' title='bbox 2375 2442 2586 2510; x_wconf 88' lang='lat' dir='ltr'><strong>quam</strong></span> <span class='ocrx_word' id='word_1_117' title='bbox 2642 2442 2682 2488; x_wconf 91' lang='lat' dir='ltr'><strong>a</strong></span> 
     </span>
     <span class='ocr_line' id='line_1_20' title="bbox 1118 2526 2685 2618; baseline -0.001 -23"><span class='ocrx_word' id='word_1_118' title='bbox 1118 2527 1454 2618; x_wconf 78' lang='lat' dir='ltr'><strong>superiori</strong></span> <span class='ocrx_word' id='word_1_119' title='bbox 1496 2526 1581 2594; x_wconf 89' lang='lat' dir='ltr'><strong>ad</strong></span> <span class='ocrx_word' id='word_1_120' title='bbox 1614 2526 1898 2594; x_wconf 88' lang='lat' dir='ltr'><strong>inferius</strong></span> <span class='ocrx_word' id='word_1_121' title='bbox 1930 2547 1946 2593; x_wconf 77' lang='grc' dir='ltr'>ε</span> <span class='ocrx_word' id='word_1_122' title='bbox 1995 2526 2326 2618; x_wconf 88' lang='lat' dir='ltr'><strong>quoniam</strong></span> <span class='ocrx_word' id='word_1_123' title='bbox 2357 2529 2427 2596; x_wconf 91' lang='lat' dir='ltr'><strong>in</strong></span> <span class='ocrx_word' id='word_1_124' title='bbox 2457 2527 2685 2617; x_wconf 86' lang='lat' dir='ltr'><strong>prima</strong></span> 
     </span>
     <span class='ocr_line' id='line_1_21' title="bbox 1118 2635 2682 2728; baseline -0.001 -25"><span class='ocrx_word' id='word_1_125' title='bbox 1118 2636 1544 2704; x_wconf 87' lang='lat' dir='ltr'><strong>dimensione</strong></span> <span class='ocrx_word' id='word_1_126' title='bbox 1648 2635 2209 2725; x_wconf 74' lang='lat' dir='ltr'><strong>proportionetur</strong></span> <span class='ocrx_word' id='word_1_127' title='bbox 2326 2635 2682 2728; x_wconf 78' lang='lat' dir='ltr'><strong>capacitati</strong></span> 
     </span>
     <span class='ocr_line' id='line_1_22' title="bbox 1119 2743 2676 2835; baseline 0 -24"><span class='ocrx_word' id='word_1_128' title='bbox 1119 2744 1413 2812; x_wconf 84' lang='lat' dir='ltr'><strong>duorum</strong></span> <span class='ocrx_word' id='word_1_129' title='bbox 1444 2744 1514 2811; x_wconf 92' lang='lat' dir='ltr'><strong>in</strong></span> <span class='ocrx_word' id='word_1_130' title='bbox 1540 2743 1850 2811; x_wconf 89' lang='lat' dir='ltr'><strong>foramen</strong></span> <span class='ocrx_word' id='word_1_131' title='bbox 1881 2766 2083 2811; x_wconf 93' lang='lat' dir='ltr'><strong>suum</strong></span> <span class='ocrx_word' id='word_1_132' title='bbox 2112 2744 2676 2835; x_wconf 82' lang='lat' dir='ltr'><strong>ingredientium,</strong></span> 
     </span>
     <span class='ocr_line' id='line_1_23' title="bbox 1122 2848 2685 2942; baseline 0.001 -25"><span class='ocrx_word' id='word_1_133' title='bbox 1122 2873 1416 2942; x_wconf 88' lang='lat' dir='ltr'><strong>quorum</strong></span> <span class='ocrx_word' id='word_1_134' title='bbox 1450 2872 1667 2917; x_wconf 89' lang='lat' dir='ltr'><strong>unum</strong></span> <span class='ocrx_word' id='word_1_135' title='bbox 1707 2856 1810 2917; x_wconf 91' lang='lat' dir='ltr'><strong>est</strong></span> <span class='ocrx_word' id='word_1_136' title='bbox 1842 2848 2067 2917; x_wconf 85' lang='lat' dir='ltr'><strong>nucha</strong></span> <span class='ocrx_word' id='word_1_137' title='bbox 2103 2873 2258 2941; x_wconf 80' lang='lat' dir='ltr'><strong>quoe</strong></span> <span class='ocrx_word' id='word_1_138' title='bbox 2308 2859 2410 2918; x_wconf 89' lang='lat' dir='ltr'><strong>est</strong></span> <span class='ocrx_word' id='word_1_139' title='bbox 2461 2853 2685 2942; x_wconf 83' lang='lat' dir='ltr'><strong>ingre-</strong></span> 
     </span>
     <span class='ocr_line' id='line_1_24' title="bbox 1120 2957 2684 3047; baseline 0.001 -21"><span class='ocrx_word' id='word_1_140' title='bbox 1120 2960 1314 3026; x_wconf 81' lang='lat' dir='ltr'><strong>diens</strong></span> <span class='ocrx_word' id='word_1_141' title='bbox 1342 2959 1567 3047; x_wconf 85' lang='lat' dir='ltr'><strong>majus</strong></span> <span class='ocrx_word' id='word_1_142' title='bbox 1602 2964 1711 3026; x_wconf 89' lang='lat' dir='ltr'><strong>:et</strong></span> <span class='ocrx_word' id='word_1_143' title='bbox 1753 2957 2041 3026; x_wconf 89' lang='lat' dir='ltr'><strong>alterum</strong></span> <span class='ocrx_word' id='word_1_144' title='bbox 2074 2967 2178 3026; x_wconf 87' lang='lat' dir='ltr'><strong>est</strong></span> <span class='ocrx_word' id='word_1_145' title='bbox 2210 2958 2379 3027; x_wconf 90' lang='lat' dir='ltr'><strong>dens</strong></span> <span class='ocrx_word' id='word_1_146' title='bbox 2409 2958 2684 3027; x_wconf 89' lang='lat' dir='ltr'><strong>inferio-</strong></span> 
     </span>
     <span class='ocr_line' id='line_1_25' title="bbox 1124 3064 2680 3157; baseline -0.001 -23"><span class='ocrx_word' id='word_1_147' title='bbox 1124 3069 1212 3135; x_wconf 86' lang='lat' dir='ltr'><strong>ris</strong></span> <span class='ocrx_word' id='word_1_148' title='bbox 1261 3064 1621 3156; x_wconf 88' lang='lat' dir='ltr'><strong>spondilis,</strong></span> <span class='ocrx_word' id='word_1_149' title='bbox 1675 3065 1793 3155; x_wconf 88' lang='lat' dir='ltr'><strong>qui</strong></span> <span class='ocrx_word' id='word_1_150' title='bbox 1837 3073 1939 3133; x_wconf 88' lang='lat' dir='ltr'><strong>est</strong></span> <span class='ocrx_word' id='word_1_151' title='bbox 1983 3065 2375 3157; x_wconf 88' lang='lat' dir='ltr'><strong>ingrediens</strong></span> <span class='ocrx_word' id='word_1_152' title='bbox 2426 3067 2680 3135; x_wconf 87' lang='lat' dir='ltr'><strong>minus.</strong></span> 
     </span>
     <span class='ocr_line' id='line_1_26' title="bbox 1128 3171 2688 3265; baseline 0.001 -25"><span class='ocrx_word' id='word_1_153' title='bbox 1128 3173 1205 3242; x_wconf 87' lang='lat' dir='ltr'><strong>ln</strong></span> <span class='ocrx_word' id='word_1_154' title='bbox 1235 3171 1535 3241; x_wconf 83' lang='lat' dir='ltr'><strong>secunda</strong></span> <span class='ocrx_word' id='word_1_155' title='bbox 1563 3180 1796 3241; x_wconf 87' lang='lat' dir='ltr'><strong>autem</strong></span> <span class='ocrx_word' id='word_1_156' title='bbox 1836 3195 2156 3242; x_wconf 86' lang='lat' dir='ltr'><strong>mensura</strong></span> <span class='ocrx_word' id='word_1_157' title='bbox 2203 3197 2345 3243; x_wconf 92' lang='lat' dir='ltr'><strong>non</strong></span> <span class='ocrx_word' id='word_1_158' title='bbox 2389 3197 2688 3265; x_wconf 87' lang='lat' dir='ltr'><strong>propor-</strong></span> 
     </span>
     <span class='ocr_line' id='line_1_27' title="bbox 1124 3280 2690 3375; baseline -0.001 -24"><span class='ocrx_word' id='word_1_159' title='bbox 1124 3285 1433 3351; x_wconf 85' lang='lat' dir='ltr'><strong>tionatur</strong></span> <span class='ocrx_word' id='word_1_160' title='bbox 1462 3282 1593 3350; x_wconf 90' lang='lat' dir='ltr'><strong>nisi</strong></span> <span class='ocrx_word' id='word_1_161' title='bbox 1615 3281 1734 3349; x_wconf 91' lang='lat' dir='ltr'><strong>uni</strong></span> <span class='ocrx_word' id='word_1_162' title='bbox 1767 3280 2201 3373; x_wconf 85' lang='lat' dir='ltr'><strong>ingredienti,</strong></span> <span class='ocrx_word' id='word_1_163' title='bbox 2234 3282 2421 3375; x_wconf 87' lang='lat' dir='ltr'><strong>quod</strong></span> <span class='ocrx_word' id='word_1_164' title='bbox 2439 3290 2541 3351; x_wconf 89' lang='lat' dir='ltr'><strong>est</strong></span> <span class='ocrx_word' id='word_1_165' title='bbox 2561 3306 2690 3352; x_wconf 88' lang='lat' dir='ltr'><strong>nu-</strong></span> 
     </span>
     <span class='ocr_line' id='line_1_28' title="bbox 1116 3389 2683 3483; baseline -0.001 -24"><span class='ocrx_word' id='word_1_166' title='bbox 1116 3390 1265 3459; x_wconf 88' lang='lat' dir='ltr'><strong>cha.</strong></span> <span class='ocrx_word' id='word_1_167' title='bbox 1300 3389 1488 3458; x_wconf 79' lang='lat' dir='ltr'><strong>Dens</strong></span> <span class='ocrx_word' id='word_1_168' title='bbox 1537 3398 1768 3457; x_wconf 84' lang='lat' dir='ltr'><strong>autem</strong></span> <span class='ocrx_word' id='word_1_169' title='bbox 1818 3389 2178 3481; x_wconf 79' lang='lat' dir='ltr'><strong>praedictus</strong></span> <span class='ocrx_word' id='word_1_170' title='bbox 2204 3413 2329 3483; x_wconf 87' lang='lat' dir='ltr'><strong>per</strong></span> <span class='ocrx_word' id='word_1_171' title='bbox 2372 3390 2683 3460; x_wconf 88' lang='lat' dir='ltr'><strong>foramen</strong></span> 
     </span>
     <span class='ocr_line' id='line_1_29' title="bbox 1123 3494 2689 3590; baseline 0.002 -26"><span class='ocrx_word' id='word_1_172' title='bbox 1123 3498 1358 3590; x_wconf 78' lang='lat' dir='ltr'><strong>primae</strong></span> <span class='ocrx_word' id='word_1_173' title='bbox 1399 3494 1736 3589; x_wconf 90' lang='lat' dir='ltr'><strong>spondilis</strong></span> <span class='ocrx_word' id='word_1_174' title='bbox 1783 3496 2112 3579; x_wconf 86' lang='lat' dir='ltr'><strong>ascendit,</strong></span> <span class='ocrx_word' id='word_1_175' title='bbox 2153 3506 2221 3568; x_wconf 89' lang='lat' dir='ltr'><strong>et</strong></span> <span class='ocrx_word' id='word_1_176' title='bbox 2263 3498 2338 3568; x_wconf 90' lang='lat' dir='ltr'><strong>in</strong></span> <span class='ocrx_word' id='word_1_177' title='bbox 2371 3499 2689 3567; x_wconf 83' lang='lat' dir='ltr'><strong>vacuita-</strong></span> 
     </span>
     <span class='ocr_line' id='line_1_30' title="bbox 1120 3602 2687 3697; baseline 0 -25"><span class='ocrx_word' id='word_1_178' title='bbox 1120 3613 1257 3673; x_wconf 79' lang='lat' dir='ltr'><strong>tem</strong></span> <span class='ocrx_word' id='word_1_179' title='bbox 1325 3626 1478 3696; x_wconf 79' lang='lat' dir='ltr'><strong>quae</strong></span> <span class='ocrx_word' id='word_1_180' title='bbox 1544 3603 1619 3671; x_wconf 88' lang='lat' dir='ltr'><strong>in</strong></span> <span class='ocrx_word' id='word_1_181' title='bbox 1674 3602 1897 3695; x_wconf 83' lang='lat' dir='ltr'><strong>capite</strong></span> <span class='ocrx_word' id='word_1_182' title='bbox 1959 3613 2087 3687; x_wconf 86' lang='lat' dir='ltr'><strong>est,</strong></span> <span class='ocrx_word' id='word_1_183' title='bbox 2146 3603 2549 3697; x_wconf 75' lang='lat' dir='ltr'><strong>ingreditur,</strong></span> <span class='ocrx_word' id='word_1_184' title='bbox 2590 3604 2687 3672; x_wconf 86' lang='lat' dir='ltr'><strong>ita</strong></span> 
     </span>
     <span class='ocr_line' id='line_1_31' title="bbox 1119 3711 2684 3804; baseline 0.001 -25"><span class='ocrx_word' id='word_1_185' title='bbox 1119 3711 1304 3804; x_wconf 89' lang='lat' dir='ltr'><strong>quod</strong></span> <span class='ocrx_word' id='word_1_186' title='bbox 1333 3712 1560 3802; x_wconf 88' lang='lat' dir='ltr'><strong>ipsum</strong></span> <span class='ocrx_word' id='word_1_187' title='bbox 1631 3711 2025 3780; x_wconf 73' lang='lat' dir='ltr'><strong>concavitas</strong></span> <span class='ocrx_word' id='word_1_188' title='bbox 2078 3734 2232 3804; x_wconf 78' lang='lat' dir='ltr'><strong>quae</strong></span> <span class='ocrx_word' id='word_1_189' title='bbox 2269 3711 2481 3782; x_wconf 84' lang='lat' dir='ltr'><strong>estin</strong></span> <span class='ocrx_word' id='word_1_190' title='bbox 2527 3734 2684 3781; x_wconf 81' lang='lat' dir='ltr'><strong>osse</strong></span> 
     </span>
     <span class='ocr_line' id='line_1_32' title="bbox 1123 3817 2682 3913; baseline -0.001 -23"><span class='ocrx_word' id='word_1_191' title='bbox 1123 3820 1389 3912; x_wconf 83' lang='lat' dir='ltr'><strong>capitis,</strong></span> <span class='ocrx_word' id='word_1_192' title='bbox 1441 3817 1822 3889; x_wconf 87' lang='lat' dir='ltr'><strong>circumdat</strong></span> <span class='ocrx_word' id='word_1_193' title='bbox 1860 3821 2162 3888; x_wconf 90' lang='lat' dir='ltr'><strong>anterius</strong></span> <span class='ocrx_word' id='word_1_194' title='bbox 2205 3827 2272 3890; x_wconf 89' lang='lat' dir='ltr'><strong>et</strong></span> <span class='ocrx_word' id='word_1_195' title='bbox 2312 3819 2682 3913; x_wconf 85' lang='lat' dir='ltr'><strong>posterius,</strong></span> 
     </span>
     <span class='ocr_line' id='line_1_33' title="bbox 1120 3927 2683 4022; baseline 0.001 -25"><span class='ocrx_word' id='word_1_196' title='bbox 1120 3939 1186 3998; x_wconf 79' lang='lat' dir='ltr'><strong>et</strong></span> <span class='ocrx_word' id='word_1_197' title='bbox 1239 3928 1605 4020; x_wconf 84' lang='lat' dir='ltr'><strong>colligatur</strong></span> <span class='ocrx_word' id='word_1_198' title='bbox 1648 3927 1713 3996; x_wconf 86' lang='lat' dir='ltr'><strong>ei</strong></span> <span class='ocrx_word' id='word_1_199' title='bbox 1762 3927 2154 3997; x_wconf 73' lang='lat' dir='ltr'><strong>fortissimis</strong></span> <span class='ocrx_word' id='word_1_200' title='bbox 2210 3929 2603 4022; x_wconf 74' lang='lat' dir='ltr'><strong>ligamentis</strong></span> <span class='ocrx_word' id='word_1_201' title='bbox 2665 3952 2683 3998; x_wconf 73' lang='grc' dir='ltr'><em>τ</em></span> 
     </span>
     <span class='ocr_line' id='line_1_34' title="bbox 1120 4034 2688 4129; baseline 0 -25"><span class='ocrx_word' id='word_1_202' title='bbox 1120 4035 1305 4129; x_wconf 87' lang='lat' dir='ltr'><strong>quod</strong></span> <span class='ocrx_word' id='word_1_203' title='bbox 1341 4044 1586 4104; x_wconf 82' lang='lat' dir='ltr'><strong>natura</strong></span> <span class='ocrx_word' id='word_1_204' title='bbox 1615 4034 1773 4104; x_wconf 86' lang='lat' dir='ltr'><strong>ideo</strong></span> <span class='ocrx_word' id='word_1_205' title='bbox 1811 4034 1993 4118; x_wconf 78' lang='lat' dir='ltr'><strong>fecit,</strong></span> <span class='ocrx_word' id='word_1_206' title='bbox 2025 4045 2100 4104; x_wconf 91' lang='lat' dir='ltr'><strong>ut</strong></span> <span class='ocrx_word' id='word_1_207' title='bbox 2138 4037 2226 4105; x_wconf 88' lang='lat' dir='ltr'><strong>sit</strong></span> <span class='ocrx_word' id='word_1_208' title='bbox 2255 4035 2434 4105; x_wconf 89' lang='lat' dir='ltr'><strong>latus</strong></span> <span class='ocrx_word' id='word_1_209' title='bbox 2470 4058 2688 4128; x_wconf 90' lang='lat' dir='ltr'><strong>spon-</strong></span> 
     </span>
     <span class='ocr_line' id='line_1_35' title="bbox 1119 4142 2688 4235; baseline 0 -24"><span class='ocrx_word' id='word_1_210' title='bbox 1119 4142 1273 4212; x_wconf 86' lang='lat' dir='ltr'><strong>dilis</strong></span> <span class='ocrx_word' id='word_1_211' title='bbox 1314 4143 1550 4235; x_wconf 69' lang='lat' dir='ltr'><strong>primaee</strong></span> <span class='ocrx_word' id='word_1_212' title='bbox 1596 4142 1818 4234; x_wconf 82' lang='lat' dir='ltr'><strong>magis</strong></span> <span class='ocrx_word' id='word_1_213' title='bbox 1854 4142 2167 4212; x_wconf 86' lang='lat' dir='ltr'><strong>strictum</strong></span> <span class='ocrx_word' id='word_1_214' title='bbox 2197 4152 2479 4235; x_wconf 86' lang='lat' dir='ltr'><strong>propter</strong></span> <span class='ocrx_word' id='word_1_215' title='bbox 2521 4145 2688 4212; x_wconf 84' lang='lat' dir='ltr'><strong>stri-</strong></span> 
     </span>
     <span class='ocr_line' id='line_1_36' title="bbox 1121 4247 2688 4342; baseline 0.001 -25"><span class='ocrx_word' id='word_1_216' title='bbox 1121 4258 1383 4318; x_wconf 85' lang='lat' dir='ltr'><strong>cturam</strong></span> <span class='ocrx_word' id='word_1_217' title='bbox 1436 4247 1570 4316; x_wconf 82' lang='lat' dir='ltr'><strong>loci</strong></span> <span class='ocrx_word' id='word_1_218' title='bbox 1614 4271 1632 4317; x_wconf 71' lang='grc' dir='ltr'><strong><em>ε</em></strong></span> <span class='ocrx_word' id='word_1_219' title='bbox 1693 4248 1749 4316; x_wconf 85' lang='lat' dir='ltr'><strong>si</strong></span> <span class='ocrx_word' id='word_1_220' title='bbox 1789 4250 1975 4318; x_wconf 86' lang='lat' dir='ltr'><strong>enim</strong></span> <span class='ocrx_word' id='word_1_221' title='bbox 2028 4272 2069 4318; x_wconf 87' lang='lat' dir='ltr'><strong>a</strong></span> <span class='ocrx_word' id='word_1_222' title='bbox 2121 4250 2346 4341; x_wconf 86' lang='lat' dir='ltr'><strong>prima</strong></span> <span class='ocrx_word' id='word_1_223' title='bbox 2386 4249 2688 4342; x_wconf 81' lang='lat' dir='ltr'><strong>spondili</strong></span> 
     </span>
     <span class='ocr_line' id='line_1_37' title="bbox 1121 4338 2690 4446; baseline 0 -25"><span class='ocrx_word' id='word_1_224' title='bbox 1121 4338 1293 4422; x_wconf 75' lang='lat' dir='ltr'><strong>duos</strong></span> <span class='ocrx_word' id='word_1_225' title='bbox 1321 4359 1554 4420; x_wconf 87' lang='lat' dir='ltr'><strong>motus</strong></span> <span class='ocrx_word' id='word_1_226' title='bbox 1591 4360 1800 4443; x_wconf 86' lang='lat' dir='ltr'><strong>caput</strong></span> <span class='ocrx_word' id='word_1_227' title='bbox 1850 4350 2154 4433; x_wconf 86' lang='lat' dir='ltr'><strong>baberet,</strong></span> <span class='ocrx_word' id='word_1_228' title='bbox 2189 4359 2536 4446; x_wconf 82' lang='lat' dir='ltr'><strong>oporteret</strong></span> <span class='ocrx_word' id='word_1_229' title='bbox 2576 4353 2690 4445; x_wconf 86' lang='lat' dir='ltr'><strong>ip-</strong></span> 
     </span>
     <span class='ocr_line' id='line_1_38' title="bbox 1121 4457 1878 4529; baseline -0.001 0"><span class='ocrx_word' id='word_1_230' title='bbox 1121 4482 1270 4529; x_wconf 89' lang='lat' dir='ltr'><strong>sum</strong></span> <span class='ocrx_word' id='word_1_231' title='bbox 1305 4459 1537 4528; x_wconf 90' lang='lat' dir='ltr'><strong>minus</strong></span> <span class='ocrx_word' id='word_1_232' title='bbox 1578 4457 1878 4529; x_wconf 81' lang='lat' dir='ltr'><strong>dilatari.</strong></span> 
     </span>
    </p>
   </div>
   <div class='ocr_carea' id='block_1_3' title="bbox 1122 4574 2696 5854">
    <p class='ocr_par' dir='ltr' id='par_1_4' title="bbox 1122 4574 2696 5740">
     <span class='ocr_line' id='line_1_39' title="bbox 1217 4574 2690 4670; baseline 0.001 -27"><span class='ocrx_word' id='word_1_233' title='bbox 1217 4575 1336 4644; x_wconf 82' lang='lat' dir='ltr'><strong>Est</strong></span> <span class='ocrx_word' id='word_1_234' title='bbox 1373 4583 1604 4645; x_wconf 83' lang='lat' dir='ltr'><strong>autem</strong></span> <span class='ocrx_word' id='word_1_235' title='bbox 1647 4574 1885 4645; x_wconf 76' lang='lat' dir='ltr'><strong>adliuc&#39;</strong></span> <span class='ocrx_word' id='word_1_236' title='bbox 1926 4576 2060 4645; x_wconf 89' lang='lat' dir='ltr'><strong>alia</strong></span> <span class='ocrx_word' id='word_1_237' title='bbox 2103 4579 2489 4670; x_wconf 82' lang='lat' dir='ltr'><strong>proprietas</strong></span> <span class='ocrx_word' id='word_1_238' title='bbox 2553 4577 2690 4669; x_wconf 88' lang='lat' dir='ltr'><strong>pri·</strong></span> 
     </span>
     <span class='ocr_line' id='line_1_40' title="bbox 1123 4680 2690 4776; baseline 0.002 -25"><span class='ocrx_word' id='word_1_239' title='bbox 1123 4706 1253 4752; x_wconf 75' lang='lat' dir='ltr'><strong>mre</strong></span> <span class='ocrx_word' id='word_1_240' title='bbox 1283 4680 1646 4775; x_wconf 89' lang='lat' dir='ltr'><strong>spondilis,</strong></span> <span class='ocrx_word' id='word_1_241' title='bbox 1671 4683 1931 4752; x_wconf 85' lang='lat' dir='ltr'><strong>scilicet</strong></span> <span class='ocrx_word' id='word_1_242' title='bbox 1959 4685 2147 4776; x_wconf 89' lang='lat' dir='ltr'><strong>quod</strong></span> <span class='ocrx_word' id='word_1_243' title='bbox 2165 4707 2305 4753; x_wconf 91' lang='lat' dir='ltr'><strong>non</strong></span> <span class='ocrx_word' id='word_1_244' title='bbox 2337 4684 2546 4754; x_wconf 86' lang='lat' dir='ltr'><strong>habet</strong></span> <span class='ocrx_word' id='word_1_245' title='bbox 2572 4685 2690 4754; x_wconf 86' lang='lat' dir='ltr'><strong>ad-</strong></span> 
     </span>
     <span class='ocr_line' id='line_1_41' title="bbox 1123 4788 2687 4882; baseline 0.003 -24"><span class='ocrx_word' id='word_1_246' title='bbox 1123 4790 1502 4859; x_wconf 83' lang='lat' dir='ltr'><strong>ditamenta</strong></span> <span class='ocrx_word' id='word_1_247' title='bbox 1567 4788 1688 4860; x_wconf 84' lang='lat' dir='ltr'><strong>illa</strong></span> <span class='ocrx_word' id='word_1_248' title='bbox 1733 4813 1886 4882; x_wconf 76' lang='lat' dir='ltr'><strong>quoe</strong></span> <span class='ocrx_word' id='word_1_249' title='bbox 1913 4791 2212 4861; x_wconf 80' lang='lat' dir='ltr'><strong>diximus</strong></span> <span class='ocrx_word' id='word_1_250' title='bbox 2240 4793 2310 4861; x_wconf 88' lang='lat' dir='ltr'><strong>in</strong></span> <span class='ocrx_word' id='word_1_251' title='bbox 2348 4791 2504 4863; x_wconf 82' lang='lat' dir='ltr'><strong>aliis</strong></span> <span class='ocrx_word' id='word_1_252' title='bbox 2538 4816 2687 4862; x_wconf 84' lang='lat' dir='ltr'><strong>esse</strong></span> 
     </span>
     <span class='ocr_line' id='line_1_42' title="bbox 1122 4896 2691 4994; baseline 0.001 -26"><span class='ocrx_word' id='word_1_253' title='bbox 1122 4896 1551 4990; x_wconf 83' lang='lat' dir='ltr'><strong>spondilibus</strong></span> <span class='ocrx_word' id='word_1_254' title='bbox 1594 4921 1615 4967; x_wconf 88' lang='lat'>:</span> <span class='ocrx_word' id='word_1_255' title='bbox 1686 4922 1827 4968; x_wconf 88' lang='lat' dir='ltr'><strong>non</strong></span> <span class='ocrx_word' id='word_1_256' title='bbox 1902 4901 2085 4969; x_wconf 80' lang='lat' dir='ltr'><strong>enim</strong></span> <span class='ocrx_word' id='word_1_257' title='bbox 2125 4901 2385 4994; x_wconf 82' lang='lat' dir='ltr'><strong>indiget</strong></span> <span class='ocrx_word' id='word_1_258' title='bbox 2438 4898 2691 4990; x_wconf 84' lang='lat' dir='ltr'><strong>hujus·</strong></span> 
     </span>
     <span class='ocr_line' id='line_1_43' title="bbox 1124 5004 2692 5100; baseline 0.001 -27"><span class='ocrx_word' id='word_1_259' title='bbox 1124 5004 1310 5074; x_wconf 89' lang='lat' dir='ltr'><strong>modi</strong></span> <span class='ocrx_word' id='word_1_260' title='bbox 1338 5004 1555 5096; x_wconf 83' lang='lat' dir='ltr'><strong>spinis</strong></span> <span class='ocrx_word' id='word_1_261' title='bbox 1592 5005 2158 5088; x_wconf 88' lang='lat' dir='ltr'><strong>custodientibus,</strong></span> <span class='ocrx_word' id='word_1_262' title='bbox 2199 5007 2491 5100; x_wconf 88' lang='lat' dir='ltr'><strong>eoquod</strong></span> <span class='ocrx_word' id='word_1_263' title='bbox 2517 5006 2692 5077; x_wconf 88' lang='lat' dir='ltr'><strong>sub-</strong></span> 
     </span>
     <span class='ocr_line' id='line_1_44' title="bbox 1124 5112 2690 5207; baseline 0.003 -27"><span class='ocrx_word' id='word_1_264' title='bbox 1124 5134 1346 5181; x_wconf 83' lang='lat' dir='ltr'><strong>mersa</strong></span> <span class='ocrx_word' id='word_1_265' title='bbox 1409 5121 1517 5182; x_wconf 92' lang='lat' dir='ltr'><strong>est</strong></span> <span class='ocrx_word' id='word_1_266' title='bbox 1568 5112 1908 5206; x_wconf 87' lang='lat' dir='ltr'><strong>spondilis</strong></span> <span class='ocrx_word' id='word_1_267' title='bbox 1968 5114 2193 5207; x_wconf 89' lang='lat' dir='ltr'><strong>prima</strong></span> <span class='ocrx_word' id='word_1_268' title='bbox 2234 5115 2307 5184; x_wconf 91' lang='lat' dir='ltr'><strong>in</strong></span> <span class='ocrx_word' id='word_1_269' title='bbox 2360 5115 2690 5186; x_wconf 85' lang='lat' dir='ltr'><strong>custodiis</strong></span> 
     </span>
     <span class='ocr_line' id='line_1_45' title="bbox 1125 5217 2690 5312; baseline 0.002 -24"><span class='ocrx_word' id='word_1_270' title='bbox 1125 5218 1441 5288; x_wconf 70' lang='lat' dir='ltr'><strong>secundae</strong></span> <span class='ocrx_word' id='word_1_271' title='bbox 1482 5217 1821 5310; x_wconf 86' lang='lat' dir='ltr'><strong>spondilis</strong></span> <span class='ocrx_word' id='word_1_272' title='bbox 1851 5241 1870 5289; x_wconf 74' lang='grc' dir='ltr'><strong><em>ε</em></strong></span> <span class='ocrx_word' id='word_1_273' title='bbox 1902 5242 2124 5312; x_wconf 86' lang='lat' dir='ltr'><strong>neque</strong></span> <span class='ocrx_word' id='word_1_274' title='bbox 2160 5218 2371 5291; x_wconf 84' lang='lat' dir='ltr'><strong>habet</strong></span> <span class='ocrx_word' id='word_1_275' title='bbox 2398 5220 2566 5299; x_wconf 87' lang='lat' dir='ltr'><strong>alas,</strong></span> <span class='ocrx_word' id='word_1_276' title='bbox 2606 5243 2690 5291; x_wconf 85' lang='lat' dir='ltr'><strong>eo</strong></span> 
     </span>
     <span class='ocr_line' id='line_1_46' title="bbox 1127 5322 2694 5416; baseline 0.003 -24"><span class='ocrx_word' id='word_1_277' title='bbox 1127 5324 1311 5416; x_wconf 88' lang='lat' dir='ltr'><strong>quod</strong></span> <span class='ocrx_word' id='word_1_278' title='bbox 1366 5322 1566 5393; x_wconf 76' lang='lat' dir='ltr'><strong>inulti</strong></span> <span class='ocrx_word' id='word_1_279' title='bbox 1619 5324 1816 5393; x_wconf 79' lang='lat' dir='ltr'><strong>nervi</strong></span> <span class='ocrx_word' id='word_1_280' title='bbox 1865 5333 1933 5395; x_wconf 87' lang='lat' dir='ltr'><strong>et</strong></span> <span class='ocrx_word' id='word_1_281' title='bbox 1986 5327 2281 5395; x_wconf 89' lang='lat' dir='ltr'><strong>musculi</strong></span> <span class='ocrx_word' id='word_1_282' title='bbox 2323 5335 2483 5396; x_wconf 87' lang='lat' dir='ltr'><strong>sunt</strong></span> <span class='ocrx_word' id='word_1_283' title='bbox 2512 5328 2694 5397; x_wconf 86' lang='lat' dir='ltr'><strong>circa</strong></span> 
     </span>
     <span class='ocr_line' id='line_1_47' title="bbox 1129 5431 2696 5525; baseline 0.004 -27"><span class='ocrx_word' id='word_1_284' title='bbox 1129 5433 1343 5521; x_wconf 87' lang='lat' dir='ltr'><strong>ipsam</strong></span> <span class='ocrx_word' id='word_1_285' title='bbox 1373 5442 1656 5524; x_wconf 83' lang='lat' dir='ltr'><strong>propter</strong></span> <span class='ocrx_word' id='word_1_286' title='bbox 1693 5431 2011 5525; x_wconf 88' lang='lat' dir='ltr'><strong>principii</strong></span> <span class='ocrx_word' id='word_1_287' title='bbox 2051 5456 2425 5504; x_wconf 82' lang='lat' dir='ltr'><strong>nervorum</strong></span> <span class='ocrx_word' id='word_1_288' title='bbox 2453 5434 2696 5505; x_wconf 86' lang='lat' dir='ltr'><strong>vacui-</strong></span> 
     </span>
     <span class='ocr_line' id='line_1_48' title="bbox 1128 5539 2693 5636; baseline 0.003 -28"><span class='ocrx_word' id='word_1_289' title='bbox 1128 5546 1336 5608; x_wconf 80' lang='lat' dir='ltr'><strong>tatem</strong></span> <span class='ocrx_word' id='word_1_290' title='bbox 1366 5540 1554 5630; x_wconf 86' lang='lat' dir='ltr'><strong>quod</strong></span> <span class='ocrx_word' id='word_1_291' title='bbox 1582 5549 1684 5610; x_wconf 87' lang='lat' dir='ltr'><strong>est</strong></span> <span class='ocrx_word' id='word_1_292' title='bbox 1712 5549 1944 5635; x_wconf 87' lang='lat' dir='ltr'><strong>caput,</strong></span> <span class='ocrx_word' id='word_1_293' title='bbox 1976 5539 2313 5612; x_wconf 89' lang='lat' dir='ltr'><strong>ethorum</strong></span> <span class='ocrx_word' id='word_1_294' title='bbox 2353 5544 2693 5636; x_wconf 87' lang='lat' dir='ltr'><strong>positione</strong></span> 
     </span>
     <span class='ocr_line' id='line_1_49' title="bbox 1130 5645 1722 5740; baseline 0.003 -25"><span class='ocrx_word' id='word_1_295' title='bbox 1130 5645 1251 5716; x_wconf 75' lang='lat' dir='ltr'><strong>alae</strong></span> <span class='ocrx_word' id='word_1_296' title='bbox 1279 5646 1722 5740; x_wconf 88' lang='lat' dir='ltr'><strong>impedirent.</strong></span> 
     </span>
    </p>

    <p class='ocr_par' dir='ltr' id='par_1_5' title="bbox 1215 5753 2696 5854">
     <span class='ocr_line' id='line_1_50' title="bbox 1215 5753 2696 5854; baseline 0.006 -32"><span class='ocrx_word' id='word_1_297' title='bbox 1215 5753 1463 5826; x_wconf 84' lang='lat' dir='ltr'><strong>Adhuc</strong></span> <span class='ocrx_word' id='word_1_298' title='bbox 1536 5764 1771 5826; x_wconf 81' lang='lat' dir='ltr'><strong>autern</strong></span> <span class='ocrx_word' id='word_1_299' title='bbox 1817 5758 2017 5828; x_wconf 85' lang='lat' dir='ltr'><strong>tertia</strong></span> <span class='ocrx_word' id='word_1_300' title='bbox 2059 5760 2442 5854; x_wconf 86' lang='lat' dir='ltr'><strong>proprietas</strong></span> <span class='ocrx_word' id='word_1_301' title='bbox 2487 5759 2696 5851; x_wconf 83' lang='lat' dir='ltr'><strong>hujus</strong></span> 
     </span>
    </p>
   </div>
   <div class='ocr_carea' id='block_1_4' title="bbox 4270 430 4354 496">
    <p class='ocr_par' dir='ltr' id='par_1_6' title="bbox 4270 430 4354 496">
     <span class='ocr_line' id='line_1_51' title="bbox 4270 430 4354 496; baseline 0.012 -1"><span class='ocrx_word' id='word_1_302' title='bbox 4270 430 4354 496; x_wconf 77' lang='lat'><strong>67</strong></span> 
     </span>
    </p>
   </div>
   <div class='ocr_carea' id='block_1_5' title="bbox 2773 597 4355 3593">
    <p class='ocr_par' dir='ltr' id='par_1_7' title="bbox 2786 597 4355 1653">
     <span class='ocr_line' id='line_1_52' title="bbox 2793 597 4355 690; baseline 0 -23"><span class='ocrx_word' id='word_1_303' title='bbox 2793 597 3123 689; x_wconf 89' lang='lat' dir='ltr'><strong>spondilis</strong></span> <span class='ocrx_word' id='word_1_304' title='bbox 3152 607 3277 677; x_wconf 91' lang='lat' dir='ltr'><strong>est,</strong></span> <span class='ocrx_word' id='word_1_305' title='bbox 3305 598 3488 688; x_wconf 85' lang='lat' dir='ltr'><strong>quod</strong></span> <span class='ocrx_word' id='word_1_306' title='bbox 3519 600 3706 666; x_wconf 76' lang='lat' dir='ltr'><strong>nervi</strong></span> <span class='ocrx_word' id='word_1_307' title='bbox 3740 599 3808 664; x_wconf 93' lang='lat' dir='ltr'><strong>in</strong></span> <span class='ocrx_word' id='word_1_308' title='bbox 3841 621 3922 666; x_wconf 86' lang='lat' dir='ltr'><strong>ea</strong></span> <span class='ocrx_word' id='word_1_309' title='bbox 3961 621 4102 666; x_wconf 91' lang='lat' dir='ltr'><strong>non</strong></span> <span class='ocrx_word' id='word_1_310' title='bbox 4134 602 4355 690; x_wconf 86' lang='lat' dir='ltr'><strong>ingre-</strong></span> 
     </span>
     <span class='ocr_line' id='line_1_53' title="bbox 2795 706 4352 794; baseline -0.001 -21"><span class='ocrx_word' id='word_1_311' title='bbox 2795 706 3075 783; x_wconf 84' lang='lat' dir='ltr'><strong>diuntur</strong></span> <span class='ocrx_word' id='word_1_312' title='bbox 3106 730 3144 774; x_wconf 91' lang='lat' dir='ltr'><strong>a</strong></span> <span class='ocrx_word' id='word_1_313' title='bbox 3174 707 3441 775; x_wconf 89' lang='lat' dir='ltr'><strong>duobus</strong></span> <span class='ocrx_word' id='word_1_314' title='bbox 3480 707 3804 775; x_wconf 87' lang='lat' dir='ltr'><strong>lateribus</strong></span> <span class='ocrx_word' id='word_1_315' title='bbox 3850 708 4022 794; x_wconf 88' lang='lat' dir='ltr'><strong>ejus,</strong></span> <span class='ocrx_word' id='word_1_316' title='bbox 4076 709 4252 775; x_wconf 87' lang='lat' dir='ltr'><strong>sicut</strong></span> <span class='ocrx_word' id='word_1_317' title='bbox 4283 709 4352 773; x_wconf 90' lang='lat' dir='ltr'><strong>in</strong></span> 
     </span>
     <span class='ocr_line' id='line_1_54' title="bbox 2794 813 4353 905; baseline 0 -24"><span class='ocrx_word' id='word_1_318' title='bbox 2794 813 2967 893; x_wconf 88' lang='lat' dir='ltr'><strong>aliis,</strong></span> <span class='ocrx_word' id='word_1_319' title='bbox 3030 816 3148 884; x_wconf 88' lang='lat' dir='ltr'><strong>sed</strong></span> <span class='ocrx_word' id='word_1_320' title='bbox 3195 839 3316 905; x_wconf 90' lang='lat' dir='ltr'><strong>per</strong></span> <span class='ocrx_word' id='word_1_321' title='bbox 3355 815 3491 882; x_wconf 87' lang='lat' dir='ltr'><strong>duo</strong></span> <span class='ocrx_word' id='word_1_322' title='bbox 3547 815 3907 891; x_wconf 80' lang='lat' dir='ltr'><strong>foramina,</strong></span> <span class='ocrx_word' id='word_1_323' title='bbox 3962 838 4114 904; x_wconf 81' lang='lat' dir='ltr'><strong>quae</strong></span> <span class='ocrx_word' id='word_1_324' title='bbox 4160 816 4232 882; x_wconf 89' lang='lat' dir='ltr'><strong>in</strong></span> <span class='ocrx_word' id='word_1_325' title='bbox 4273 838 4353 883; x_wconf 89' lang='lat' dir='ltr'><strong>ea</strong></span> 
     </span>
     <span class='ocr_line' id='line_1_55' title="bbox 2794 920 4354 1012; baseline 0 -23"><span class='ocrx_word' id='word_1_326' title='bbox 2794 925 3128 1012; x_wconf 83' lang='lat' dir='ltr'><strong>posterius</strong></span> <span class='ocrx_word' id='word_1_327' title='bbox 3174 946 3410 990; x_wconf 77' lang='lat' dir='ltr'><strong>versus</strong></span> <span class='ocrx_word' id='word_1_328' title='bbox 3468 923 3761 990; x_wconf 82' lang='lat' dir='ltr'><strong>exterius</strong></span> <span class='ocrx_word' id='word_1_329' title='bbox 3812 920 3970 988; x_wconf 85' lang='lat' dir='ltr'><strong>colli</strong></span> <span class='ocrx_word' id='word_1_330' title='bbox 4023 921 4109 988; x_wconf 88' lang='lat' dir='ltr'><strong>ad</strong></span> <span class='ocrx_word' id='word_1_331' title='bbox 4157 946 4354 1011; x_wconf 88' lang='lat' dir='ltr'><strong>supe-</strong></span> 
     </span>
     <span class='ocr_line' id='line_1_56' title="bbox 2791 1029 4349 1122; baseline -0.002 -22"><span class='ocrx_word' id='word_1_332' title='bbox 2791 1034 3044 1100; x_wconf 83' lang='lat' dir='ltr'><strong>riorem</strong></span> <span class='ocrx_word' id='word_1_333' title='bbox 3083 1042 3341 1122; x_wconf 90' lang='lat' dir='ltr'><strong>partem</strong></span> <span class='ocrx_word' id='word_1_334' title='bbox 3373 1031 3681 1098; x_wconf 87' lang='lat' dir='ltr'><strong>tendunt.</strong></span> <span class='ocrx_word' id='word_1_335' title='bbox 3727 1029 3944 1097; x_wconf 81' lang='lat' dir='ltr'><strong>Aliter</strong></span> <span class='ocrx_word' id='word_1_336' title='bbox 3993 1030 4178 1097; x_wconf 89' lang='lat' dir='ltr'><strong>enim</strong></span> <span class='ocrx_word' id='word_1_337' title='bbox 4222 1054 4349 1097; x_wconf 86' lang='lat' dir='ltr'><strong>vc-</strong></span> 
     </span>
     <span class='ocr_line' id='line_1_57' title="bbox 2791 1137 4345 1227; baseline -0.001 -21"><span class='ocrx_word' id='word_1_338' title='bbox 2791 1139 3075 1207; x_wconf 90' lang='lat' dir='ltr'><strong>hemens</strong></span> <span class='ocrx_word' id='word_1_339' title='bbox 3106 1138 3671 1227; x_wconf 84' lang='lat' dir='ltr'><strong>impedimentum</strong></span> <span class='ocrx_word' id='word_1_340' title='bbox 3721 1137 3990 1205; x_wconf 81' lang='lat' dir='ltr'><strong>afferret</strong></span> <span class='ocrx_word' id='word_1_341' title='bbox 4039 1139 4241 1227; x_wconf 84' lang='lat' dir='ltr'><strong>capiti</strong></span> <span class='ocrx_word' id='word_1_342' title='bbox 4275 1139 4345 1204; x_wconf 88' lang='lat' dir='ltr'><strong>in</strong></span> 
     </span>
     <span class='ocr_line' id='line_1_58' title="bbox 2789 1242 4346 1334; baseline 0.001 -24"><span class='ocrx_word' id='word_1_343' title='bbox 2789 1246 2930 1311; x_wconf 89' lang='lat' dir='ltr'><strong>suis</strong></span> <span class='ocrx_word' id='word_1_344' title='bbox 2958 1242 3280 1311; x_wconf 88' lang='lat' dir='ltr'><strong>motibus.</strong></span> <span class='ocrx_word' id='word_1_345' title='bbox 3311 1242 3484 1321; x_wconf 88' lang='lat' dir='ltr'><strong>Quia</strong></span> <span class='ocrx_word' id='word_1_346' title='bbox 3515 1267 3677 1309; x_wconf 77' lang='lat' dir='ltr'><strong>vero</strong></span> <span class='ocrx_word' id='word_1_347' title='bbox 3710 1245 3855 1333; x_wconf 88' lang='lat' dir='ltr'><strong>ipsa</strong></span> <span class='ocrx_word' id='word_1_348' title='bbox 3884 1244 4215 1334; x_wconf 88' lang='lat' dir='ltr'><strong>spondilis</strong></span> <span class='ocrx_word' id='word_1_349' title='bbox 4246 1254 4346 1313; x_wconf 87' lang='lat' dir='ltr'><strong>est</strong></span> 
     </span>
     <span class='ocr_line' id='line_1_59' title="bbox 2788 1349 4348 1443; baseline 0.001 -25"><span class='ocrx_word' id='word_1_350' title='bbox 2788 1375 3020 1443; x_wconf 80' lang='lat' dir='ltr'><strong>parva,</strong></span> <span class='ocrx_word' id='word_1_351' title='bbox 3056 1349 3207 1420; x_wconf 85' lang='lat' dir='ltr'><strong>ideo</strong></span> <span class='ocrx_word' id='word_1_352' title='bbox 3266 1352 3602 1420; x_wconf 84' lang='lat' dir='ltr'><strong>foramina</strong></span> <span class='ocrx_word' id='word_1_353' title='bbox 3642 1375 3726 1418; x_wconf 82' lang='lat' dir='ltr'><strong>ex</strong></span> <span class='ocrx_word' id='word_1_354' title='bbox 3765 1353 4014 1442; x_wconf 89' lang='lat' dir='ltr'><strong>quibus</strong></span> <span class='ocrx_word' id='word_1_355' title='bbox 4063 1355 4348 1420; x_wconf 78' lang='lat' dir='ltr'><strong>veniunt</strong></span> 
     </span>
     <span class='ocr_line' id='line_1_60' title="bbox 2788 1456 4347 1546; baseline 0.001 -24"><span class='ocrx_word' id='word_1_356' title='bbox 2788 1456 2980 1523; x_wconf 78' lang='lat' dir='ltr'><strong>nervi</strong></span> <span class='ocrx_word' id='word_1_357' title='bbox 3011 1456 3130 1532; x_wconf 86' lang='lat' dir='ltr'><strong>illi,</strong></span> <span class='ocrx_word' id='word_1_358' title='bbox 3168 1463 3325 1524; x_wconf 88' lang='lat' dir='ltr'><strong>sunt</strong></span> <span class='ocrx_word' id='word_1_359' title='bbox 3361 1456 3557 1523; x_wconf 82' lang='lat' dir='ltr'><strong>valde</strong></span> <span class='ocrx_word' id='word_1_360' title='bbox 3589 1479 3824 1546; x_wconf 79' lang='lat' dir='ltr'><strong>parva,</strong></span> <span class='ocrx_word' id='word_1_361' title='bbox 3862 1466 3928 1523; x_wconf 88' lang='lat' dir='ltr'><strong>et</strong></span> <span class='ocrx_word' id='word_1_362' title='bbox 3958 1457 4150 1523; x_wconf 73' lang='lat' dir='ltr'><strong>nervi</strong></span> <span class='ocrx_word' id='word_1_363' title='bbox 4181 1479 4347 1546; x_wconf 89' lang='lat' dir='ltr'><strong>par-</strong></span> 
     </span>
     <span class='ocr_line' id='line_1_61' title="bbox 2786 1562 3756 1653; baseline -0.001 -24"><span class='ocrx_word' id='word_1_364' title='bbox 2786 1563 2855 1629; x_wconf 87' lang='lat' dir='ltr'><strong>vi</strong></span> <span class='ocrx_word' id='word_1_365' title='bbox 2885 1571 3163 1653; x_wconf 86' lang='lat' dir='ltr'><strong>propter</strong></span> <span class='ocrx_word' id='word_1_366' title='bbox 3189 1564 3578 1653; x_wconf 84' lang='lat' dir='ltr'><strong>angustiam</strong></span> <span class='ocrx_word' id='word_1_367' title='bbox 3601 1562 3756 1630; x_wconf 90' lang='lat' dir='ltr'><strong>loci.</strong></span> 
     </span>
    </p>

    <p class='ocr_par' dir='ltr' id='par_1_8' title="bbox 2773 1667 4346 3593">
     <span class='ocr_line' id='line_1_62' title="bbox 2879 1667 4345 1759; baseline -0.001 -22"><span class='ocrx_word' id='word_1_368' title='bbox 2879 1668 3192 1738; x_wconf 86' lang='lat' dir='ltr'><strong>Secunda</strong></span> <span class='ocrx_word' id='word_1_369' title='bbox 3230 1677 3459 1737; x_wconf 90' lang='lat' dir='ltr'><strong>autem</strong></span> <span class='ocrx_word' id='word_1_370' title='bbox 3517 1668 3845 1759; x_wconf 87' lang='lat' dir='ltr'><strong>spondilis</strong></span> <span class='ocrx_word' id='word_1_371' title='bbox 3902 1667 4111 1736; x_wconf 87' lang='lat' dir='ltr'><strong>habet</strong></span> <span class='ocrx_word' id='word_1_372' title='bbox 4158 1668 4345 1736; x_wconf 89' lang='lat' dir='ltr'><strong>fora-</strong></span> 
     </span>
     <span class='ocr_line' id='line_1_63' title="bbox 2786 1772 4346 1863; baseline -0.001 -22"><span class='ocrx_word' id='word_1_373' title='bbox 2786 1775 2972 1841; x_wconf 84' lang='lat' dir='ltr'><strong>mina</strong></span> <span class='ocrx_word' id='word_1_374' title='bbox 2992 1782 3146 1841; x_wconf 87' lang='lat' dir='ltr'><strong>ante</strong></span> <span class='ocrx_word' id='word_1_375' title='bbox 3178 1774 3247 1840; x_wconf 91' lang='lat' dir='ltr'><strong>in</strong></span> <span class='ocrx_word' id='word_1_376' title='bbox 3276 1772 3600 1841; x_wconf 79' lang='lat' dir='ltr'><strong>lateribus</strong></span> <span class='ocrx_word' id='word_1_377' title='bbox 3629 1775 3794 1852; x_wconf 75' lang='lat' dir='ltr'><strong>suiS,</strong></span> <span class='ocrx_word' id='word_1_378' title='bbox 3829 1795 3868 1839; x_wconf 91' lang='lat' dir='ltr'><strong>a</strong></span> <span class='ocrx_word' id='word_1_379' title='bbox 3900 1773 4151 1863; x_wconf 89' lang='lat' dir='ltr'><strong>quibus</strong></span> <span class='ocrx_word' id='word_1_380' title='bbox 4183 1796 4346 1840; x_wconf 89' lang='lat' dir='ltr'><strong>ner-</strong></span> 
     </span>
     <span class='ocr_line' id='line_1_64' title="bbox 2784 1880 4342 1974; baseline -0.001 -25"><span class='ocrx_word' id='word_1_381' title='bbox 2784 1884 2855 1949; x_wconf 77' lang='lat' dir='ltr'><strong>vi</strong></span> <span class='ocrx_word' id='word_1_382' title='bbox 2910 1883 3374 1974; x_wconf 86' lang='lat' dir='ltr'><strong>egrediuntur,</strong></span> <span class='ocrx_word' id='word_1_383' title='bbox 3436 1890 3501 1950; x_wconf 90' lang='lat' dir='ltr'><strong>et</strong></span> <span class='ocrx_word' id='word_1_384' title='bbox 3555 1880 3708 1948; x_wconf 82' lang='lat' dir='ltr'><strong>laxa</strong></span> <span class='ocrx_word' id='word_1_385' title='bbox 3764 1882 4086 1970; x_wconf 86' lang='lat' dir='ltr'><strong>junctura</strong></span> <span class='ocrx_word' id='word_1_386' title='bbox 4143 1880 4342 1948; x_wconf 81' lang='lat' dir='ltr'><strong>valde</strong></span> 
     </span>
     <span class='ocr_line' id='line_1_65' title="bbox 2786 1989 4336 2080; baseline 0 -23"><span class='ocrx_word' id='word_1_387' title='bbox 2786 1991 3225 2080; x_wconf 84' lang='lat' dir='ltr'><strong>conjungitur</strong></span> <span class='ocrx_word' id='word_1_388' title='bbox 3250 2012 3408 2057; x_wconf 86' lang='lat' dir='ltr'><strong>cum</strong></span> <span class='ocrx_word' id='word_1_389' title='bbox 3467 1989 3711 2079; x_wconf 87' lang='lat' dir='ltr'><strong>prima,</strong></span> <span class='ocrx_word' id='word_1_390' title='bbox 3763 1997 3830 2056; x_wconf 88' lang='lat' dir='ltr'><strong>et</strong></span> <span class='ocrx_word' id='word_1_391' title='bbox 3877 2010 4035 2056; x_wconf 84' lang='lat' dir='ltr'><strong>cum</strong></span> <span class='ocrx_word' id='word_1_392' title='bbox 4070 1989 4288 2078; x_wconf 89' lang='lat' dir='ltr'><strong>capite</strong></span> <span class='ocrx_word' id='word_1_393' title='bbox 4320 2010 4336 2057; x_wconf 79' lang='lat' dir='ltr'><strong>t</strong></span> 
     </span>
     <span class='ocr_line' id='line_1_66' title="bbox 2785 2098 4342 2190; baseline 0 -24"><span class='ocrx_word' id='word_1_394' title='bbox 2785 2122 2936 2189; x_wconf 80' lang='lat' dir='ltr'><strong>quae</strong></span> <span class='ocrx_word' id='word_1_395' title='bbox 2949 2100 3270 2189; x_wconf 88' lang='lat' dir='ltr'><strong>junctura</strong></span> <span class='ocrx_word' id='word_1_396' title='bbox 3298 2099 3520 2167; x_wconf 84' lang='lat' dir='ltr'><strong>laxior</strong></span> <span class='ocrx_word' id='word_1_397' title='bbox 3547 2107 3646 2166; x_wconf 89' lang='lat' dir='ltr'><strong>est</strong></span> <span class='ocrx_word' id='word_1_398' title='bbox 3678 2122 3883 2189; x_wconf 90' lang='lat' dir='ltr'><strong>quam</strong></span> <span class='ocrx_word' id='word_1_399' title='bbox 3931 2098 4162 2190; x_wconf 87' lang='lat' dir='ltr'><strong>aliqua</strong></span> <span class='ocrx_word' id='word_1_400' title='bbox 4209 2099 4342 2166; x_wconf 87' lang='lat' dir='ltr'><strong>alia</strong></span> 
     </span>
     <span class='ocr_line' id='line_1_67' title="bbox 2773 2205 4337 2298; baseline -0.001 -24"><span class='ocrx_word' id='word_1_401' title='bbox 2773 2206 3095 2294; x_wconf 88' lang='lat' dir='ltr'><strong>junctura</strong></span> <span class='ocrx_word' id='word_1_402' title='bbox 3134 2207 3575 2298; x_wconf 87' lang='lat' dir='ltr'><strong>spondilium,</strong></span> <span class='ocrx_word' id='word_1_403' title='bbox 3611 2231 3694 2274; x_wconf 85' lang='lat' dir='ltr'><strong>eo</strong></span> <span class='ocrx_word' id='word_1_404' title='bbox 3725 2205 3911 2295; x_wconf 89' lang='lat' dir='ltr'><strong>quod</strong></span> <span class='ocrx_word' id='word_1_405' title='bbox 3959 2212 4190 2273; x_wconf 87' lang='lat' dir='ltr'><strong>motus</strong></span> <span class='ocrx_word' id='word_1_406' title='bbox 4221 2207 4337 2295; x_wconf 92' lang='lat' dir='ltr'><strong>qui</strong></span> 
     </span>
     <span class='ocr_line' id='line_1_68' title="bbox 2783 2313 4341 2405; baseline 0 -26"><span class='ocrx_word' id='word_1_407' title='bbox 2783 2313 2957 2380; x_wconf 88' lang='lat' dir='ltr'><strong>fiunt</strong></span> <span class='ocrx_word' id='word_1_408' title='bbox 3021 2338 3141 2405; x_wconf 87' lang='lat' dir='ltr'><strong>per</strong></span> <span class='ocrx_word' id='word_1_409' title='bbox 3195 2337 3335 2395; x_wconf 77' lang='lat' dir='ltr'><strong>eaS,</strong></span> <span class='ocrx_word' id='word_1_410' title='bbox 3386 2321 3542 2381; x_wconf 87' lang='lat' dir='ltr'><strong>sunt</strong></span> <span class='ocrx_word' id='word_1_411' title='bbox 3585 2313 3781 2380; x_wconf 74' lang='lat' dir='ltr'><strong>valde</strong></span> <span class='ocrx_word' id='word_1_412' title='bbox 3813 2313 4176 2380; x_wconf 88' lang='lat' dir='ltr'><strong>necessarii</strong></span> <span class='ocrx_word' id='word_1_413' title='bbox 4225 2320 4341 2381; x_wconf 87' lang='lat' dir='ltr'><strong>:et</strong></span> 
     </span>
     <span class='ocr_line' id='line_1_69' title="bbox 2785 2421 4341 2512; baseline -0.002 -22"><span class='ocrx_word' id='word_1_414' title='bbox 2785 2445 2942 2490; x_wconf 87' lang='lat' dir='ltr'><strong>cum</strong></span> <span class='ocrx_word' id='word_1_415' title='bbox 2972 2430 3175 2512; x_wconf 82' lang='lat' dir='ltr'><strong>caput</strong></span> <span class='ocrx_word' id='word_1_416' title='bbox 3204 2429 3523 2489; x_wconf 82' lang='lat' dir='ltr'><strong>movetur</strong></span> <span class='ocrx_word' id='word_1_417' title='bbox 3549 2421 3870 2510; x_wconf 88' lang='lat' dir='ltr'><strong>junctura</strong></span> <span class='ocrx_word' id='word_1_418' title='bbox 3902 2421 4107 2487; x_wconf 92' lang='lat' dir='ltr'><strong>unius</strong></span> <span class='ocrx_word' id='word_1_419' title='bbox 4134 2445 4341 2511; x_wconf 85' lang='lat' dir='ltr'><strong>spon-</strong></span> 
     </span>
     <span class='ocr_line' id='line_1_70' title="bbox 2784 2527 4338 2620; baseline -0.003 -22"><span class='ocrx_word' id='word_1_420' title='bbox 2784 2529 2965 2609; x_wconf 86' lang='lat' dir='ltr'><strong>dilis,</strong></span> <span class='ocrx_word' id='word_1_421' title='bbox 2994 2531 3123 2597; x_wconf 87' lang='lat' dir='ltr'><strong>alia</strong></span> <span class='ocrx_word' id='word_1_422' title='bbox 3156 2538 3384 2597; x_wconf 84' lang='lat' dir='ltr'><strong>manet</strong></span> <span class='ocrx_word' id='word_1_423' title='bbox 3416 2528 3908 2620; x_wconf 74' lang='lat' dir='ltr'><strong>inseparabilis.</strong></span> <span class='ocrx_word' id='word_1_424' title='bbox 3955 2527 4127 2595; x_wconf 90' lang='lat' dir='ltr'><strong>Cum</strong></span> <span class='ocrx_word' id='word_1_425' title='bbox 4158 2530 4338 2595; x_wconf 88' lang='lat' dir='ltr'><strong>enim</strong></span> 
     </span>
     <span class='ocr_line' id='line_1_71' title="bbox 2785 2645 4340 2730; baseline -0.005 -21"><span class='ocrx_word' id='word_1_426' title='bbox 2785 2646 2988 2730; x_wconf 86' lang='lat' dir='ltr'><strong>caput</strong></span> <span class='ocrx_word' id='word_1_427' title='bbox 3052 2648 3369 2705; x_wconf 74' lang='lat' dir='ltr'><strong>movetur</strong></span> <span class='ocrx_word' id='word_1_428' title='bbox 3425 2646 3580 2706; x_wconf 84' lang='lat' dir='ltr'><strong>ante</strong></span> <span class='ocrx_word' id='word_1_429' title='bbox 3639 2649 3700 2704; x_wconf 76' lang='lat' dir='ltr'><strong>et</strong></span> <span class='ocrx_word' id='word_1_430' title='bbox 3761 2646 3940 2727; x_wconf 81' lang='lat' dir='ltr'><strong>post,</strong></span> <span class='ocrx_word' id='word_1_431' title='bbox 4004 2645 4138 2705; x_wconf 87' lang='lat' dir='ltr'><strong>stat</strong></span> <span class='ocrx_word' id='word_1_432' title='bbox 4187 2662 4340 2704; x_wconf 86' lang='lat' dir='ltr'><strong>cum</strong></span> 
     </span>
     <span class='ocr_line' id='line_1_72' title="bbox 2781 2747 4346 2841; baseline -0.004 -24"><span class='ocrx_word' id='word_1_433' title='bbox 2781 2751 3007 2841; x_wconf 89' lang='lat' dir='ltr'><strong>prima</strong></span> <span class='ocrx_word' id='word_1_434' title='bbox 3036 2747 3545 2840; x_wconf 84' lang='lat' dir='ltr'><strong>spondili,sicut</strong></span> <span class='ocrx_word' id='word_1_435' title='bbox 3564 2756 3788 2815; x_wconf 76' lang='lat' dir='ltr'><strong>essent</strong></span> <span class='ocrx_word' id='word_1_436' title='bbox 3823 2756 4028 2836; x_wconf 87' lang='lat' dir='ltr'><strong>caput</strong></span> <span class='ocrx_word' id='word_1_437' title='bbox 4057 2755 4120 2814; x_wconf 88' lang='lat' dir='ltr'><strong>et</strong></span> <span class='ocrx_word' id='word_1_438' title='bbox 4143 2770 4346 2836; x_wconf 85' lang='lat' dir='ltr'><strong>spon-</strong></span> 
     </span>
     <span class='ocr_line' id='line_1_73' title="bbox 2785 2853 4341 2925; baseline -0.003 -1"><span class='ocrx_word' id='word_1_439' title='bbox 2785 2857 2944 2925; x_wconf 87' lang='lat' dir='ltr'><strong>dilis</strong></span> <span class='ocrx_word' id='word_1_440' title='bbox 2974 2880 3051 2924; x_wconf 87' lang='lat' dir='ltr'><strong>os</strong></span> <span class='ocrx_word' id='word_1_441' title='bbox 3080 2879 3322 2924; x_wconf 91' lang='lat' dir='ltr'><strong>unum.</strong></span> <span class='ocrx_word' id='word_1_442' title='bbox 3359 2854 3530 2921; x_wconf 90' lang='lat' dir='ltr'><strong>Cum</strong></span> <span class='ocrx_word' id='word_1_443' title='bbox 3573 2864 3800 2922; x_wconf 74' lang='lat' dir='ltr'><strong>auu-m</strong></span> <span class='ocrx_word' id='word_1_444' title='bbox 3851 2854 3936 2922; x_wconf 86' lang='lat' dir='ltr'><strong>ad</strong></span> <span class='ocrx_word' id='word_1_445' title='bbox 3965 2853 4102 2921; x_wconf 92' lang='lat' dir='ltr'><strong>duo</strong></span> <span class='ocrx_word' id='word_1_446' title='bbox 4133 2854 4341 2921; x_wconf 74' lang='lat' dir='ltr'><strong>latera</strong></span> 
     </span>
     <span class='ocr_line' id='line_1_74' title="bbox 2786 2962 4341 3051; baseline -0.003 -21"><span class='ocrx_word' id='word_1_447' title='bbox 2786 2971 3103 3030; x_wconf 68' lang='lat' dir='ltr'><strong>innovetur</strong></span> <span class='ocrx_word' id='word_1_448' title='bbox 3131 2964 3274 3030; x_wconf 88' lang='lat' dir='ltr'><strong>sine</strong></span> <span class='ocrx_word' id='word_1_449' title='bbox 3315 2962 3816 3029; x_wconf 80' lang='lat' dir='ltr'><strong>transversione</strong></span> <span class='ocrx_word' id='word_1_450' title='bbox 3847 2969 4341 3051; x_wconf 80' lang='lat' dir='ltr'><strong>contorquente</strong></span> 
     </span>
     <span class='ocr_line' id='line_1_75' title="bbox 2787 3066 4342 3161; baseline -0.003 -24"><span class='ocrx_word' id='word_1_451' title='bbox 2787 3072 3011 3161; x_wconf 85' lang='lat' dir='ltr'><strong>ipsum</strong></span> <span class='ocrx_word' id='word_1_452' title='bbox 3063 3071 3130 3137; x_wconf 92' lang='lat' dir='ltr'><strong>in</strong></span> <span class='ocrx_word' id='word_1_453' title='bbox 3177 3069 3534 3146; x_wconf 87' lang='lat' dir='ltr'><strong>circulum,</strong></span> <span class='ocrx_word' id='word_1_454' title='bbox 3604 3068 3675 3133; x_wconf 81' lang='lat' dir='ltr'><strong>fit</strong></span> <span class='ocrx_word' id='word_1_455' title='bbox 3735 3066 4067 3157; x_wconf 86' lang='lat' dir='ltr'><strong>spondilis</strong></span> <span class='ocrx_word' id='word_1_456' title='bbox 4122 3067 4342 3156; x_wconf 87' lang='lat' dir='ltr'><strong>prima</strong></span> 
     </span>
     <span class='ocr_line' id='line_1_76' title="bbox 2785 3176 4342 3249; baseline -0.004 0"><span class='ocrx_word' id='word_1_457' title='bbox 2785 3203 2944 3249; x_wconf 91' lang='lat' dir='ltr'><strong>cum</strong></span> <span class='ocrx_word' id='word_1_458' title='bbox 2970 3178 3266 3249; x_wconf 89' lang='lat' dir='ltr'><strong>secunda</strong></span> <span class='ocrx_word' id='word_1_459' title='bbox 3295 3178 3466 3247; x_wconf 90' lang='lat' dir='ltr'><strong>sicut</strong></span> <span class='ocrx_word' id='word_1_460' title='bbox 3499 3202 3577 3242; x_wconf 81' lang='lat' dir='ltr'><strong>os</strong></span> <span class='ocrx_word' id='word_1_461' title='bbox 3618 3200 3855 3244; x_wconf 90' lang='lat' dir='ltr'><strong>unum.</strong></span> <span class='ocrx_word' id='word_1_462' title='bbox 3911 3176 4084 3244; x_wconf 83' lang='lat' dir='ltr'><strong>Aliae</strong></span> <span class='ocrx_word' id='word_1_463' title='bbox 4112 3184 4342 3243; x_wconf 76' lang='lat' dir='ltr'><strong>autem</strong></span> 
     </span>
     <span class='ocr_line' id='line_1_77' title="bbox 2786 3282 4344 3379; baseline -0.003 -25"><span class='ocrx_word' id='word_1_464' title='bbox 2786 3289 3088 3379; x_wconf 88' lang='lat' dir='ltr'><strong>quinque</strong></span> <span class='ocrx_word' id='word_1_465' title='bbox 3117 3285 3463 3377; x_wconf 79' lang='lat' dir='ltr'><strong>spondilos</strong></span> <span class='ocrx_word' id='word_1_466' title='bbox 3493 3307 3615 3375; x_wconf 79' lang='lat' dir='ltr'><strong>per</strong></span> <span class='ocrx_word' id='word_1_467' title='bbox 3640 3282 3836 3350; x_wconf 84' lang='lat' dir='ltr'><strong>bases</strong></span> <span class='ocrx_word' id='word_1_468' title='bbox 3863 3283 3994 3351; x_wconf 89' lang='lat' dir='ltr'><strong>sibi</strong></span> <span class='ocrx_word' id='word_1_469' title='bbox 4051 3283 4344 3372; x_wconf 89' lang='lat' dir='ltr'><strong>conjun-</strong></span> 
     </span>
     <span class='ocr_line' id='line_1_78' title="bbox 2784 3391 4340 3487; baseline -0.004 -24"><span class='ocrx_word' id='word_1_470' title='bbox 2784 3403 3066 3487; x_wconf 83' lang='lat' dir='ltr'><strong>guntur,</strong></span> <span class='ocrx_word' id='word_1_471' title='bbox 3133 3404 3201 3461; x_wconf 89' lang='lat' dir='ltr'><strong>et</strong></span> <span class='ocrx_word' id='word_1_472' title='bbox 3258 3392 3512 3460; x_wconf 75' lang='lat' dir='ltr'><strong>liabent</strong></span> <span class='ocrx_word' id='word_1_473' title='bbox 3549 3391 3881 3459; x_wconf 83' lang='lat' dir='ltr'><strong>foramina</strong></span> <span class='ocrx_word' id='word_1_474' title='bbox 3942 3413 4094 3481; x_wconf 84' lang='lat' dir='ltr'><strong>quae</strong></span> <span class='ocrx_word' id='word_1_475' title='bbox 4137 3413 4340 3481; x_wconf 85' lang='lat' dir='ltr'><strong>supra</strong></span> 
     </span>
     <span class='ocr_line' id='line_1_79' title="bbox 2786 3497 4345 3593; baseline -0.006 -21"><span class='ocrx_word' id='word_1_476' title='bbox 2786 3498 3433 3593; x_wconf 85' lang='lat' dir='ltr'><strong>descripsimus,nisi</strong></span> <span class='ocrx_word' id='word_1_477' title='bbox 3466 3498 3650 3590; x_wconf 87' lang='lat' dir='ltr'><strong>quod</strong></span> <span class='ocrx_word' id='word_1_478' title='bbox 3671 3497 3944 3566; x_wconf 79' lang='lat' dir='ltr'><strong>dentem</strong></span> <span class='ocrx_word' id='word_1_479' title='bbox 3967 3520 4168 3564; x_wconf 90' lang='lat' dir='ltr'><strong>suum</strong></span> <span class='ocrx_word' id='word_1_480' title='bbox 4198 3519 4345 3564; x_wconf 88' lang='lat' dir='ltr'><strong>sur-</strong></span> 
     </span>
    </p>
   </div>
   <div class='ocr_carea' id='block_1_6' title="bbox 2785 3614 3262 3703">
    <p class='ocr_par' dir='ltr' id='par_1_9' title="bbox 2785 3614 3262 3703">
     <span class='ocr_line' id='line_1_80' title="bbox 2785 3614 3262 3703; baseline -0.008 -21"><span class='ocrx_word' id='word_1_481' title='bbox 2785 3636 2940 3683; x_wconf 89' lang='lat' dir='ltr'><strong>sum</strong></span> <span class='ocrx_word' id='word_1_482' title='bbox 2969 3614 3262 3703; x_wconf 80' lang='lat' dir='ltr'><strong>erigunt.</strong></span> 
     </span>
    </p>
   </div>
   <div class='ocr_carea' id='block_1_7' title="bbox 2778 3817 4356 5850">
    <p class='ocr_par' dir='ltr' id='par_1_10' title="bbox 2778 3817 4354 5293">
     <span class='ocr_line' id='line_1_81' title="bbox 2878 3817 4342 3894; baseline -0.005 0"><span class='ocrx_word' id='word_1_483' title='bbox 2878 3825 3175 3894; x_wconf 87' lang='lat' dir='ltr'><strong>Dorsum</strong></span> <span class='ocrx_word' id='word_1_484' title='bbox 3208 3834 3437 3893; x_wconf 88' lang='lat' dir='ltr'><strong>autem</strong></span> <span class='ocrx_word' id='word_1_485' title='bbox 3495 3824 3746 3892; x_wconf 82' lang='lat' dir='ltr'><strong>factum</strong></span> <span class='ocrx_word' id='word_1_486' title='bbox 3779 3829 3882 3890; x_wconf 76' lang='lat' dir='ltr'><strong>est</strong></span> <span class='ocrx_word' id='word_1_487' title='bbox 3938 3822 4005 3888; x_wconf 89' lang='lat' dir='ltr'><strong>in</strong></span> <span class='ocrx_word' id='word_1_488' title='bbox 4063 3817 4342 3886; x_wconf 79' lang='lat' dir='ltr'><strong>immine</strong></span> 
     </span>
     <span class='ocr_line' id='line_1_82' title="bbox 2785 3932 4349 4022; baseline -0.006 -19"><span class='ocrx_word' id='word_1_489' title='bbox 2785 3941 2853 4003; x_wconf 85' lang='lat' dir='ltr'><strong>et</strong></span> <span class='ocrx_word' id='word_1_490' title='bbox 2880 3933 3035 4002; x_wconf 86' lang='lat' dir='ltr'><strong>aliis</strong></span> <span class='ocrx_word' id='word_1_491' title='bbox 3063 3932 3477 4000; x_wconf 81' lang='lat' dir='ltr'><strong>animalibus</strong></span> <span class='ocrx_word' id='word_1_492' title='bbox 3525 3939 3802 4022; x_wconf 87' lang='lat' dir='ltr'><strong>propter</strong></span> <span class='ocrx_word' id='word_1_493' title='bbox 3844 3936 4143 4021; x_wconf 85' lang='lat' dir='ltr'><strong>quatuor</strong></span> <span class='ocrx_word' id='word_1_494' title='bbox 4179 3949 4349 3994; x_wconf 85' lang='lat' dir='ltr'><strong>can-</strong></span> 
     </span>
     <span class='ocr_line' id='line_1_83' title="bbox 2785 4034 4349 4132; baseline -0.005 -22"><span class='ocrx_word' id='word_1_495' title='bbox 2785 4061 2947 4110; x_wconf 84' lang='lat' dir='ltr'><strong>sas:</strong></span> <span class='ocrx_word' id='word_1_496' title='bbox 2980 4062 3272 4132; x_wconf 89' lang='lat' dir='ltr'><strong>quarum</strong></span> <span class='ocrx_word' id='word_1_497' title='bbox 3319 4062 3454 4108; x_wconf 84' lang='lat' dir='ltr'><strong>una</strong></span> <span class='ocrx_word' id='word_1_498' title='bbox 3511 4047 3614 4106; x_wconf 90' lang='lat' dir='ltr'><strong>est</strong></span> <span class='ocrx_word' id='word_1_499' title='bbox 3670 4034 4090 4129; x_wconf 84' lang='lat' dir='ltr'><strong>principalis,</strong></span> <span class='ocrx_word' id='word_1_500' title='bbox 4142 4043 4215 4102; x_wconf 88' lang='lat' dir='ltr'><strong>ut</strong></span> <span class='ocrx_word' id='word_1_501' title='bbox 4257 4034 4349 4102; x_wconf 87' lang='lat' dir='ltr'><strong>sit</strong></span> 
     </span>
     <span class='ocr_line' id='line_1_84' title="bbox 2787 4140 4342 4236; baseline -0.006 -21"><span class='ocrx_word' id='word_1_502' title='bbox 2787 4147 2901 4216; x_wconf 79' lang='lat' dir='ltr'><strong>via</strong></span> <span class='ocrx_word' id='word_1_503' title='bbox 2955 4144 3195 4214; x_wconf 74' lang='lat' dir='ltr'><strong>nuclioe</strong></span> <span class='ocrx_word' id='word_1_504' title='bbox 3230 4168 3384 4236; x_wconf 65' lang='lat' dir='ltr'><strong>quie</strong></span> <span class='ocrx_word' id='word_1_505' title='bbox 3440 4145 3734 4220; x_wconf 77' lang='lat' dir='ltr'><strong>vicarius</strong></span> <span class='ocrx_word' id='word_1_506' title='bbox 3780 4152 3884 4212; x_wconf 76' lang='lat' dir='ltr'><strong>est</strong></span> <span class='ocrx_word' id='word_1_507' title='bbox 3929 4140 4213 4219; x_wconf 84' lang='lat' dir='ltr'><strong>cerebri,</strong></span> <span class='ocrx_word' id='word_1_508' title='bbox 4272 4140 4342 4207; x_wconf 85' lang='lat' dir='ltr'><strong>in</strong></span> 
     </span>
     <span class='ocr_line' id='line_1_85' title="bbox 2786 4252 4343 4345; baseline -0.006 -22"><span class='ocrx_word' id='word_1_509' title='bbox 2786 4252 3284 4345; x_wconf 85' lang='lat' dir='ltr'><strong>longitudinem</strong></span> <span class='ocrx_word' id='word_1_510' title='bbox 3341 4252 3645 4344; x_wconf 72' lang='lat' dir='ltr'><strong>corporis·</strong></span> <span class='ocrx_word' id='word_1_511' title='bbox 3702 4259 3893 4318; x_wconf 91' lang='lat' dir='ltr'><strong>motu</strong></span> <span class='ocrx_word' id='word_1_512' title='bbox 3971 4269 4343 4316; x_wconf 71' lang='lat' dir='ltr'><strong>nervorum</strong></span> 
     </span>
     <span class='ocr_line' id='line_1_86' title="bbox 2791 4357 4350 4430; baseline -0.006 0"><span class='ocrx_word' id='word_1_513' title='bbox 2791 4361 3235 4430; x_wconf 87' lang='lat' dir='ltr'><strong>motivorum.</strong></span> <span class='ocrx_word' id='word_1_514' title='bbox 3270 4360 3342 4428; x_wconf 86' lang='lat' dir='ltr'><strong>Si</strong></span> <span class='ocrx_word' id='word_1_515' title='bbox 3374 4360 3557 4429; x_wconf 90' lang='lat' dir='ltr'><strong>enim</strong></span> <span class='ocrx_word' id='word_1_516' title='bbox 3591 4359 3684 4426; x_wconf 90' lang='lat' dir='ltr'><strong>illi</strong></span> <span class='ocrx_word' id='word_1_517' title='bbox 3725 4380 3967 4425; x_wconf 83' lang='lat' dir='ltr'><strong>omnes</strong></span> <span class='ocrx_word' id='word_1_518' title='bbox 4006 4357 4350 4424; x_wconf 88' lang='lat' dir='ltr'><strong>orirentur</strong></span> 
     </span>
     <span class='ocr_line' id='line_1_87' title="bbox 2787 4463 4348 4560; baseline -0.005 -24"><span class='ocrx_word' id='word_1_519' title='bbox 2787 4493 2830 4536; x_wconf 90' lang='lat' dir='ltr'><strong>a</strong></span> <span class='ocrx_word' id='word_1_520' title='bbox 2863 4469 3109 4560; x_wconf 84' lang='lat' dir='ltr'><strong>capite,</strong></span> <span class='ocrx_word' id='word_1_521' title='bbox 3141 4475 3488 4559; x_wconf 86' lang='lat' dir='ltr'><strong>oporteret</strong></span> <span class='ocrx_word' id='word_1_522' title='bbox 3515 4473 3719 4557; x_wconf 79' lang='lat' dir='ltr'><strong>caput</strong></span> <span class='ocrx_word' id='word_1_523' title='bbox 3746 4487 3896 4532; x_wconf 83' lang='lat' dir='ltr'><strong>esse</strong></span> <span class='ocrx_word' id='word_1_524' title='bbox 3942 4463 4160 4531; x_wconf 87' lang='lat' dir='ltr'><strong>multo</strong></span> <span class='ocrx_word' id='word_1_525' title='bbox 4191 4484 4348 4529; x_wconf 89' lang='lat' dir='ltr'><strong>ma-</strong></span> 
     </span>
     <span class='ocr_line' id='line_1_88' title="bbox 2778 4570 4346 4668; baseline -0.007 -23"><span class='ocrx_word' id='word_1_526' title='bbox 2778 4577 2955 4668; x_wconf 82' lang='lat' dir='ltr'><strong>joris</strong></span> <span class='ocrx_word' id='word_1_527' title='bbox 2984 4576 3379 4668; x_wconf 81' lang='lat' dir='ltr'><strong>quantitatis</strong></span> <span class='ocrx_word' id='word_1_528' title='bbox 3410 4598 3614 4668; x_wconf 87' lang='lat' dir='ltr'><strong>quam</strong></span> <span class='ocrx_word' id='word_1_529' title='bbox 3647 4574 3758 4651; x_wconf 86' lang='lat' dir='ltr'><strong>sit,</strong></span> <span class='ocrx_word' id='word_1_530' title='bbox 3789 4581 3860 4640; x_wconf 78' lang='lat' dir='ltr'><strong>et</strong></span> <span class='ocrx_word' id='word_1_531' title='bbox 3893 4570 4193 4663; x_wconf 83' lang='lat' dir='ltr'><strong>pondere</strong></span> <span class='ocrx_word' id='word_1_532' title='bbox 4221 4592 4346 4635; x_wconf 86' lang='lat' dir='ltr'><strong>suo</strong></span> 
     </span>
     <span class='ocr_line' id='line_1_89' title="bbox 2786 4678 4344 4777; baseline -0.007 -22"><span class='ocrx_word' id='word_1_533' title='bbox 2786 4694 3100 4777; x_wconf 75' lang='lat' dir='ltr'><strong>gravaret</strong></span> <span class='ocrx_word' id='word_1_534' title='bbox 3123 4691 3341 4753; x_wconf 87' lang='lat' dir='ltr'><strong>totum</strong></span> <span class='ocrx_word' id='word_1_535' title='bbox 3363 4705 3636 4775; x_wconf 78' lang='lat' dir='ltr'><strong>corpus,</strong></span> <span class='ocrx_word' id='word_1_536' title='bbox 3670 4691 3735 4748; x_wconf 75' lang='lat' dir='ltr'><strong>et</strong></span> <span class='ocrx_word' id='word_1_537' title='bbox 3754 4682 3946 4748; x_wconf 76' lang='lat' dir='ltr'><strong>nervi</strong></span> <span class='ocrx_word' id='word_1_538' title='bbox 3973 4679 4098 4770; x_wconf 85' lang='lat' dir='ltr'><strong>ipsi</strong></span> <span class='ocrx_word' id='word_1_539' title='bbox 4132 4678 4344 4744; x_wconf 83' lang='lat' dir='ltr'><strong>nimia</strong></span> 
     </span>
     <span class='ocr_line' id='line_1_90' title="bbox 2788 4784 4349 4883; baseline -0.009 -21"><span class='ocrx_word' id='word_1_540' title='bbox 2788 4793 3048 4863; x_wconf 78' lang='lat' dir='ltr'><strong>extensi</strong></span> <span class='ocrx_word' id='word_1_541' title='bbox 3089 4790 3543 4883; x_wconf 80' lang='lat' dir='ltr'><strong>longitudine,</strong></span> <span class='ocrx_word' id='word_1_542' title='bbox 3575 4798 3640 4856; x_wconf 86' lang='lat' dir='ltr'><strong>et</strong></span> <span class='ocrx_word' id='word_1_543' title='bbox 3671 4788 4002 4856; x_wconf 83' lang='lat' dir='ltr'><strong>distantes</strong></span> <span class='ocrx_word' id='word_1_544' title='bbox 4031 4809 4071 4853; x_wconf 81' lang='lat' dir='ltr'><strong>a</strong></span> <span class='ocrx_word' id='word_1_545' title='bbox 4100 4784 4349 4875; x_wconf 81' lang='lat' dir='ltr'><strong>princi·</strong></span> 
     </span>
     <span class='ocr_line' id='line_1_91' title="bbox 2789 4892 4349 4990; baseline -0.007 -25"><span class='ocrx_word' id='word_1_546' title='bbox 2789 4898 2904 4990; x_wconf 91' lang='lat' dir='ltr'><strong>pio</strong></span> <span class='ocrx_word' id='word_1_547' title='bbox 2967 4894 3428 4987; x_wconf 81' lang='lat' dir='ltr'><strong>generationis</strong></span> <span class='ocrx_word' id='word_1_548' title='bbox 3499 4916 3665 4971; x_wconf 82' lang='lat' dir='ltr'><strong>suae,</strong></span> <span class='ocrx_word' id='word_1_549' title='bbox 3722 4892 4257 4961; x_wconf 77' lang='lat' dir='ltr'><strong>destituerentur</strong></span> <span class='ocrx_word' id='word_1_550' title='bbox 4306 4910 4349 4954; x_wconf 86' lang='lat' dir='ltr'><strong>a</strong></span> 
     </span>
     <span class='ocr_line' id='line_1_92' title="bbox 2790 4998 4347 5094; baseline -0.008 -20"><span class='ocrx_word' id='word_1_551' title='bbox 2790 5003 3186 5074; x_wconf 71' lang='lat' dir='ltr'><strong>fortitudine</strong></span> <span class='ocrx_word' id='word_1_552' title='bbox 3249 5001 3526 5094; x_wconf 85' lang='lat' dir='ltr'><strong>propria</strong></span> <span class='ocrx_word' id='word_1_553' title='bbox 3585 5023 3601 5068; x_wconf 90' lang='lat'>:</span> <span class='ocrx_word' id='word_1_554' title='bbox 3664 5010 3731 5068; x_wconf 85' lang='lat' dir='ltr'><strong>et</strong></span> <span class='ocrx_word' id='word_1_555' title='bbox 3789 4998 3933 5067; x_wconf 65' lang='lat' dir='ltr'><strong>brec</strong></span> <span class='ocrx_word' id='word_1_556' title='bbox 3988 5020 4195 5065; x_wconf 83' lang='lat' dir='ltr'><strong>causa</strong></span> <span class='ocrx_word' id='word_1_557' title='bbox 4242 5003 4347 5062; x_wconf 75' lang='lat' dir='ltr'><strong>est</strong></span> 
     </span>
     <span class='ocr_line' id='line_1_93' title="bbox 2791 5104 4354 5204; baseline -0.007 -24"><span class='ocrx_word' id='word_1_558' title='bbox 2791 5134 3003 5204; x_wconf 86' lang='lat' dir='ltr'><strong>quare</strong></span> <span class='ocrx_word' id='word_1_559' title='bbox 3056 5110 3336 5177; x_wconf 85' lang='lat' dir='ltr'><strong>dorsum</strong></span> <span class='ocrx_word' id='word_1_560' title='bbox 3363 5118 3466 5176; x_wconf 87' lang='lat' dir='ltr'><strong>est</strong></span> <span class='ocrx_word' id='word_1_561' title='bbox 3497 5128 3902 5185; x_wconf 89' lang='lat' dir='ltr'><strong>concavum,</strong></span> <span class='ocrx_word' id='word_1_562' title='bbox 3935 5104 4005 5172; x_wconf 89' lang='lat' dir='ltr'><strong>in</strong></span> <span class='ocrx_word' id='word_1_563' title='bbox 4028 5125 4165 5195; x_wconf 87' lang='lat' dir='ltr'><strong>qua</strong></span> <span class='ocrx_word' id='word_1_564' title='bbox 4191 5123 4354 5171; x_wconf 88' lang='lat' dir='ltr'><strong>con·</strong></span> 
     </span>
     <span class='ocr_line' id='line_1_94' title="bbox 2791 5216 3647 5293; baseline -0.013 0"><span class='ocrx_word' id='word_1_565' title='bbox 2791 5220 3082 5293; x_wconf 79' lang='lat' dir='ltr'><strong>cavitate</strong></span> <span class='ocrx_word' id='word_1_566' title='bbox 3109 5227 3210 5288; x_wconf 88' lang='lat' dir='ltr'><strong>est</strong></span> <span class='ocrx_word' id='word_1_567' title='bbox 3237 5218 3352 5286; x_wconf 87' lang='lat' dir='ltr'><strong>via</strong></span> <span class='ocrx_word' id='word_1_568' title='bbox 3383 5216 3647 5285; x_wconf 76' lang='lat' dir='ltr'><strong>nuclnae.</strong></span> 
     </span>
    </p>

    <p class='ocr_par' dir='ltr' id='par_1_11' title="bbox 2792 5321 4356 5850">
     <span class='ocr_line' id='line_1_95' title="bbox 2885 5321 4350 5412; baseline -0.01 -16"><span class='ocrx_word' id='word_1_569' title='bbox 2885 5325 3201 5396; x_wconf 86' lang='lat' dir='ltr'><strong>Secunda</strong></span> <span class='ocrx_word' id='word_1_570' title='bbox 3257 5347 3466 5394; x_wconf 87' lang='lat' dir='ltr'><strong>causa</strong></span> <span class='ocrx_word' id='word_1_571' title='bbox 3513 5331 3640 5407; x_wconf 86' lang='lat' dir='ltr'><strong>est,</strong></span> <span class='ocrx_word' id='word_1_572' title='bbox 3693 5322 3873 5412; x_wconf 85' lang='lat' dir='ltr'><strong>quod</strong></span> <span class='ocrx_word' id='word_1_573' title='bbox 3934 5321 4216 5390; x_wconf 86' lang='lat' dir='ltr'><strong>dorsum</strong></span> <span class='ocrx_word' id='word_1_574' title='bbox 4245 5322 4350 5385; x_wconf 85' lang='lat' dir='ltr'><strong>est</strong></span> 
     </span>
     <span class='ocr_line' id='line_1_96' title="bbox 2792 5422 4353 5528; baseline -0.01 -23"><span class='ocrx_word' id='word_1_575' title='bbox 2792 5437 3081 5528; x_wconf 80' lang='lat' dir='ltr'><strong>longum</strong></span> <span class='ocrx_word' id='word_1_576' title='bbox 3118 5443 3186 5502; x_wconf 89' lang='lat' dir='ltr'><strong>et</strong></span> <span class='ocrx_word' id='word_1_577' title='bbox 3212 5432 3487 5511; x_wconf 89' lang='lat' dir='ltr'><strong>durum,</strong></span> <span class='ocrx_word' id='word_1_578' title='bbox 3523 5440 3596 5498; x_wconf 90' lang='lat' dir='ltr'><strong>ut</strong></span> <span class='ocrx_word' id='word_1_579' title='bbox 3642 5429 3730 5497; x_wconf 81' lang='lat' dir='ltr'><strong>sit</strong></span> <span class='ocrx_word' id='word_1_580' title='bbox 3756 5427 4062 5497; x_wconf 77' lang='lat' dir='ltr'><strong>defensio</strong></span> <span class='ocrx_word' id='word_1_581' title='bbox 4091 5433 4159 5494; x_wconf 91' lang='lat' dir='ltr'><strong>et</strong></span> <span class='ocrx_word' id='word_1_582' title='bbox 4200 5422 4353 5514; x_wconf 67' lang='lat' dir='ltr'><strong>cly-</strong></span> 
     </span>
     <span class='ocr_line' id='line_1_97' title="bbox 2794 5530 4354 5634; baseline -0.01 -24"><span class='ocrx_word' id='word_1_583' title='bbox 2794 5563 2964 5634; x_wconf 85' lang='lat' dir='ltr'><strong>peus</strong></span> <span class='ocrx_word' id='word_1_584' title='bbox 3020 5537 3331 5607; x_wconf 88' lang='lat' dir='ltr'><strong>omnium</strong></span> <span class='ocrx_word' id='word_1_585' title='bbox 3389 5533 3857 5604; x_wconf 85' lang='lat' dir='ltr'><strong>membrorum</strong></span> <span class='ocrx_word' id='word_1_586' title='bbox 3934 5530 4249 5600; x_wconf 87' lang='lat' dir='ltr'><strong>mollium</strong></span> <span class='ocrx_word' id='word_1_587' title='bbox 4283 5535 4354 5595; x_wconf 85' lang='lat' dir='ltr'><strong>et</strong></span> 
     </span>
     <span class='ocr_line' id='line_1_98' title="bbox 2796 5640 4356 5740; baseline -0.01 -21"><span class='ocrx_word' id='word_1_588' title='bbox 2796 5647 3159 5731; x_wconf 85' lang='lat' dir='ltr'><strong>nobilium,</strong></span> <span class='ocrx_word' id='word_1_589' title='bbox 3184 5669 3336 5740; x_wconf 83' lang='lat' dir='ltr'><strong>quae</strong></span> <span class='ocrx_word' id='word_1_590' title='bbox 3365 5653 3520 5715; x_wconf 88' lang='lat' dir='ltr'><strong>ante</strong></span> <span class='ocrx_word' id='word_1_591' title='bbox 3544 5645 3765 5736; x_wconf 90' lang='lat' dir='ltr'><strong>ipsum</strong></span> <span class='ocrx_word' id='word_1_592' title='bbox 3794 5640 4023 5735; x_wconf 88' lang='lat' dir='ltr'><strong>posita</strong></span> <span class='ocrx_word' id='word_1_593' title='bbox 4043 5647 4206 5708; x_wconf 89' lang='lat' dir='ltr'><strong>sunt</strong></span> <span class='ocrx_word' id='word_1_594' title='bbox 4230 5660 4356 5728; x_wconf 88' lang='lat' dir='ltr'><strong>per</strong></span> 
     </span>
     <span class='ocr_line' id='line_1_99' title="bbox 2798 5746 4352 5850; baseline -0.01 -21"><span class='ocrx_word' id='word_1_595' title='bbox 2798 5766 3018 5831; x_wconf 87' lang='lat' dir='ltr'><strong>totam</strong></span> <span class='ocrx_word' id='word_1_596' title='bbox 3080 5757 3386 5849; x_wconf 86' lang='lat' dir='ltr'><strong>eorporis</strong></span> <span class='ocrx_word' id='word_1_597' title='bbox 3440 5753 3943 5844; x_wconf 83' lang='lat' dir='ltr'><strong>longitudinem</strong></span> <span class='ocrx_word' id='word_1_598' title='bbox 4004 5774 4021 5819; x_wconf 73' lang='grc' dir='ltr'><em>τ</em></span> <span class='ocrx_word' id='word_1_599' title='bbox 4092 5757 4163 5818; x_wconf 91' lang='lat' dir='ltr'><strong>et</strong></span> <span class='ocrx_word' id='word_1_600' title='bbox 4199 5746 4352 5850; x_wconf 86' lang='lat' dir='ltr'><strong>ideo</strong></span> 
     </span>
    </p>
   </div>
  </div>
 </body>
</html>
