4919 6371
605 339 732 404 450

601 513 716 576 vix
756 517 1062 598 possunt,
1116 513 1390 594 propter
1454 504 1581 570 cibi
1660 503 2013 581 desectum,
2075 511 2139 570 et

596 619 1036 683 voracitatem
1067 614 1234 679 avis.
1300 612 1633 680 l‘ullilicat
1690 623 1916 679 autem
1965 613 2138 679 utin

592 721 897 812 pluribus
958 731 1251 811 quatuor
1318 720 1426 789 vel
1505 723 1803 812 quinque
1892 721 2132 810 pullos.

596 829 752 895 Erat
817 834 1041 895 autem
1086 830 1457 921 antiquitus
1489 828 1828 918 quoddam
1874 835 2139 912 tempus

591 934 768 1023 apud
798 933 1085 1013 Indiam,
1125 938 1188 1003 in
1223 959 1357 1026 quo
1389 957 1626 1002 omnes
1682 933 1864 998 corvi
1896 931 2142 996 morie-

587 1044 836 1111 bantur
864 1046 930 1112 in
961 1045 1111 1112 loeo
1152 1046 1265 1134 qui
1308 1043 1532 1110 Indice
1565 1039 1903 1130 quondam
1971 1041 2136 1104 Far·

592 1152 764 1220 celos
800 1152 1185 1220 dicebatur:
1255 1159 1320 1217 et
1368 1156 1521 1237 post
1584 1145 1713 1213 hoe
1752 1155 2017 1233 tempus
2056 1145 2139 1211 ad

595 1258 905 1327 eumdem
947 1259 1172 1324 locum
1203 1263 1534 1321 venerunt
1581 1252 1804 1319 subito
1843 1261 1908 1319 et
1947 1254 2138 1343 quasi

593 1365 794 1432 simul
834 1363 1030 1429 multi
1070 1362 1251 1428 corvi
1285 1360 1502 1450 nigri:
1539 1366 1869 1427 venerunt
1911 1367 2137 1426 autem

593 1481 659 1539 et
687 1469 771 1538 ad
803 1471 948 1537 loca
989 1492 1139 1558 quae
1172 1477 1500 1535 vocantur
1542 1469 1798 1535 Cleeroa
1873 1468 2136 1534 athima

592 1588 656 1645 et
692 1578 1237 1655 Colocleom‘ceon,
1279 1585 1344 1645 et
1387 1576 1792 1644 videbantur
1845 1577 2033 1666 quasi
2065 1597 2135 1640 se

591 1687 674 1754 ad
705 1689 1000 1754 invicem
1043 1687 1421 1778 intelligere
1479 1686 1756 1753 nutibus
1807 1693 1871 1751 et.
1923 1684 2135 1773 signis

593 1794 1039 1883 quibusdam:
1078 1803 1145 1861 et
1207 1792 1339 1860 hoc
1390 1793 1515 1859 l'uit
1562 1793 1830 1881 signum
1873 1790 2139 1856 destru-

587 1903 826 1967 ctionis
884 1900 1010 1967 loci
1064 1900 1266 1976 itlius,
1311 1900 1483 1966 sicut
1545 1921 1835 1988 augures
1867 1897 2137 1963 divina-

586 2008 778 2074 bant.

677 2112 1006 2180 Similiter
1034 2122 1259 2180 autem
1311 2121 1373 2179 et
1415 2111 1719 2178 vultures
1776 2121 1932 2179 sunt
1971 2135 2132 2179 aves

588 2221 968 2311 frequenter
998 2220 1338 2287 tristitiam
1378 2220 1749 2287 secundum
1793 2243 2128 2310 augurum

589 2330 1009 2417 conjecturas
1048 2330 1570 2419 praesagientes:
1616 2336 1680 2395 et
1700 2335 1856 2394 sunt
1894 2326 2130 2395 vultu-

595 2460 743 2503 rum
785 2436 997 2505 multa
1027 2460 1297 2527 genera,
1334 2459 1415 2503 eo
1447 2435 1629 2525 quod
1670 2436 1900 2503 omnia
1929 2460 2131 2526 gene-

585 2568 655 2612 ra
688 2545 818 2612 lere
845 2547 1191 2635 rapacium
1223 2548 1451 2612 avium
1485 2554 1547 2611 et
1581 2546 1910 2635 praecipue
1941 2545 2130 2634 aqui-

582 2653 799 2719 larum
876 2663 939 2720 et
1009 2654 1372 2720 milvorum
1467 2655 1748 2743 Antiqui
1827 2654 2129 2720 vultures

578 2762 1028 2852 appellabant.
1073 2762 1295 2829 Unum
1327 2770 1554 2829 autem
1596 2771 1691 2828 est
1734 2786 1948 2851 genus
1984 2762 2130 2827 vul-

576 2869 767 2946 turis,
813 2869 996 2960 quod
1041 2869 1319 2959 Antiqui
1362 2871 1657 2959 learqmn
1743 2869 2119 2936 vocabant:

574 2985 637 3042 et
667 2975 996 3042 habitatio
1042 2999 1163 3043 sna
1205 2985 1273 3042 ut
1308 2977 1375 3042 in
1405 2976 1712 3067 pluribus
1741 2975 1847 3043 vel
1879 3000 2125 3042 secun-

574 3084 734 3151 dum
789 3084 1163 3174 plurimum
1216 3093 1315 3152 est
1383 3086 1451 3152 iu
1491 3084 1656 3152 locis
1700 3086 2116 3152 nemorosis:

573 3202 641 3261 et
696 3194 1060 3285 aliquando
1146 3194 1645 3286 appropinquat
1711 3194 2115 3262 civitatibus.

570 3299 835 3369 Vocant
884 3310 1109 3369 autem
1144 3302 1423 3391 quidam
1454 3301 1585 3369 hoe
1627 3325 1841 3392 genus
1887 3302 2123 3368 vultu-

569 3408 659 3474 ris
698 3407 1163 3485 abae-hionem,
1211 3418 1276 3477 et
1315 3408 1504 3476 volat
1551 3407 1914 3498 aliquando
1945 3410 2117 3477 circa

562 3522 911 3591 montana,
948 3523 1011 3583 et
1043 3515 1289 3583 residet
1323 3516 1392 3582 iu
1424 3514 1772 3583 montibus
1802 3537 2120 3583 nemoro-

563 3622 678 3698 sis,
722 3629 787 3689 et
861 3619 1066 3687 habet
1104 3619 1316 3688 altum
1368 3619 1703 3692 volatum.
1766 3630 1832 3688 et
1884 3630 1982 3689 est
2048 3624 2116 3688 in

563 3730 729 3797 locis
761 3728 917 3805 illis,
963 3751 1044 3796 eo
1085 3730 1267 3820 quod
1297 3737 1455 3797 sunt
1493 3729 1585 3796 ibi
1626 3728 1854 3796 multae
1897 3737 2116 3800 mate-

563 3840 679 3906 riae
742 3838 1053 3906 ciborum
1121 3861 1445 3907 suorum:
1481 3839 1641 3930 quia
1714 3838 1991 3907 confidit
2033 3839 2114 3907 «le

562 3947 819 4015 viribus
848 3947 1014 4024 suiS,
1052 3947 1234 4038 quod
1267 3970 1507 4038 capere
1548 3955 1610 4015 et
1641 3956 1869 4015 tenere
1901 3949 2115 4039 possit

562 4053 883 4122 animalia
916 4054 1274 4122 silvestria.

654 4161 1007 4231 Invenitur
1033 4170 1259 4230 autem
1292 4162 1479 4230 aliud
1525 4185 1739 4254 genus
1796 4162 2108 4247 vulturis,

567 4271 752 4363 quod
800 4272 1227 4364 platvaqieeaen
1260 4273 1540 4363 Antiqui
1597 4280 1865 4352 vocant,
1927 4272 2110 4364 quod

563 4383 792 4450 minus
821 4391 922 4451 est
961 4404 1167 4474 quam
1207 4384 1504 4474 primum
1536 4390 1599 4451 et
1632 4385 2003 4473 quantitate
2046 4392 2109 4451 ct

562 4491 980 4570 fortitudine,
1034 4501 1099 4561 et
1166 4501 1392 4562 manet
1458 4494 1828 4562 secundum
1894 4493 2112 4585 pluri-

561 4622 749 4666 mum
781 4600 849 4665 in
890 4601 1233 4667 montanis
1261 4609 1329 4669 et
1370 4602 1438 4668 iu
1469 4601 1747 4670 desertis
1795 4601 1983 4681 locis,
2046 4609 2110 4669 et

552 4705 682 4776 hoe
711 4731 747 4774 a
775 4706 1188 4799 quibusdam
1221 4716 1505 4776 vocatur
1526 4712 1936 4800 pyrolmms.
1976 4710 2111 4777 llo-

556 4838 785 4884 merus
831 4824 1061 4884 autem
1106 4816 1174 4883 in
1217 4816 1391 4884 libro
1450 4839 1653 4908 quem
1705 4816 1786 4885 de
1815 4820 2109 4886 Anima-

566 4922 746 4991 libus
782 4923 1071 5015 scripsit,
1116 4925 1286 4993 dixit
1349 4925 1416 4992 in
1484 4923 1749 4993 deserto
1806 4925 2107 4995 Carche-

556 5053 706 5099 mos
738 5054 882 5100 esse
924 5031 1107 5100 aliud
1146 5055 1369 5123 genus
1395 5029 1683 5099 vulturis
1714 5033 1886 5123 nigri
1912 5032 2106 5103 colo-

556 5139 645 5206 ris
711 5147 775 5207 et
841 5140 1130 5207 minoris
1198 5140 1618 5230 quantitatis,
1680 5162 1882 5230 qnam
1972 5142 2104 5211 alia

549 5269 797 5336 genera
827 5248 961 5313 sint
996 5246 1336 5316 vulturis:
1390 5248 1504 5314 sed
1547 5246 1848 5315 validum
1904 5260 2004 5319 est
2042 5259 2105 5319 et

548 5352 827 5440 majoris
858 5353 1116 5443 vigoris
1149 5376 1355 5444 quam
1390 5355 1523 5422 sint
1552 5362 1790 5422 cit-tera
1814 5380 2095 5449 genera:

549 5468 614 5529 et
644 5466 871 5526 manet
904 5459 972 5524 in
1008 5463 1352 5528 montanis
1385 5460 1654 5540 deserti,
1700 5470 1764 5530 et
1821 5474 2103 5533 vocatur

553 5568 637 5636 ab
677 5568 823 5659 ipso
863 5566 1278 5647 melanokos,
1342 5570 1527 5660 quod
1574 5569 1839 5639 Plinius
1878 5571 2103 5638 mela-

553 5698 786 5743 vocum
837 5682 1059 5753 vocat,
1105 5674 1285 5763 quod
1344 5675 1822 5767 interpretatur
1857 5679 2092 5768 niqer:

1596 330 1673 396 D.
1728 329 1923 396 ΑΕΒ.
1978 330 2192 398 MAG.
2250 330 2454 399 ORD.
2510 331 2807 399 PRAED.

2244 514 2303 571 et
2338 504 2470 572 hoe
2499 529 2714 595 genus
2745 507 3014 595 proprie
3055 506 3414 572 insidiatur
3461 504 3805 595 leporibus

2244 620 2308 678 et
2341 613 2656 679 interficit
2713 636 2868 678 eos:
2935 612 3060 680 lioc
3093 615 3274 680 enim
3333 613 3556 679 solum
3591 636 3806 702 genus

2243 718 2594 783 vulturum
2645 719 2826 785 bono
2895 728 2960 787 et
3006 744 3142 787 non
3209 730 3528 811 corrupto
3581 724 3808 787 nutri-

2244 832 2477 890 mento
2516 826 2729 890 nutrit
2766 825 2990 913 pullos
3038 850 3223 905 suOS,
3280 836 3344 894 et
3401 826 3691 895 extrahit
3741 834 3808 894 et

2244 931 2440 999 docet
2471 935 2704 999 venari
2733 956 2746 998 :
2780 956 2859 999 eo
2893 934 3076 1023 quod
3108 935 3237 1002 hoc
3296 936 3521 1003 solum
3587 959 3805 1027 genus

2244 1037 2594 1107 vulturum
2635 1040 2837 1108 velox
2877 1050 2942 1108 et
2998 1051 3230 1130 aptum
3292 1052 3391 1110 est
3456 1046 3804 1112 venationi

2245 1148 2559 1214 vivorum
2592 1149 3016 1226 animalium,
3053 1157 3119 1216 et
3167 1172 3304 1215 non
3354 1161 3544 1216 curat
3600 1152 3806 1218 cada-

2244 1276 2405 1320 vera
2437 1264 2892 1321 mortuorum.

2333 1361 2688 1429 Invenitur
2732 1371 2959 1430 autem
3045 1364 3249 1430 etiam
3319 1363 3502 1429 aliud
3585 1387 3802 1454 genus

2239 1467 2615 1546 vulturum,
2661 1468 2888 1536 ethoe
2955 1478 3056 1535 est
3112 1468 3374 1535 alarum
3436 1470 3795 1548 malarum,

2243 1584 2308 1643 et
2345 1574 2554 1643 habet
2581 1584 2782 1664 eaput.
2836 1575 3093 1651 album,
3158 1585 3224 1643 et
3274 1578 3617 1666 quantitas
3658 1579 3804 1666 ejus

2242 1691 2341 1750 est
2380 1682 2609 1748 minus
2647 1684 2841 1772 quasi
2898 1684 3258 1750 medietate
3299 1683 3592 1751 aliorum
3644 1683 3803 1750 vul-

2240 1798 2496 1866 turum,
2557 1796 2625 1856 et
2670 1787 2876 1856 habet
2932 1788 3071 1856 alas
3138 1812 3383 1880 parvas
3449 1790 3697 1858 valde:
3734 1798 3801 1858 et

2241 1895 2568 1963 medietas
2598 1898 2904 1986 eorporis
2932 1897 3074 1962 suis
3106 1920 3257 1986 quae
3297 1906 3398 1964 est
3437 1898 3614 1966 inter
3643 1921 3802 1966 eau-

2239 2002 2395 2069 dam
2435 2009 2502 2070 et
2532 2002 2810 2081 collum,
2846 2010 2948 2070 est
2986 2003 3217 2093 longa,
3282 2012 3349 2072 et
3384 2004 3802 2072 assimilatur

2237 2108 2429 2188 cake,
2476 2119 2543 2177 et
2578 2110 2824 2177 dicitur
2863 2110 3091 2177 Graece
3130 2111 3563 2199 onkalerqos,
3607 2111 3797 2179 Lati-

2237 2239 2320 2283 ne
2386 2224 2615 2284 autem
2665 2219 3142 2309 parlipilirus.
3215 2218 3481 2285 Vocant
3558 2229 3787 2286 autem

2236 2324 2514 2414 quidam
2600 2325 2941 2391 vulturem
3042 2348 3239 2392 avem
3321 2349 3526 2416 quam
3585 2328 3800 2394 Graeci

2234 2443 2510 2522 oclaqos
2539 2433 2794 2512 dieunt,
2865 2432 3100 2500 Latine
3159 2443 3386 2501 autem
3433 2435 3798 2524 peryale‘os

2233 2547 2542 2621 vocatur,
2594 2563 2743 2631 qnae
2795 2549 3021 2608 manet
3080 2541 3151 2607 in
3184 2540 3629 2609 nemoribus:
3676 2542 3797 2609 sed

2234 2655 2331 2713 est
2362 2650 2507 2714 avis
2541 2671 2749 2739 rapax
2788 2649 3196 2716 cadaverum
3227 2657 3684 2725 mortuorum,
3730 2657 3797 2716 et

2232 2755 2410 2832 vitis,
2448 2757 2538 2822 ita
2569 2757 2750 2847 quod
2801 2757 2937 2822 fere
3005 2755 3272 2823 nullum
3336 2757 3540 2825 habet
3581 2759 3793 2845 juva-

2232 2872 2543 2930 mentum
2618 2863 3075 2931 dt·s‹,·nsionis:
3141 2874 3420 2954 propter
3486 2866 3668 2956 quod
3728 2875 3794 2932 et

2229 2975 2414 3039 corvi
2449 2972 2626 3063 nigri
2651 2981 2717 3040 et
2746 2973 3108 3041 corniculae
3133 2973 3530 3064 deplumant
3566 2975 3792 3064 ipsum

2229 3087 2294 3145 et
2323 3079 2601 3167 ejiciunt
2639 3086 2703 3146 et
2753 3078 3101 3168 expellunt
3166 3079 3249 3145 «le
3316 3079 3786 3146 cadaveribus.

2226 3183 2472 3254 Ethoc
2526 3190 2728 3254 etiam
2794 3185 3051 3254 faciunt
3097 3188 3156 3253 ei
3216 3187 3365 3253 alim
3423 3210 3632 3255 aves:
3689 3194 3793 3256 est

2224 3294 2406 3361 enim
2448 3297 2676 3385 gravis
2705 3294 2997 3371 volatus,
3043 3302 3104 3360 et
3177 3296 3391 3385 piger,
3429 3303 3493 3362 et
3547 3295 3790 3362 vilium

2224 3425 2523 3481 morum,
2557 3410 2622 3470 et
2660 3405 2852 3492 quasi
2895 3426 3165 3492 semper
3194 3403 3542 3473 vociferat.
3580 3412 3642 3471 et
3684 3403 3791 3470 fa-

2222 3530 2404 3577 mem
2471 3512 2726 3601 patitur
2762 3519 3042 3601 propter
3066 3511 3413 3601 pigritiam
3465 3510 3783 3579 venandi.

2223 3616 2379 3685 llaee
2417 3626 2647 3686 autem
2705 3619 2852 3686 avis
2908 3642 2948 3685 a
3005 3617 3205 3685 nobis
3243 3620 3473 3709 potius
3529 3618 3788 3709 speeies

2218 3725 2407 3792 milvi
2469 3749 2677 3817 quam
2728 3725 3021 3793 vulturis
3070 3750 3219 3793 esse
3291 3726 3562 3794 dicitur.
3618 3724 3781 3804 Sed,

2220 3837 2291 3895 ut
2350 3827 2674 3906 diximus,
2748 3830 2980 3897 omnia
3058 3827 3453 3918 hujusmodi
3531 3851 3785 3921 genera

2220 3935 2500 4025 Antiqui
2536 3936 2844 4004 vultures
2899 3935 3360 4026 appellabant.

2307 4059 2421 4127 Est
2454 4067 2683 4127 autem
2716 4060 2938 4128 adhuc
2969 4059 3154 4128 aliud
3206 4083 3424 4151 genus
3463 4058 3779 4139 vulturis,

2216 4167 2398 4256 qnod
2457 4167 2742 4235 albalon
2783 4168 3047 4259 antiqui
3112 4170 3509 4236 (Ira-eorum
3570 4190 3788 4235 voca-

2215 4284 2486 4351 verunt,
2530 4284 2597 4344 et
2641 4285 2742 4344 est
2790 4278 3011 4367 grossi
3073 4276 3258 4356 colli,
3321 4275 3583 4344 habens
3640 4274 3785 4344 alas

2214 4382 2409 4451 valde
2442 4392 2732 4453 retortas
2778 4384 2862 4452 ad
2903 4384 3190 4453 dorsum
3245 4408 3475 4463 suum,
3509 4392 3576 4452 et
3627 4408 3785 4453 ma-

2213 4493 2330 4583 gni
2372 4501 2471 4561 est
2512 4494 2827 4584 pectoris,
2863 4501 2929 4562 et
2972 4504 3039 4561 ut
3076 4494 3503 4586 frequentius
3553 4501 3783 4561 manet

2215 4601 2282 4667 in
2325 4602 2491 4692 ripis
2522 4603 2750 4680 maris,
2806 4609 3056 4672 etcum
3097 4603 3274 4692 rapit
3307 4601 3592 4692 aliquid,
3653 4600 3782 4668 fert

2215 4730 2447 4775 secum
2493 4708 2574 4775 ad
2617 4707 2923 4799 pelagus,
2969 4717 3031 4777 et
3064 4707 3155 4775 ibi
3196 4707 3494 4777 eomedit
3551 4709 3779 4798 ipsum

2212 4812 2533 4881 volando.
2573 4814 2770 4904 Fugit
2809 4823 3038 4883 autem
3072 4814 3154 4881 ad
3182 4813 3469 4906 pelagus
3503 4823 3782 4906 propter

2213 4945 2373 4990 aves
2403 4946 2556 5013 qua·
2597 4932 2754 4991 sunt
2807 4924 2876 4992 in
2936 4923 3187 5000 littore,
3232 4947 3527 5013 quarum
3583 4924 3780 4989 timet

2215 5028 2520 5097 insidias.

2301 5147 2506 5214 Aliud
2537 5148 2742 5215 etiam
2763 5146 3113 5214 vulturum
3149 5144 3498 5213 invenitur
3528 5165 3771 5235 genus,

2208 5253 2391 5343 quod
2449 5256 2686 5320 Gra-re
2768 5255 3075 5344 qresse‘on
3147 5260 3456 5332 vocatur,
3520 5259 3588 5320 et
3646 5250 3776 5319 hoc

2205 5360 2384 5451 apud
2427 5384 2553 5427 nos
2614 5384 2808 5429 verus
2875 5361 3111 5427 vultm-
3157 5359 3438 5450 proprio
3497 5359 3780 5427 nomine

2203 5476 2531 5537 vocatur:
2602 5469 2734 5536 hoe
2800 5471 2984 5535 enim
3044 5492 3264 5558 genus
3319 5469 3548 5536 solnm
3617 5492 3777 5536 vere

2203 5572 2435 5641 vultur
2472 5580 2570 5642 est
2603 5580 2670 5640 et
2700 5580 3012 5641 vocatur.
3056 5572 3214 5641 Alia
3263 5596 3430 5641 vero
3493 5595 3772 5665 genera,

2204 5683 2376 5749 sicut
2407 5681 2685 5762 alietus,
2742 5689 2808 5748 et
2846 5681 3246 5773 ossifragus,
3291 5683 3424 5750 alia
3466 5706 3616 5775 qua*
3664 5681 3778 5749 di-
