4919 6371
1923 420 2093 487 LlB.
2148 420 2242 485 vl
2293 420 2414 485 DE
2462 418 3056 501 ANlMALIBUS,
3107 419 3413 489 TRACT.
3471 418 3567 486 111

1109 597 1318 663 scitur
1337 596 1463 661 nisi
1482 618 1521 660 a
1540 592 1924 683 pastoribus
1952 590 2275 656 continue
2298 589 2680 658 observan-

1111 703 1305 794 tibus
1335 710 1646 789 tempora
1694 719 1954 772 earum,
1997 704 2062 761 et
2102 694 2254 763 ideo
2296 698 2503 763 etiam
2537 699 2681 787 opi—

1107 808 1222 874 nio
1278 804 1469 894 vulgi
1502 810 1601 868 est
1634 800 1752 867 has
1795 823 1935 866 non
1979 809 2404 870 menstruare
2447 803 2680 870 t'oemi-

1104 937 1249 981 nas,

1189 1019 1392 1087 Mulae
1421 1027 1653 1086 autern
1712 1041 1851 1086 non
1893 1028 2325 1088 menstruant
2362 1018 2669 1092 omnino,

1095 1126 1213 1194 sed
1271 1134 1647 1215 purgantur
1708 1127 1922 1193 urinae
1988 1150 2132 1193 suae
2200 1122 2665 1214 spissitudine.

1093 1233 1583 1303 Universaliter
1649 1235 1833 1302 enim
1900 1232 2334 1322 superfluitas
2383 1228 2667 1296 humida

1090 1365 1240 1432 quae
1272 1344 1477 1409 urina
1506 1351 1813 1419 vocatur,
1837 1364 1874 1407 a
1900 1342 2127 1406 vesica
2147 1335 2672 1426 quadrupedum

1093 1449 1533 1534 descenden5‚
1571 1448 1789 1514 multo
1821 1456 1926 1514 est
1979 1445 2289 1535 spissior,
2336 1467 2544 1534 quam
2585 1441 2674 1510 sit

1088 1556 1529 1648 superfluitas
1595 1553 1877 1621 humida
1916 1553 2159 1620 vesicae
2204 1551 2510 1619 hominis
2546 1573 2563 1618 :
2605 1557 2671 1618 et

1092 1666 1253 1732 ideo
1320 1670 1706 1753 purgantur
1761 1661 1916 1752 plus
1974 1683 2096 1752 per
2143 1661 2416 1727 urinam
2462 1681 2673 1749 quam

1088 1771 1326 1839 homo.
1406 1770 1618 1837 Urina
1683 1794 1846 1837 vero
1905 1771 2257 1836 asinarum
2327 1791 2364 1835 e
2427 1774 2668 1834 eontra

1084 1878 1404 1953 subtilior
1476 1887 1579 1946 est
1641 1901 1851 1969 quam
1899 1878 2099 1943 urina
2141 1876 2551 1941 asinorum:
2600 1884 2666 1942 et

1078 1985 1286 2052 urina
1318 2007 1684 2054 vaccarum
1711 1983 1912 2050 valde
1936 1991 2038 2049 est
2068 1990 2269 2050 acuta
2305 2003 2321 2049 ε
2358 1988 2428 2048 et
2455 2001 2662 2047 omne

1079 2092 1472 2184 quadrupes
1497 2091 1706 2159 habet
1752 2092 2025 2158 urinam
2066 2090 2465 2180 spissiorem
2505 2096 2664 2178 post

1080 2211 1354 2294 partum
1425 2225 1632 2293 quam
1663 2210 1818 2269 ante
1848 2210 2146 2292 partum,
2208 2208 2275 2267 et
2309 2200 2658 2290 praecipue

1082 2313 1135 2380 si
1169 2321 1545 2380 menstruet
1590 2335 1744 2381 cum
1779 2312 1991 2379 urinae
2022 2310 2413 2379 emissione.
2451 2309 2626 2377 Simi

1081 2419 1233 2488 liter
1269 2429 1499 2489 autem
1532 2430 1598 2486 et
1659 2419 1764 2487 lac
1803 2421 2108 2510 primum
2176 2417 2363 2510 quod
2412 2426 2516 2486 est
2581 2417 2652 2483 in

1081 2529 1417 2620 principio
1482 2531 1700 2597 coitus
1764 2538 1875 2595 aut
1945 2535 2202 2617 partuS,
2265 2534 2369 2593 est
2423 2523 2649 2593 simile

1078 2637 1322 2704 urinze.
1356 2637 1770 2729 Elongatum
1801 2647 2031 2705 autem
2068 2636 2575 2728 aliquantulum
2607 2658 2647 2703 a

1071 2754 1270 2835 partu
1302 2755 1404 2814 est
1430 2746 1716 2815 bonum.

1154 2852 1397 2921 Adhuc
1428 2861 1655 2922 autem
1696 2877 1915 2944 capra·
1959 2860 2025 2919 et
2055 2875 2221 2920 oves
2289 2860 2355 2919 et
2413 2875 2642 2920 vaccae

1058 2963 1456 3054 pinguiores
1504 2963 1892 3031 efficiuntur
1928 2970 2083 3052 post
2130 2963 2641 3054 impraegnatio-

1064 3092 1246 3137 nem.

1154 3176 1373 3245 Omne
1405 3184 1637 3247 autem
1688 3177 2075 3269 quadrupes
2116 3183 2189 3243 ut
2259 3176 2330 3244 in
2390 3177 2638 3268 majori

1067 3293 1257 3376 parte
1322 3285 1656 3353 desiderat
1698 3285 1954 3353 coitum
1999 3285 2066 3350 in
2127 3306 2340 3352 vere:
2401 3292 2636 3354 tamen

1067 3402 1338 3483 tempus
1404 3394 1622 3461 coitus
1661 3414 1899 3459 eorum
1940 3392 2322 3459 diversatur
2385 3414 2640 3463 secun·

1068 3502 1232 3569 dum
1288 3501 1752 3569 diversitatem
1830 3500 2137 3568 locorum
2204 3508 2273 3568 et
2338 3524 2638 3591 pascuo-

1064 3631 1219 3675 rum
1281 3629 1298 3675 :
1368 3608 1696 3699 quoniam
1781 3608 1847 3674 in
1907 3614 2140 3674 nostra
2207 3605 2634 3677 habitatione

1065 3714 1300 3784 Galliae
1341 3724 1409 3783 et
1465 3714 1849 3783 Germaniae
1906 3723 2179 3805 tempus
2216 3722 2457 3805 partus
2524 3723 2634 3784 ta-

1066 3822 1261 3903 lium,
1296 3831 1582 3891 estante
1621 3845 1768 3908 ver,
1798 3830 1862 3889 et
1913 3822 1982 3888 in
2023 3821 2358 3912 principio
2397 3824 2622 3892 veris:

1060 3942 1126 4002 et
1163 3941 1436 4025 tempus
1466 3932 1687 4000 coitus
1716 3953 1955 3999 eorum
2015 3936 2117 3996 est
2165 3932 2238 3997 in
2269 3939 2630 4000 autummo

1062 4065 1182 4132 per
1245 4042 1662 4111 contrarium
1718 4040 1865 4128 ejus
1923 4038 2107 4130 quod
2172 4038 2429 4107 dictum
2472 4048 2622 4107 est:

1063 4148 1180 4218 sed
1222 4149 1291 4216 in
1339 4147 1510 4216 locis
1564 4146 1798 4214 calidis
1838 4146 1908 4212 in
1965 4144 2215 4237 quibus
2256 4152 2630 4238 temperata

1063 4265 1164 4324 est
1212 4254 1460 4333 hiems,
1501 4262 1747 4323 coeunt
1777 4255 1844 4320 in
1867 4253 2153 4344 pricipio
2192 4253 2376 4320 veris
2407 4260 2475 4320 et
2514 4276 2632 4344 pa-

1064 4365 1249 4432 riunt
1276 4364 1345 4432 in
1376 4369 1733 4431 autumno.
1784 4361 1980 4429 l‘orci
2014 4368 2244 4428 autem
2292 4360 2629 4429 domesti-

1062 4473 1122 4540 ci
1161 4495 1283 4564 per
1309 4480 1605 4563 quatuor
1634 4492 1902 4538 menses
1961 4469 2527 4561 impraegnantur,
2561 4478 2626 4538 et

1057 4579 1314 4649 faciunt
1366 4579 1734 4670 aliquando
1783 4576 1986 4646 simul
2043 4577 2288 4669 viginti
2331 4577 2511 4645 tilios
2540 4578 2624 4646 ad

1053 4688 1208 4781 plus
1244 4710 1260 4755 ε
1303 4686 1426 4756 sed
1482 4687 1757 4778 quando
1814 4693 1914 4752 tot
1945 4686 2241 4775 pariunt,
2284 4707 2424 4754 nou
2466 4693 2628 4776 pot-

1051 4807 1253 4869 erunt
1309 4819 1552 4866 omnes
1600 4796 1873 4866 lectare.
1938 4795 2122 4862 Licet
2177 4803 2408 4863 auu-m
2438 4797 2624 4865 anti-

1052 4914 1352 5000 quentur
1402 4903 1727 4982 saeminae,
1798 4900 2249 4971 nihilominus
2344 4904 2624 4993 pariunt

1051 5013 1259 5084 simul
1289 5013 1545 5082 multos
1577 5036 1593 5081 :
1629 5010 1746 5079 sed
1802 5009 2109 5078 tardatur
2144 5017 2418 5101 tempus
2455 5033 2620 5101 par-

1052 5132 1162 5192 tus
1192 5144 1431 5191 earum
1457 5120 1821 5214 plusquam
1853 5117 1922 5184 in
1944 5116 2342 5206 juvenibus,
2385 5126 2453 5187 et
2481 5124 2616 5186 tar-

1051 5230 1205 5299 dius
1234 5237 1565 5322 appetunt
1582 5227 1862 5304 coitum.
1902 5247 2120 5316 neque
2151 5245 2395 5293 omnes
2434 5224 2612 5295 titios

1051 5340 1325 5430 pariunt
1362 5360 1450 5406 ex
1479 5359 1619 5404 uno
1667 5334 1876 5410 coitu,
1931 5331 2049 5399 sed
2089 5331 2320 5422 potius
2384 5354 2609 5402 mares

1047 5468 1227 5538 saepe
1292 5443 1544 5513 saliunt
1591 5440 1928 5518 toeminas‚
2005 5447 2069 5506 et
2126 5446 2284 5530 post
2345 5440 2603 5509 coitum

1039 5551 1409 5645 aliquando
1464 5551 1604 5618 exit
1646 5572 1731 5617 ex
1782 5547 2087 5640 appetitu
2132 5568 2339 5637 quem
2381 5545 2605 5615 kalca-

1036 5685 1191 5732 ram
1218 5660 1644 5738 vocavimus.
1675 5658 1742 5727 id
1771 5656 1957 5749 quod
2004 5662 2293 5723 vocatur
2328 5656 2608 5725 anitnol

1037 5769 1318 5863 ingenii.
1391 5765 1672 5837 Occasio
1747 5771 1976 5832 autem
2033 5762 2426 5831 diminuens
2486 5760 2600 5830 vel

4216 425 4341 490 357

2792 614 3233 681 corrumpens
3264 590 3524 667 scr-tum,
3586 600 3871 658 vocatur
3907 591 3989 657 ab
4030 592 4345 680 Antiquis

2790 700 3261 775 martlmormz,
3308 699 3492 786 quod
3549 707 3649 764 est
3701 699 3943 765 vitium
3985 700 4279 766 matricis
4326 722 4339 764 :

2789 815 2852 872 et
2883 805 3012 870 hoe
3041 804 3281 870 accidit
3325 806 3391 869 in
3433 803 3731 891 qualibet
3788 814 3975 893 parte
4017 808 4337 873 matricis.

2788 911 2957 977 Cum
3029 918 3256 977 autem
3311 933 3518 1000 porea
3560 913 3849 1002 peperit,
3893 914 4112 1001 primo
4181 923 4339 980 nato

2783 1018 2924 1084 filio
2980 1018 3094 1085 dat
3141 1041 3516 1086 mammam
3559 1022 3879 1110 primam,
3914 1029 3978 1088 et
4036 1021 4132 1088 sic
4188 1021 4335 1087 aliis

2787 1125 2942 1194 siliis
2999 1127 3110 1195 dat
3163 1128 3472 1196 ordinate
3536 1151 3900 1206 mammas,
3971 1128 4335 1218 aliquando

2789 1241 3016 1301 tamen
3055 1232 3185 1301 hoc
3216 1257 3352 1299 nou
3386 1232 3648 1300 accidit.

2872 1342 3113 1410 Adhuc
3170 1350 3396 1408 autem
3455 1364 3663 1430 porca
3710 1343 3983 1432 quando
4042 1342 4332 1409 multum

2786 1451 3039 1539 appetit
3068 1451 3351 1527 coitum,
3394 1472 3534 1516 non
3575 1449 3854 1517 dimittit
3909 1450 4154 1517 saltare
4186 1472 4336 1516 ma-

2786 1578 2927 1622 rem
2968 1578 3170 1644 super
3199 1577 3375 1633 eam,
3402 1556 3617 1624 donec
3647 1555 3987 1623 declinent
4015 1557 4333 1624 auriculae

2777 1664 2863 1739 ei,
2899 1664 3057 1753 quia
3099 1670 3260 1730 tunc
3299 1664 3534 1753 incipit
3572 1663 3851 1731 affluere
3908 1686 4201 1754 sperma,
4265 1672 4331 1732 et

2776 1778 2936 1838 tune
2965 1771 3211 1839 suffieit
3250 1774 3312 1840 ei
3351 1772 3929 1839 semiconcubitus
3961 1771 4047 1839 ad
4076 1794 4328 1840 conce-

2772 1888 3006 1969 ptum:
3044 1883 3192 1948 etsi
3241 1904 3465 1971 porcae
3529 1881 3702 1949 sorte
3774 1905 3908 1948 non
3977 1881 4323 1948 descendit

2770 2010 3005 2057 semen
3040 1989 3442 2057 concubitus
3482 1991 3549 2055 in
3582 1987 4025 2056 delectatione
4051 1989 4323 2079 quando

2771 2098 3116 2166 descendit
3152 2121 3191 2165 a
3240 2098 3572 2176 mascu10‚
3617 2106 3811 2164 motu
3841 2098 4145 2187 corporis
4184 2099 4320 2164 iin-

2767 2207 2953 2296 pedit
3015 2207 3415 2274 descensum
3469 2207 3828 2297 spermatis
3894 2205 4202 2284 masculi,
4253 2215 4317 2275 et

2769 2314 3060 2381 retardat
3098 2314 3538 2382 concubitum
3569 2321 3646 2380 ut
3671 2314 3934 2380 semina
3964 2314 4315 2404 utriusque

2762 2423 2832 2489 in
2862 2423 3225 2490 concubitu
3256 2423 3784 2513 conjungantur.
3821 2420 4169 2488 Hordeum
4200 2443 4318 2487 au-

2759 2538 2897 2597 tem
2927 2554 3007 2598 eo
3049 2530 3234 2621 quod
3262 2541 3363 2597 est
3395 2530 3805 2609 inflativum,
3840 2536 3939 2596 est
3967 2528 4189 2596 bonus
4226 2529 4317 2596 ci-

2755 2637 2883 2705 bus
2958 2637 3261 2706 masculo
3327 2639 3513 2728 porci
3595 2636 3865 2704 saltanti
3936 2636 4306 2704 [mininam.

2754 2744 3106 2813 Hordeum
3137 2754 3366 2813 autem
3399 2754 3667 2812 coctum
3712 2750 3812 2811 est
3860 2741 4081 2810 bonus
4121 2742 4311 2810 cibus

2747 2851 3051 2943 scrophis
3084 2854 3565 2944 impraegnatis.

2839 2962 3078 3030 Adhuc
3124 2971 3354 3029 autem
3418 2958 3732 3052 quaedam
3801 2980 4020 3048 porcae
4088 2958 4305 3024 bonos

2746 3070 3014 3158 pariunt
3090 3091 3333 3159 porcos
3409 3068 3476 3133 in
3535 3068 3922 3155 juventute,
3995 3064 4304 3154 quaedam

2748 3185 2977 3246 autem
3034 3200 3173 3245 non
3226 3184 3407 3260 tunc,
3451 3175 3566 3243 sed
3618 3177 3893 3243 ineunte
3927 3181 4123 3241 aetate
4146 3197 4305 3264 per-

2746 3286 2940 3356 secta.
3030 3284 3324 3365 Quidam
3390 3293 3620 3352 autem
3695 3282 4010 3351 homines
4071 3281 4303 3350 dicunt

2746 3418 2988 3486 porros
3044 3395 3245 3471 mori,
3327 3393 3601 3483 quando
3662 3390 3875 3459 altero
3942 3391 4299 3458 oculorum

2745 3502 3113 3571 orbantur:
3155 3510 3220 3568 et
3248 3499 3378 3569 hoc
3414 3499 3801 3592 frequenter
3836 3506 3904 3564 et
3958 3519 4096 3564 non
4127 3520 4299 3564 sem-

2742 3635 2864 3702 per
2904 3610 3262 3701 contingit.
3334 3607 3493 3676 Vita
3543 3615 3774 3675 autem
3813 3607 4001 3697 porci
4041 3615 4115 3674 ut
4162 3606 4294 3673 fre·

2742 3719 3059 3811 qut-atius
3113 3725 3214 3787 est
3263 3718 3507 3808 viginti
3554 3716 3859 3808 quinque
3924 3737 4286 3782 annorum.
