<?xml version="1.0" encoding="UTF-8"?>
<!DOCTYPE html PUBLIC "-//W3C//DTD XHTML 1.0 Transitional//EN"
    "http://www.w3.org/TR/xhtml1/DTD/xhtml1-transitional.dtd">
<html xmlns="http://www.w3.org/1999/xhtml" xml:lang="en" lang="en">
 <head>
  <title>
</title>
<meta http-equiv="Content-Type" content="text/html;charset=utf-8" />
  <meta name='ocr-system' content='tesseract 3.04.00' />
  <meta name='ocr-capabilities' content='ocr_page ocr_carea ocr_par ocr_line ocrx_word'/>
</head>
<body>
  <div class='ocr_page' id='page_1' title='image "balbertimagnira01chgoog_0695.png"; bbox 0 0 4919 6371; ppageno 0'>
   <div class='ocr_carea' id='block_1_1' title="bbox 1973 541 3647 621">
    <p class='ocr_par' dir='ltr' id='par_1_1' title="bbox 1973 541 3647 621">
     <span class='ocr_line' id='line_1_1' title="bbox 1973 541 3647 621; baseline 0 -12"><span class='ocrx_word' id='word_1_1' title='bbox 1973 542 2139 612; x_wconf 74' lang='grc' dir='ltr'><strong>ΗΒ.</strong></span> <span class='ocrx_word' id='word_1_2' title='bbox 2193 543 2320 610; x_wconf 88' lang='lat' dir='ltr'><strong>Xll</strong></span> <span class='ocrx_word' id='word_1_3' title='bbox 2373 543 2491 608; x_wconf 76' lang='lat' dir='ltr'><strong>DE</strong></span> <span class='ocrx_word' id='word_1_4' title='bbox 2542 541 3133 621; x_wconf 82' lang='lat' dir='ltr'><strong>ANlMALlBUS,</strong></span> <span class='ocrx_word' id='word_1_5' title='bbox 3184 542 3493 609; x_wconf 81' lang='lat' dir='ltr'><strong>TRACT.</strong></span> <span class='ocrx_word' id='word_1_6' title='bbox 3553 544 3647 609; x_wconf 86' lang='grc' dir='ltr'><strong>ΠΙ</strong></span> 
     </span>
    </p>
   </div>
   <div class='ocr_carea' id='block_1_2' title="bbox 1700 1589 2157 1658">
    <p class='ocr_par' dir='ltr' id='par_1_2' title="bbox 1700 1589 2157 1658">
     <span class='ocr_line' id='line_1_2' title="bbox 1700 1589 2157 1658; baseline -0.007 0"><span class='ocrx_word' id='word_1_7' title='bbox 1700 1589 1992 1658; x_wconf 72' lang='lat' dir='ltr'>CAPUT</span> <span class='ocrx_word' id='word_1_8' title='bbox 2040 1589 2157 1656; x_wconf 81' lang='lat' dir='ltr'><strong>lv.</strong></span> 
     </span>
    </p>
   </div>
   <div class='ocr_carea' id='block_1_3' title="bbox 1134 2311 2696 2511">
    <p class='ocr_par' dir='ltr' id='par_1_3' title="bbox 1134 2311 2696 2511">
     <span class='ocr_line' id='line_1_3' title="bbox 1134 2311 2696 2413; baseline 0.005 -34"><span class='ocrx_word' id='word_1_9' title='bbox 1134 2313 1241 2379; x_wconf 84' lang='lat' dir='ltr'><strong>De</strong></span> <span class='ocrx_word' id='word_1_10' title='bbox 1269 2311 1713 2404; x_wconf 75' lang='lat' dir='ltr'><em>dispositione</em></span> <span class='ocrx_word' id='word_1_11' title='bbox 1751 2325 1814 2381; x_wconf 83' lang='lat' dir='ltr'><strong>e!</strong></span> <span class='ocrx_word' id='word_1_12' title='bbox 1861 2339 2069 2384; x_wconf 79' lang='lat' dir='ltr'><strong>causa</strong></span> <span class='ocrx_word' id='word_1_13' title='bbox 2099 2321 2256 2386; x_wconf 78' lang='lat' dir='ltr'><strong>nasi</strong></span> <span class='ocrx_word' id='word_1_14' title='bbox 2311 2320 2696 2413; x_wconf 77' lang='lat' dir='ltr'><strong>elephantis</strong></span> 
     </span>
     <span class='ocr_line' id='line_1_4' title="bbox 1197 2422 2625 2511; baseline 0.011 -26"><span class='ocrx_word' id='word_1_15' title='bbox 1197 2429 1263 2486; x_wconf 80' lang='lat' dir='ltr'><strong>et</strong></span> <span class='ocrx_word' id='word_1_16' title='bbox 1291 2422 1754 2511; x_wconf 81' lang='lat' dir='ltr'><strong>quorumdam</strong></span> <span class='ocrx_word' id='word_1_17' title='bbox 1797 2428 2212 2497; x_wconf 78' lang='lat' dir='ltr'><strong>animalium</strong></span> <span class='ocrx_word' id='word_1_18' title='bbox 2245 2435 2625 2501; x_wconf 79' lang='lat' dir='ltr'><strong>ovantium.</strong></span> 
     </span>
    </p>
   </div>
   <div class='ocr_carea' id='block_1_4' title="bbox 1131 3247 2691 3584">
    <p class='ocr_par' dir='ltr' id='par_1_4' title="bbox 1131 3247 2691 3584">
     <span class='ocr_line' id='line_1_5' title="bbox 1224 3247 2691 3368; baseline 0.018 -35"><span class='ocrx_word' id='word_1_19' title='bbox 1224 3269 1337 3335; x_wconf 74' lang='lat' dir='ltr'><strong>sic</strong></span> <span class='ocrx_word' id='word_1_20' title='bbox 1371 3271 1576 3362; x_wconf 91' lang='lat' dir='ltr'><strong>igitur</strong></span> <span class='ocrx_word' id='word_1_21' title='bbox 1605 3247 1696 3342; x_wconf 26' lang='lat' dir='ltr'><strong>‘de</strong></span> <span class='ocrx_word' id='word_1_22' title='bbox 1746 3283 2021 3368; x_wconf 76' lang='lat' dir='ltr'><strong>organis</strong></span> <span class='ocrx_word' id='word_1_23' title='bbox 2068 3283 2497 3355; x_wconf 86' lang='lat' dir='ltr'><strong>inductorum</strong></span> <span class='ocrx_word' id='word_1_24' title='bbox 2531 3313 2691 3358; x_wconf 83' lang='lat' dir='ltr'><strong>sen-</strong></span> 
     </span>
     <span class='ocr_line' id='line_1_6' title="bbox 1131 3389 2684 3487; baseline 0.017 -48"><span class='ocrx_word' id='word_1_25' title='bbox 1131 3398 1332 3442; x_wconf 87' lang='lat' dir='ltr'><strong>suum</strong></span> <span class='ocrx_word' id='word_1_26' title='bbox 1375 3389 1803 3468; x_wconf 74' lang='lat' dir='ltr'><strong>pertractato,</strong></span> <span class='ocrx_word' id='word_1_27' title='bbox 1847 3393 2316 3483; x_wconf 84' lang='lat' dir='ltr'><strong>oportetquod</strong></span> <span class='ocrx_word' id='word_1_28' title='bbox 2348 3418 2684 3487; x_wconf 88' lang='lat' dir='ltr'><strong>organum</strong></span> 
     </span>
     <span class='ocr_line' id='line_1_7' title="bbox 1131 3482 2689 3584; baseline 0.016 -37"><span class='ocrx_word' id='word_1_29' title='bbox 1131 3482 1419 3551; x_wconf 89' lang='lat' dir='ltr'><strong>olfactus</strong></span> <span class='ocrx_word' id='word_1_30' title='bbox 1452 3488 1518 3554; x_wconf 92' lang='lat' dir='ltr'><strong>in</strong></span> <span class='ocrx_word' id='word_1_31' title='bbox 1548 3490 2100 3584; x_wconf 67' lang='lat' dir='ltr'><strong>quadrupedibus</strong></span> <span class='ocrx_word' id='word_1_32' title='bbox 2151 3509 2214 3567; x_wconf 90' lang='lat' dir='ltr'><strong>et</strong></span> <span class='ocrx_word' id='word_1_33' title='bbox 2266 3501 2332 3568; x_wconf 90' lang='lat' dir='ltr'><strong>in</strong></span> <span class='ocrx_word' id='word_1_34' title='bbox 2364 3505 2689 3573; x_wconf 88' lang='lat' dir='ltr'><strong>animali-</strong></span> 
     </span>
    </p>
   </div>
   <div class='ocr_carea' id='block_1_5' title="bbox 1129 3914 2690 5952">
    <p class='ocr_par' dir='ltr' id='par_1_5' title="bbox 1129 3914 2687 5079">
     <span class='ocr_line' id='line_1_8' title="bbox 1134 3914 2682 4004; baseline 0.016 -24"><span class='ocrx_word' id='word_1_35' title='bbox 1134 3920 1308 3983; x_wconf 89' lang='lat' dir='ltr'><strong>tum.</strong></span> <span class='ocrx_word' id='word_1_36' title='bbox 1346 3914 1666 3987; x_wconf 85' lang='lat' dir='ltr'><strong>Salvator</strong></span> <span class='ocrx_word' id='word_1_37' title='bbox 1703 3932 1932 3993; x_wconf 91' lang='lat' dir='ltr'><strong>autem</strong></span> <span class='ocrx_word' id='word_1_38' title='bbox 1973 3926 2100 3996; x_wconf 86' lang='lat' dir='ltr'><strong>hoe</strong></span> <span class='ocrx_word' id='word_1_39' title='bbox 2154 3930 2682 4004; x_wconf 74' lang='lat' dir='ltr'><strong>instrumentum</strong></span> 
     </span>
     <span class='ocr_line' id='line_1_9' title="bbox 1137 4024 2684 4121; baseline 0.016 -32"><span class='ocrx_word' id='word_1_40' title='bbox 1137 4024 1205 4090; x_wconf 91' lang='lat' dir='ltr'><strong>in</strong></span> <span class='ocrx_word' id='word_1_41' title='bbox 1267 4026 1576 4095; x_wconf 89' lang='lat' dir='ltr'><strong>membro</strong></span> <span class='ocrx_word' id='word_1_42' title='bbox 1617 4033 1800 4121; x_wconf 89' lang='lat' dir='ltr'><strong>quod</strong></span> <span class='ocrx_word' id='word_1_43' title='bbox 1860 4035 1925 4102; x_wconf 92' lang='lat' dir='ltr'><strong>in</strong></span> <span class='ocrx_word' id='word_1_44' title='bbox 1965 4037 2214 4106; x_wconf 83' lang='lat' dir='ltr'><strong>talibus</strong></span> <span class='ocrx_word' id='word_1_45' title='bbox 2270 4043 2684 4112; x_wconf 82' lang='lat' dir='ltr'><strong>animalibus</strong></span> 
     </span>
     <span class='ocr_line' id='line_1_10' title="bbox 1131 4144 2684 4234; baseline 0.017 -39"><span class='ocrx_word' id='word_1_46' title='bbox 1131 4153 1343 4198; x_wconf 78' lang='lat' dir='ltr'><strong>nasus</strong></span> <span class='ocrx_word' id='word_1_47' title='bbox 1379 4145 1663 4206; x_wconf 74' lang='lat' dir='ltr'><strong>vocatur</strong></span> <span class='ocrx_word' id='word_1_48' title='bbox 1697 4162 1710 4206; x_wconf 91' lang='lat'>:</span> <span class='ocrx_word' id='word_1_49' title='bbox 1754 4165 1836 4207; x_wconf 88' lang='lat' dir='ltr'><strong>eo</strong></span> <span class='ocrx_word' id='word_1_50' title='bbox 1867 4144 2046 4234; x_wconf 90' lang='lat' dir='ltr'><strong>quad</strong></span> <span class='ocrx_word' id='word_1_51' title='bbox 2087 4145 2214 4214; x_wconf 89' lang='lat' dir='ltr'><strong>tale</strong></span> <span class='ocrx_word' id='word_1_52' title='bbox 2262 4150 2517 4218; x_wconf 91' lang='lat' dir='ltr'><strong>animal</strong></span> <span class='ocrx_word' id='word_1_53' title='bbox 2554 4150 2684 4220; x_wconf 92' lang='lat' dir='ltr'><strong>ha-</strong></span> 
     </span>
     <span class='ocr_line' id='line_1_11' title="bbox 1131 4235 2685 4341; baseline 0.015 -37"><span class='ocrx_word' id='word_1_54' title='bbox 1131 4235 1243 4305; x_wconf 80' lang='lat' dir='ltr'><strong>lwt</strong></span> <span class='ocrx_word' id='word_1_55' title='bbox 1277 4240 1501 4310; x_wconf 78' lang='lat' dir='ltr'><strong>fauces</strong></span> <span class='ocrx_word' id='word_1_56' title='bbox 1540 4244 1803 4338; x_wconf 86' lang='lat' dir='ltr'><strong>longas,</strong></span> <span class='ocrx_word' id='word_1_57' title='bbox 1840 4274 1988 4341; x_wconf 61' lang='lat' dir='ltr'><strong>qua*</strong></span> <span class='ocrx_word' id='word_1_58' title='bbox 2026 4264 2182 4323; x_wconf 88' lang='lat' dir='ltr'><strong>sunt</strong></span> <span class='ocrx_word' id='word_1_59' title='bbox 2213 4256 2363 4325; x_wconf 83' lang='lat' dir='ltr'><strong>‹luae</strong></span> <span class='ocrx_word' id='word_1_60' title='bbox 2414 4260 2685 4326; x_wconf 87' lang='lat' dir='ltr'><strong>mandi-</strong></span> 
     </span>
     <span class='ocr_line' id='line_1_12' title="bbox 1129 4343 2676 4453; baseline 0.017 -44"><span class='ocrx_word' id='word_1_61' title='bbox 1129 4343 1308 4415; x_wconf 78' lang='lat' dir='ltr'><strong>butae</strong></span> <span class='ocrx_word' id='word_1_62' title='bbox 1345 4351 1690 4439; x_wconf 63' lang='lat' dir='ltr'><strong>produt-tm</strong></span> <span class='ocrx_word' id='word_1_63' title='bbox 1729 4357 2616 4453; x_wconf 66' lang='lat' dir='ltr'><strong>sul»utraque-maxillarum</strong></span> <span class='ocrx_word' id='word_1_64' title='bbox 2660 4392 2676 4436; x_wconf 74' lang='grc' dir='ltr'>ε</span> 
     </span>
     <span class='ocr_line' id='line_1_13' title="bbox 1131 4457 2686 4565; baseline 0.017 -45"><span class='ocrx_word' id='word_1_65' title='bbox 1131 4462 1197 4522; x_wconf 89' lang='lat' dir='ltr'><strong>et</strong></span> <span class='ocrx_word' id='word_1_66' title='bbox 1240 4457 1307 4522; x_wconf 92' lang='lat' dir='ltr'><strong>in</strong></span> <span class='ocrx_word' id='word_1_67' title='bbox 1354 4459 1908 4554; x_wconf 73' lang='lat' dir='ltr'><strong>quadrupedibus</strong></span> <span class='ocrx_word' id='word_1_68' title='bbox 1955 4471 2227 4559; x_wconf 91' lang='lat' dir='ltr'><strong>quidem</strong></span> <span class='ocrx_word' id='word_1_69' title='bbox 2291 4476 2686 4565; x_wconf 73' lang='lat' dir='ltr'><strong>producitur</strong></span> 
     </span>
     <span class='ocr_line' id='line_1_14' title="bbox 1132 4568 2687 4663; baseline 0.015 -32"><span class='ocrx_word' id='word_1_70' title='bbox 1132 4588 1341 4634; x_wconf 89' lang='lat' dir='ltr'><strong>nasus</strong></span> <span class='ocrx_word' id='word_1_71' title='bbox 1369 4568 1452 4636; x_wconf 91' lang='lat' dir='ltr'><strong>ad</strong></span> <span class='ocrx_word' id='word_1_72' title='bbox 1484 4569 1977 4663; x_wconf 73' lang='lat' dir='ltr'><strong>longitudinem</strong></span> <span class='ocrx_word' id='word_1_73' title='bbox 2009 4588 2219 4648; x_wconf 88' lang='lat' dir='ltr'><strong>totam</strong></span> <span class='ocrx_word' id='word_1_74' title='bbox 2254 4584 2687 4653; x_wconf 79' lang='lat' dir='ltr'><strong>nnmdibula-</strong></span> 
     </span>
     <span class='ocr_line' id='line_1_15' title="bbox 1134 4674 2686 4760; baseline 0.014 -21"><span class='ocrx_word' id='word_1_75' title='bbox 1134 4696 1313 4741; x_wconf 91' lang='lat' dir='ltr'><strong>rum.</strong></span> <span class='ocrx_word' id='word_1_76' title='bbox 1354 4674 1427 4744; x_wconf 90' lang='lat' dir='ltr'><strong>ln</strong></span> <span class='ocrx_word' id='word_1_77' title='bbox 1458 4677 1608 4746; x_wconf 91' lang='lat' dir='ltr'><strong>aliis</strong></span> <span class='ocrx_word' id='word_1_78' title='bbox 1637 4689 1864 4751; x_wconf 88' lang='lat' dir='ltr'><strong>autem</strong></span> <span class='ocrx_word' id='word_1_79' title='bbox 1922 4686 2331 4755; x_wconf 83' lang='lat' dir='ltr'><strong>animalibus</strong></span> <span class='ocrx_word' id='word_1_80' title='bbox 2360 4692 2686 4760; x_wconf 80' lang='lat' dir='ltr'><strong>dividitur</strong></span> 
     </span>
     <span class='ocr_line' id='line_1_16' title="bbox 1139 4793 2677 4881; baseline 0.015 -34"><span class='ocrx_word' id='word_1_81' title='bbox 1139 4805 1376 4850; x_wconf 78' lang='lat' dir='ltr'><strong>versus</strong></span> <span class='ocrx_word' id='word_1_82' title='bbox 1403 4794 1764 4881; x_wconf 89' lang='lat' dir='ltr'><strong>utramque</strong></span> <span class='ocrx_word' id='word_1_83' title='bbox 1806 4793 2236 4864; x_wconf 81' lang='lat' dir='ltr'><strong>maxillarum</strong></span> <span class='ocrx_word' id='word_1_84' title='bbox 2270 4801 2451 4867; x_wconf 90' lang='lat' dir='ltr'><strong>naris</strong></span> <span class='ocrx_word' id='word_1_85' title='bbox 2481 4823 2617 4870; x_wconf 91' lang='lat' dir='ltr'><strong>una</strong></span> <span class='ocrx_word' id='word_1_86' title='bbox 2661 4824 2677 4870; x_wconf 78' lang='lat' dir='ltr'><strong>t</strong></span> 
     </span>
     <span class='ocr_line' id='line_1_17' title="bbox 1135 4899 2686 4998; baseline 0.014 -41"><span class='ocrx_word' id='word_1_87' title='bbox 1135 4900 1200 4957; x_wconf 90' lang='lat' dir='ltr'><strong>et</strong></span> <span class='ocrx_word' id='word_1_88' title='bbox 1234 4904 1538 4962; x_wconf 90' lang='lat' dir='ltr'><strong>remanet</strong></span> <span class='ocrx_word' id='word_1_89' title='bbox 1577 4919 1784 4966; x_wconf 90' lang='lat' dir='ltr'><strong>nasus</strong></span> <span class='ocrx_word' id='word_1_90' title='bbox 1823 4899 2165 4971; x_wconf 77' lang='lat' dir='ltr'><strong>breviatus</strong></span> <span class='ocrx_word' id='word_1_91' title='bbox 2205 4930 2410 4998; x_wconf 87' lang='lat' dir='ltr'><strong>super</strong></span> <span class='ocrx_word' id='word_1_92' title='bbox 2437 4933 2515 4976; x_wconf 89' lang='lat' dir='ltr'><strong>os</strong></span> <span class='ocrx_word' id='word_1_93' title='bbox 2543 4911 2686 4979; x_wconf 83' lang='lat' dir='ltr'><strong>ani·</strong></span> 
     </span>
     <span class='ocr_line' id='line_1_18' title="bbox 1137 4997 2006 5079; baseline 0.015 -15"><span class='ocrx_word' id='word_1_94' title='bbox 1137 4997 1361 5079; x_wconf 89' lang='lat' dir='ltr'><strong>malis,</strong></span> <span class='ocrx_word' id='word_1_95' title='bbox 1403 5000 1576 5071; x_wconf 83' lang='lat' dir='ltr'><strong>sicut</strong></span> <span class='ocrx_word' id='word_1_96' title='bbox 1606 5004 1675 5072; x_wconf 88' lang='lat' dir='ltr'><strong>in</strong></span> <span class='ocrx_word' id='word_1_97' title='bbox 1705 5003 2006 5077; x_wconf 84' lang='lat' dir='ltr'><strong>bomine.</strong></span> 
     </span>
    </p>

    <p class='ocr_par' dir='ltr' id='par_1_6' title="bbox 1132 5104 2690 5952">
     <span class='ocr_line' id='line_1_19' title="bbox 1228 5104 2685 5214; baseline 0.014 -44"><span class='ocrx_word' id='word_1_98' title='bbox 1228 5104 1410 5174; x_wconf 88' lang='lat' dir='ltr'><strong>lnter</strong></span> <span class='ocrx_word' id='word_1_99' title='bbox 1460 5110 1691 5178; x_wconf 84' lang='lat' dir='ltr'><strong>onmia</strong></span> <span class='ocrx_word' id='word_1_100' title='bbox 1766 5124 1991 5183; x_wconf 83' lang='lat' dir='ltr'><strong>autem</strong></span> <span class='ocrx_word' id='word_1_101' title='bbox 2032 5118 2354 5188; x_wconf 86' lang='lat' dir='ltr'><strong>animalia</strong></span> <span class='ocrx_word' id='word_1_102' title='bbox 2411 5120 2685 5214; x_wconf 86' lang='lat' dir='ltr'><strong>elephas</strong></span> 
     </span>
     <span class='ocr_line' id='line_1_20' title="bbox 1134 5212 2686 5316; baseline 0.013 -36"><span class='ocrx_word' id='word_1_103' title='bbox 1134 5212 1266 5282; x_wconf 94' lang='lat' dir='ltr'><strong>hoc</strong></span> <span class='ocrx_word' id='word_1_104' title='bbox 1328 5219 1682 5307; x_wconf 87' lang='lat' dir='ltr'><strong>proprium</strong></span> <span class='ocrx_word' id='word_1_105' title='bbox 1741 5218 1969 5303; x_wconf 77' lang='lat' dir='ltr'><strong>habet,</strong></span> <span class='ocrx_word' id='word_1_106' title='bbox 2022 5228 2204 5316; x_wconf 89' lang='lat' dir='ltr'><strong>quod</strong></span> <span class='ocrx_word' id='word_1_107' title='bbox 2249 5250 2456 5297; x_wconf 89' lang='lat' dir='ltr'><strong>nasus</strong></span> <span class='ocrx_word' id='word_1_108' title='bbox 2522 5253 2686 5299; x_wconf 89' lang='lat' dir='ltr'><strong>suus</strong></span> 
     </span>
     <span class='ocr_line' id='line_1_21' title="bbox 1132 5323 2685 5432; baseline 0.013 -43"><span class='ocrx_word' id='word_1_109' title='bbox 1132 5323 1328 5391; x_wconf 71' lang='lat' dir='ltr'><strong>valde</strong></span> <span class='ocrx_word' id='word_1_110' title='bbox 1368 5326 1817 5420; x_wconf 78' lang='lat' dir='ltr'><strong>prolongatur</strong></span> <span class='ocrx_word' id='word_1_111' title='bbox 1850 5354 1865 5398; x_wconf 90' lang='lat'>:</span> <span class='ocrx_word' id='word_1_112' title='bbox 1897 5342 1959 5399; x_wconf 89' lang='lat' dir='ltr'><strong>et</strong></span> <span class='ocrx_word' id='word_1_113' title='bbox 2021 5335 2172 5403; x_wconf 88' lang='lat' dir='ltr'><strong>ideo</strong></span> <span class='ocrx_word' id='word_1_114' title='bbox 2211 5346 2336 5415; x_wconf 72' lang='lat' dir='ltr'><strong>est,</strong></span> <span class='ocrx_word' id='word_1_115' title='bbox 2379 5347 2451 5407; x_wconf 93' lang='lat' dir='ltr'><strong>ut</strong></span> <span class='ocrx_word' id='word_1_116' title='bbox 2482 5364 2685 5432; x_wconf 86' lang='lat' dir='ltr'><strong>supra</strong></span> 
     </span>
     <span class='ocr_line' id='line_1_22' title="bbox 1132 5430 2686 5538; baseline 0.011 -40"><span class='ocrx_word' id='word_1_117' title='bbox 1132 5430 1455 5515; x_wconf 78' lang='lat' dir='ltr'><strong>diximuS,</strong></span> <span class='ocrx_word' id='word_1_118' title='bbox 1489 5439 1649 5526; x_wconf 87' lang='lat' dir='ltr'><strong>quia</strong></span> <span class='ocrx_word' id='word_1_119' title='bbox 1671 5438 2194 5512; x_wconf 83' lang='lat' dir='ltr'><strong>instrumentum</strong></span> <span class='ocrx_word' id='word_1_120' title='bbox 2228 5446 2513 5516; x_wconf 90' lang='lat' dir='ltr'><strong>olfactus</strong></span> <span class='ocrx_word' id='word_1_121' title='bbox 2541 5450 2686 5538; x_wconf 85' lang='lat' dir='ltr'><strong>ejus</strong></span> 
     </span>
     <span class='ocr_line' id='line_1_23' title="bbox 1134 5540 2688 5630; baseline 0.013 -22"><span class='ocrx_word' id='word_1_122' title='bbox 1134 5540 1386 5611; x_wconf 86' lang='lat' dir='ltr'><strong>multas</strong></span> <span class='ocrx_word' id='word_1_123' title='bbox 1430 5541 1631 5614; x_wconf 86' lang='lat' dir='ltr'><strong>habet</strong></span> <span class='ocrx_word' id='word_1_124' title='bbox 1683 5549 1989 5630; x_wconf 77' lang='lat' dir='ltr'><strong>virtutes,</strong></span> <span class='ocrx_word' id='word_1_125' title='bbox 2041 5562 2108 5620; x_wconf 72' lang='lat' dir='ltr'><strong>et</strong></span> <span class='ocrx_word' id='word_1_126' title='bbox 2157 5555 2247 5623; x_wconf 85' lang='lat' dir='ltr'><strong>ad</strong></span> <span class='ocrx_word' id='word_1_127' title='bbox 2306 5556 2555 5628; x_wconf 91' lang='lat' dir='ltr'><strong>multas</strong></span> <span class='ocrx_word' id='word_1_128' title='bbox 2584 5569 2688 5628; x_wconf 89' lang='lat' dir='ltr'><strong>est</strong></span> 
     </span>
     <span class='ocr_line' id='line_1_24' title="bbox 1133 5649 2689 5757; baseline 0.013 -41"><span class='ocrx_word' id='word_1_129' title='bbox 1133 5649 1461 5718; x_wconf 84' lang='lat' dir='ltr'><strong>utilitates</strong></span> <span class='ocrx_word' id='word_1_130' title='bbox 1506 5674 1520 5719; x_wconf 91' lang='lat'>:</span> <span class='ocrx_word' id='word_1_131' title='bbox 1584 5652 1716 5724; x_wconf 90' lang='lat' dir='ltr'><strong>hoc</strong></span> <span class='ocrx_word' id='word_1_132' title='bbox 1763 5660 1943 5726; x_wconf 87' lang='lat' dir='ltr'><strong>enim</strong></span> <span class='ocrx_word' id='word_1_133' title='bbox 2002 5669 2103 5728; x_wconf 89' lang='lat' dir='ltr'><strong>est</strong></span> <span class='ocrx_word' id='word_1_134' title='bbox 2151 5662 2537 5733; x_wconf 85' lang='lat' dir='ltr'><strong>membrum</strong></span> <span class='ocrx_word' id='word_1_135' title='bbox 2569 5690 2689 5757; x_wconf 88' lang='lat' dir='ltr'><strong>per</strong></span> 
     </span>
     <span class='ocr_line' id='line_1_25' title="bbox 1138 5757 2689 5852; baseline 0.013 -28"><span class='ocrx_word' id='word_1_136' title='bbox 1138 5757 1326 5848; x_wconf 91' lang='lat' dir='ltr'><strong>quod</strong></span> <span class='ocrx_word' id='word_1_137' title='bbox 1355 5757 1485 5827; x_wconf 89' lang='lat' dir='ltr'><strong>hoc</strong></span> <span class='ocrx_word' id='word_1_138' title='bbox 1515 5762 1769 5831; x_wconf 88' lang='lat' dir='ltr'><strong>animal</strong></span> <span class='ocrx_word' id='word_1_139' title='bbox 1802 5764 2028 5834; x_wconf 88' lang='lat' dir='ltr'><strong>eibum</strong></span> <span class='ocrx_word' id='word_1_140' title='bbox 2069 5767 2153 5835; x_wconf 89' lang='lat' dir='ltr'><strong>ad</strong></span> <span class='ocrx_word' id='word_1_141' title='bbox 2184 5790 2262 5836; x_wconf 92' lang='lat' dir='ltr'><strong>os</strong></span> <span class='ocrx_word' id='word_1_142' title='bbox 2283 5769 2577 5852; x_wconf 81' lang='lat' dir='ltr'><strong>deducit,</strong></span> <span class='ocrx_word' id='word_1_143' title='bbox 2622 5782 2689 5844; x_wconf 90' lang='lat' dir='ltr'><strong>et</strong></span> 
     </span>
     <span class='ocr_line' id='line_1_26' title="bbox 1139 5865 2690 5952; baseline 0.012 -19"><span class='ocrx_word' id='word_1_144' title='bbox 1139 5865 1213 5933; x_wconf 90' lang='lat' dir='ltr'><strong>in</strong></span> <span class='ocrx_word' id='word_1_145' title='bbox 1250 5866 1574 5936; x_wconf 90' lang='lat' dir='ltr'><strong>omnibus</strong></span> <span class='ocrx_word' id='word_1_146' title='bbox 1609 5868 1748 5939; x_wconf 91' lang='lat' dir='ltr'><strong>fere</strong></span> <span class='ocrx_word' id='word_1_147' title='bbox 1800 5870 1930 5945; x_wconf 91' lang='lat' dir='ltr'><strong>hoc</strong></span> <span class='ocrx_word' id='word_1_148' title='bbox 1963 5875 2414 5949; x_wconf 84' lang='lat' dir='ltr'><strong>instrumento</strong></span> <span class='ocrx_word' id='word_1_149' title='bbox 2473 5883 2690 5952; x_wconf 88' lang='lat' dir='ltr'><strong>utitur</strong></span> 
     </span>
    </p>
   </div>
   <div class='ocr_carea' id='block_1_6' title="bbox 4261 549 4388 613">
    <p class='ocr_par' dir='ltr' id='par_1_7' title="bbox 4261 549 4388 613">
     <span class='ocr_line' id='line_1_27' title="bbox 4261 549 4388 613; baseline 0.031 -4"><span class='ocrx_word' id='word_1_150' title='bbox 4261 549 4388 613; x_wconf 67' lang='lat'><strong>647</strong></span> 
     </span>
    </p>
   </div>
   <div class='ocr_carea' id='block_1_7' title="bbox 2784 713 4445 5970">
    <p class='ocr_par' dir='ltr' id='par_1_8' title="bbox 2814 713 4391 1559">
     <span class='ocr_line' id='line_1_28' title="bbox 2834 713 4391 803; baseline 0.006 -24"><span class='ocrx_word' id='word_1_151' title='bbox 2834 713 2980 781; x_wconf 84' lang='lat' dir='ltr'><strong>loeo</strong></span> <span class='ocrx_word' id='word_1_152' title='bbox 3035 737 3301 790; x_wconf 86' lang='lat' dir='ltr'><strong>manus,</strong></span> <span class='ocrx_word' id='word_1_153' title='bbox 3347 738 3499 803; x_wconf 74' lang='lat' dir='ltr'><strong>quw</strong></span> <span class='ocrx_word' id='word_1_154' title='bbox 3542 739 3683 781; x_wconf 88' lang='lat' dir='ltr'><strong>non</strong></span> <span class='ocrx_word' id='word_1_155' title='bbox 3725 719 3927 783; x_wconf 88' lang='lat' dir='ltr'><strong>unius</strong></span> <span class='ocrx_word' id='word_1_156' title='bbox 3969 720 4085 785; x_wconf 89' lang='lat' dir='ltr'><strong>sed</strong></span> <span class='ocrx_word' id='word_1_157' title='bbox 4138 722 4391 789; x_wconf 88' lang='lat' dir='ltr'><strong>multa-</strong></span> 
     </span>
     <span class='ocr_line' id='line_1_29' title="bbox 2828 820 4389 917; baseline 0.004 -29"><span class='ocrx_word' id='word_1_158' title='bbox 2828 845 2978 888; x_wconf 90' lang='lat' dir='ltr'><strong>rum</strong></span> <span class='ocrx_word' id='word_1_159' title='bbox 3022 830 3120 887; x_wconf 88' lang='lat' dir='ltr'><strong>est</strong></span> <span class='ocrx_word' id='word_1_160' title='bbox 3152 820 3521 889; x_wconf 58' lang='lat' dir='ltr'><strong>utilitatum</strong></span> <span class='ocrx_word' id='word_1_161' title='bbox 3554 846 3568 888; x_wconf 90' lang='lat'><strong>:</strong></span> <span class='ocrx_word' id='word_1_162' title='bbox 3613 825 3807 912; x_wconf 88' lang='lat' dir='ltr'><strong>ponit</strong></span> <span class='ocrx_word' id='word_1_163' title='bbox 3845 825 4027 891; x_wconf 90' lang='lat' dir='ltr'><strong>enim</strong></span> <span class='ocrx_word' id='word_1_164' title='bbox 4070 826 4389 917; x_wconf 89' lang='lat' dir='ltr'><strong>aliquan-</strong></span> 
     </span>
     <span class='ocr_line' id='line_1_30' title="bbox 2827 924 4385 1003; baseline 0.005 -9"><span class='ocrx_word' id='word_1_165' title='bbox 2827 926 2912 994; x_wconf 93' lang='lat' dir='ltr'><strong>do</strong></span> <span class='ocrx_word' id='word_1_166' title='bbox 2945 924 3073 994; x_wconf 88' lang='lat' dir='ltr'><strong>hoc</strong></span> <span class='ocrx_word' id='word_1_167' title='bbox 3104 928 3492 995; x_wconf 89' lang='lat' dir='ltr'><strong>membrum</strong></span> <span class='ocrx_word' id='word_1_168' title='bbox 3539 928 3623 995; x_wconf 90' lang='lat' dir='ltr'><strong>ad</strong></span> <span class='ocrx_word' id='word_1_169' title='bbox 3669 929 3947 998; x_wconf 90' lang='lat' dir='ltr'><strong>arbores</strong></span> <span class='ocrx_word' id='word_1_170' title='bbox 3989 939 4055 999; x_wconf 91' lang='lat' dir='ltr'><strong>et</strong></span> <span class='ocrx_word' id='word_1_171' title='bbox 4087 935 4385 1003; x_wconf 85' lang='lat' dir='ltr'><strong>eradicat</strong></span> 
     </span>
     <span class='ocr_line' id='line_1_31' title="bbox 2824 1036 4387 1130; baseline 0.006 -29"><span class='ocrx_word' id='word_1_172' title='bbox 2824 1058 2937 1102; x_wconf 89' lang='lat' dir='ltr'><strong>eas</strong></span> <span class='ocrx_word' id='word_1_173' title='bbox 2968 1058 2982 1101; x_wconf 90' lang='lat'><strong>:</strong></span> <span class='ocrx_word' id='word_1_174' title='bbox 3011 1043 3075 1103; x_wconf 92' lang='lat' dir='ltr'><strong>et</strong></span> <span class='ocrx_word' id='word_1_175' title='bbox 3103 1036 3235 1105; x_wconf 91' lang='lat' dir='ltr'><strong>hoc</strong></span> <span class='ocrx_word' id='word_1_176' title='bbox 3255 1039 3566 1106; x_wconf 87' lang='lat' dir='ltr'><strong>membro</strong></span> <span class='ocrx_word' id='word_1_177' title='bbox 3592 1038 3869 1129; x_wconf 88' lang='lat' dir='ltr'><strong>quidam</strong></span> <span class='ocrx_word' id='word_1_178' title='bbox 3903 1040 4182 1130; x_wconf 89' lang='lat' dir='ltr'><strong>elephas</strong></span> <span class='ocrx_word' id='word_1_179' title='bbox 4206 1051 4387 1110; x_wconf 83' lang='lat' dir='ltr'><strong>tem-</strong></span> 
     </span>
     <span class='ocr_line' id='line_1_32' title="bbox 2820 1142 4385 1240; baseline 0.006 -32"><span class='ocrx_word' id='word_1_180' title='bbox 2820 1142 3098 1232; x_wconf 89' lang='lat' dir='ltr'><strong>poribus</strong></span> <span class='ocrx_word' id='word_1_181' title='bbox 3129 1148 3379 1212; x_wconf 88' lang='lat' dir='ltr'><strong>nostris</strong></span> <span class='ocrx_word' id='word_1_182' title='bbox 3419 1147 3691 1213; x_wconf 88' lang='lat' dir='ltr'><strong>asinum</strong></span> <span class='ocrx_word' id='word_1_183' title='bbox 3725 1168 3878 1213; x_wconf 92' lang='lat' dir='ltr'><strong>cum</strong></span> <span class='ocrx_word' id='word_1_184' title='bbox 3929 1150 4187 1215; x_wconf 82' lang='lat' dir='ltr'><strong>sarcina</strong></span> <span class='ocrx_word' id='word_1_185' title='bbox 4220 1174 4385 1240; x_wconf 89' lang='lat' dir='ltr'><strong>pro-</strong></span> 
     </span>
     <span class='ocr_line' id='line_1_33' title="bbox 2816 1234 4379 1344; baseline 0.006 -27"><span class='ocrx_word' id='word_1_186' title='bbox 2816 1252 2973 1340; x_wconf 82' lang='lat' dir='ltr'><strong>jecit</strong></span> <span class='ocrx_word' id='word_1_187' title='bbox 2997 1275 3201 1342; x_wconf 85' lang='lat' dir='ltr'><strong>super</strong></span> <span class='ocrx_word' id='word_1_188' title='bbox 3229 1253 3514 1320; x_wconf 91' lang='lat' dir='ltr'><strong>domum</strong></span> <span class='ocrx_word' id='word_1_189' title='bbox 3535 1234 3932 1344; x_wconf 64' lang='lat' dir='ltr'><strong>quamdam.</strong></span> <span class='ocrx_word' id='word_1_190' title='bbox 3973 1256 4165 1323; x_wconf 87' lang='lat' dir='ltr'><strong>Sicut</strong></span> <span class='ocrx_word' id='word_1_191' title='bbox 4197 1262 4379 1328; x_wconf 86' lang='lat' dir='ltr'><strong>enim</strong></span> 
     </span>
     <span class='ocr_line' id='line_1_34' title="bbox 2817 1358 4368 1449; baseline 0.006 -24"><span class='ocrx_word' id='word_1_192' title='bbox 2817 1358 3133 1436; x_wconf 81' lang='lat' dir='ltr'><strong>diximus,</strong></span> <span class='ocrx_word' id='word_1_193' title='bbox 3172 1359 3575 1449; x_wconf 85' lang='lat' dir='ltr'><strong>proboscide</strong></span> <span class='ocrx_word' id='word_1_194' title='bbox 3619 1363 3763 1428; x_wconf 90' lang='lat' dir='ltr'><strong>nasi</strong></span> <span class='ocrx_word' id='word_1_195' title='bbox 3796 1363 3899 1428; x_wconf 92' lang='lat' dir='ltr'><strong>sui</strong></span> <span class='ocrx_word' id='word_1_196' title='bbox 3961 1367 4176 1431; x_wconf 89' lang='lat' dir='ltr'><strong>utitur</strong></span> <span class='ocrx_word' id='word_1_197' title='bbox 4218 1364 4368 1434; x_wconf 88' lang='lat' dir='ltr'><strong>loco</strong></span> 
     </span>
     <span class='ocr_line' id='line_1_35' title="bbox 2814 1467 4275 1559; baseline 0.005 -29"><span class='ocrx_word' id='word_1_198' title='bbox 2814 1487 3079 1544; x_wconf 87' lang='lat' dir='ltr'><strong>manus,</strong></span> <span class='ocrx_word' id='word_1_199' title='bbox 3127 1468 3283 1533; x_wconf 88' lang='lat' dir='ltr'><strong>etin</strong></span> <span class='ocrx_word' id='word_1_200' title='bbox 3314 1467 3636 1534; x_wconf 89' lang='lat' dir='ltr'><strong>omnibus</strong></span> <span class='ocrx_word' id='word_1_201' title='bbox 3680 1468 4072 1559; x_wconf 82' lang='lat' dir='ltr'><strong>indigentiis</strong></span> <span class='ocrx_word' id='word_1_202' title='bbox 4111 1473 4275 1537; x_wconf 84' lang='lat' dir='ltr'><strong>suis.</strong></span> 
     </span>
    </p>

    <p class='ocr_par' dir='ltr' id='par_1_9' title="bbox 2784 1570 4374 4898">
     <span class='ocr_line' id='line_1_36' title="bbox 2900 1570 4374 1645; baseline 0.005 -8"><span class='ocrx_word' id='word_1_203' title='bbox 2900 1570 3142 1640; x_wconf 84' lang='lat' dir='ltr'><strong>Adhuc</strong></span> <span class='ocrx_word' id='word_1_204' title='bbox 3161 1581 3388 1640; x_wconf 89' lang='lat' dir='ltr'><strong>autem</strong></span> <span class='ocrx_word' id='word_1_205' title='bbox 3431 1574 3741 1642; x_wconf 87' lang='lat' dir='ltr'><strong>naturale</strong></span> <span class='ocrx_word' id='word_1_206' title='bbox 3771 1584 3873 1643; x_wconf 90' lang='lat' dir='ltr'><strong>est</strong></span> <span class='ocrx_word' id='word_1_207' title='bbox 3905 1574 4064 1644; x_wconf 89' lang='lat' dir='ltr'><strong>huic</strong></span> <span class='ocrx_word' id='word_1_208' title='bbox 4103 1580 4374 1645; x_wconf 90' lang='lat' dir='ltr'><strong>anima-</strong></span> 
     </span>
     <span class='ocr_line' id='line_1_37' title="bbox 2810 1677 4369 1772; baseline 0.006 -30"><span class='ocrx_word' id='word_1_209' title='bbox 2810 1677 2859 1743; x_wconf 88' lang='lat' dir='ltr'><strong>li</strong></span> <span class='ocrx_word' id='word_1_210' title='bbox 2890 1701 3033 1746; x_wconf 88' lang='lat' dir='ltr'><strong>esse</strong></span> <span class='ocrx_word' id='word_1_211' title='bbox 3066 1680 3137 1745; x_wconf 88' lang='lat' dir='ltr'><strong>in</strong></span> <span class='ocrx_word' id='word_1_212' title='bbox 3176 1679 3457 1748; x_wconf 87' lang='lat' dir='ltr'><strong>desertis</strong></span> <span class='ocrx_word' id='word_1_213' title='bbox 3487 1688 3554 1748; x_wconf 87' lang='lat' dir='ltr'><strong>et</strong></span> <span class='ocrx_word' id='word_1_214' title='bbox 3582 1682 3653 1748; x_wconf 89' lang='lat' dir='ltr'><strong>in</strong></span> <span class='ocrx_word' id='word_1_215' title='bbox 3684 1684 3964 1772; x_wconf 87' lang='lat' dir='ltr'><strong>aquosis</strong></span> <span class='ocrx_word' id='word_1_216' title='bbox 4003 1683 4170 1753; x_wconf 90' lang='lat' dir='ltr'><strong>locis</strong></span> <span class='ocrx_word' id='word_1_217' title='bbox 4216 1708 4230 1752; x_wconf 74' lang='grc' dir='ltr'>ε</span> <span class='ocrx_word' id='word_1_218' title='bbox 4265 1687 4369 1752; x_wconf 86' lang='lat' dir='ltr'><strong>ci—</strong></span> 
     </span>
     <span class='ocr_line' id='line_1_38' title="bbox 2810 1785 4371 1881; baseline 0.005 -29"><span class='ocrx_word' id='word_1_219' title='bbox 2810 1785 3010 1854; x_wconf 87' lang='lat' dir='ltr'><strong>batur</strong></span> <span class='ocrx_word' id='word_1_220' title='bbox 3036 1787 3218 1854; x_wconf 90' lang='lat' dir='ltr'><strong>enim</strong></span> <span class='ocrx_word' id='word_1_221' title='bbox 3251 1811 3334 1855; x_wconf 84' lang='lat' dir='ltr'><strong>ex</strong></span> <span class='ocrx_word' id='word_1_222' title='bbox 3356 1786 3798 1878; x_wconf 81' lang='lat' dir='ltr'><strong>palustribuS,</strong></span> <span class='ocrx_word' id='word_1_223' title='bbox 3833 1798 3900 1858; x_wconf 91' lang='lat' dir='ltr'><strong>et</strong></span> <span class='ocrx_word' id='word_1_224' title='bbox 3930 1813 4108 1881; x_wconf 81' lang='lat' dir='ltr'><strong>saepe</strong></span> <span class='ocrx_word' id='word_1_225' title='bbox 4138 1814 4211 1859; x_wconf 89' lang='lat' dir='ltr'><strong>se</strong></span> <span class='ocrx_word' id='word_1_226' title='bbox 4232 1793 4371 1859; x_wconf 90' lang='lat' dir='ltr'><strong>im-</strong></span> 
     </span>
     <span class='ocr_line' id='line_1_39' title="bbox 2807 1894 4361 1985; baseline 0.005 -25"><span class='ocrx_word' id='word_1_227' title='bbox 2807 1895 3058 1985; x_wconf 86' lang='lat' dir='ltr'><strong>mergit</strong></span> <span class='ocrx_word' id='word_1_228' title='bbox 3094 1895 3311 1985; x_wconf 88' lang='lat' dir='ltr'><strong>aquis.</strong></span> <span class='ocrx_word' id='word_1_229' title='bbox 3350 1894 3522 1963; x_wconf 90' lang='lat' dir='ltr'><strong>Cum</strong></span> <span class='ocrx_word' id='word_1_230' title='bbox 3564 1904 3793 1964; x_wconf 89' lang='lat' dir='ltr'><strong>autem</strong></span> <span class='ocrx_word' id='word_1_231' title='bbox 3834 1897 3922 1964; x_wconf 91' lang='lat' dir='ltr'><strong>sit</strong></span> <span class='ocrx_word' id='word_1_232' title='bbox 3961 1897 4045 1965; x_wconf 91' lang='lat' dir='ltr'><strong>de</strong></span> <span class='ocrx_word' id='word_1_233' title='bbox 4075 1921 4361 1967; x_wconf 90' lang='lat' dir='ltr'><strong>numero</strong></span> 
     </span>
     <span class='ocr_line' id='line_1_40' title="bbox 2810 2001 4371 2093; baseline 0.003 -24"><span class='ocrx_word' id='word_1_234' title='bbox 2810 2001 3209 2070; x_wconf 87' lang='lat' dir='ltr'><strong>animalium</strong></span> <span class='ocrx_word' id='word_1_235' title='bbox 3268 2004 3731 2093; x_wconf 85' lang='lat' dir='ltr'><strong>gressibilium</strong></span> <span class='ocrx_word' id='word_1_236' title='bbox 3762 2003 4165 2074; x_wconf 85' lang='lat' dir='ltr'><strong>habentium</strong></span> <span class='ocrx_word' id='word_1_237' title='bbox 4206 2030 4371 2075; x_wconf 86' lang='lat' dir='ltr'><strong>san-</strong></span> 
     </span>
     <span class='ocr_line' id='line_1_41' title="bbox 2808 2111 4363 2203; baseline 0.005 -26"><span class='ocrx_word' id='word_1_238' title='bbox 2808 2111 3111 2201; x_wconf 88' lang='lat' dir='ltr'><strong>guinem,</strong></span> <span class='ocrx_word' id='word_1_239' title='bbox 3138 2119 3404 2202; x_wconf 88' lang='lat' dir='ltr'><strong>oportet</strong></span> <span class='ocrx_word' id='word_1_240' title='bbox 3435 2112 3621 2203; x_wconf 89' lang='lat' dir='ltr'><strong>quod</strong></span> <span class='ocrx_word' id='word_1_241' title='bbox 3651 2111 3900 2181; x_wconf 89' lang='lat' dir='ltr'><strong>habeat</strong></span> <span class='ocrx_word' id='word_1_242' title='bbox 3930 2113 4309 2182; x_wconf 85' lang='lat' dir='ltr'><strong>anhelitum</strong></span> <span class='ocrx_word' id='word_1_243' title='bbox 4346 2139 4363 2185; x_wconf 74' lang='grc' dir='ltr'><strong><em>ε</em></strong></span> 
     </span>
     <span class='ocr_line' id='line_1_42' title="bbox 2807 2215 4364 2313; baseline 0.004 -29"><span class='ocrx_word' id='word_1_244' title='bbox 2807 2215 2917 2286; x_wconf 92' lang='lat' dir='ltr'><strong>hic</strong></span> <span class='ocrx_word' id='word_1_245' title='bbox 2945 2227 3173 2287; x_wconf 90' lang='lat' dir='ltr'><strong>autem</strong></span> <span class='ocrx_word' id='word_1_246' title='bbox 3205 2219 3548 2288; x_wconf 84' lang='lat' dir='ltr'><strong>anhelitus</strong></span> <span class='ocrx_word' id='word_1_247' title='bbox 3587 2229 3879 2311; x_wconf 90' lang='lat' dir='ltr'><strong>augetur</strong></span> <span class='ocrx_word' id='word_1_248' title='bbox 3907 2244 3992 2289; x_wconf 86' lang='lat' dir='ltr'><strong>ex</strong></span> <span class='ocrx_word' id='word_1_249' title='bbox 4031 2225 4364 2313; x_wconf 83' lang='lat' dir='ltr'><strong>gravitate</strong></span> 
     </span>
     <span class='ocr_line' id='line_1_43' title="bbox 2806 2325 4370 2421; baseline 0.003 -27"><span class='ocrx_word' id='word_1_250' title='bbox 2806 2325 3195 2394; x_wconf 90' lang='lat' dir='ltr'><strong>ambulandi</strong></span> <span class='ocrx_word' id='word_1_251' title='bbox 3221 2349 3340 2417; x_wconf 92' lang='lat' dir='ltr'><strong>per</strong></span> <span class='ocrx_word' id='word_1_252' title='bbox 3370 2328 3520 2395; x_wconf 88' lang='lat' dir='ltr'><strong>loca</strong></span> <span class='ocrx_word' id='word_1_253' title='bbox 3542 2326 3852 2407; x_wconf 90' lang='lat' dir='ltr'><strong>humida,</strong></span> <span class='ocrx_word' id='word_1_254' title='bbox 3890 2352 3971 2397; x_wconf 93' lang='lat' dir='ltr'><strong>eo</strong></span> <span class='ocrx_word' id='word_1_255' title='bbox 3997 2330 4180 2421; x_wconf 89' lang='lat' dir='ltr'><strong>quod</strong></span> <span class='ocrx_word' id='word_1_256' title='bbox 4202 2353 4370 2421; x_wconf 91' lang='lat' dir='ltr'><strong>pro-</strong></span> 
     </span>
     <span class='ocr_line' id='line_1_44' title="bbox 2805 2431 4366 2528; baseline 0.003 -29"><span class='ocrx_word' id='word_1_257' title='bbox 2805 2431 3006 2501; x_wconf 88' lang='lat' dir='ltr'><strong>funde</strong></span> <span class='ocrx_word' id='word_1_258' title='bbox 3070 2435 3506 2525; x_wconf 87' lang='lat' dir='ltr'><strong>immergitur</strong></span> <span class='ocrx_word' id='word_1_259' title='bbox 3561 2456 3643 2501; x_wconf 83' lang='lat' dir='ltr'><strong>ex</strong></span> <span class='ocrx_word' id='word_1_260' title='bbox 3694 2435 3997 2525; x_wconf 90' lang='lat' dir='ltr'><strong>pondere</strong></span> <span class='ocrx_word' id='word_1_261' title='bbox 4057 2440 4366 2528; x_wconf 88' lang='lat' dir='ltr'><strong>corporis</strong></span> 
     </span>
     <span class='ocr_line' id='line_1_45' title="bbox 2804 2540 4362 2631; baseline 0.003 -25"><span class='ocrx_word' id='word_1_262' title='bbox 2804 2540 2906 2606; x_wconf 90' lang='lat' dir='ltr'><strong>sui</strong></span> <span class='ocrx_word' id='word_1_263' title='bbox 2934 2562 2950 2606; x_wconf 74' lang='grc' dir='ltr'><em>τ</em></span> <span class='ocrx_word' id='word_1_264' title='bbox 2985 2547 3263 2630; x_wconf 90' lang='lat' dir='ltr'><strong>propter</strong></span> <span class='ocrx_word' id='word_1_265' title='bbox 3290 2540 3477 2631; x_wconf 89' lang='lat' dir='ltr'><strong>quod</strong></span> <span class='ocrx_word' id='word_1_266' title='bbox 3506 2543 3713 2608; x_wconf 88' lang='lat' dir='ltr'><strong>etiam</strong></span> <span class='ocrx_word' id='word_1_267' title='bbox 3745 2541 3975 2609; x_wconf 87' lang='lat' dir='ltr'><strong>eibum</strong></span> <span class='ocrx_word' id='word_1_268' title='bbox 4001 2540 4362 2611; x_wconf 89' lang='lat' dir='ltr'><strong>humidum</strong></span> 
     </span>
     <span class='ocr_line' id='line_1_46' title="bbox 2805 2646 4365 2739; baseline 0.003 -26"><span class='ocrx_word' id='word_1_269' title='bbox 2805 2650 3040 2737; x_wconf 78' lang='lat' dir='ltr'><strong>quaerit</strong></span> <span class='ocrx_word' id='word_1_270' title='bbox 3088 2646 3173 2714; x_wconf 90' lang='lat' dir='ltr'><strong>ad</strong></span> <span class='ocrx_word' id='word_1_271' title='bbox 3221 2647 3675 2739; x_wconf 80' lang='lat' dir='ltr'><strong>refrigerium.</strong></span> <span class='ocrx_word' id='word_1_272' title='bbox 3730 2648 3902 2717; x_wconf 90' lang='lat' dir='ltr'><strong>Cum</strong></span> <span class='ocrx_word' id='word_1_273' title='bbox 3946 2657 4174 2717; x_wconf 84' lang='lat' dir='ltr'><strong>autem</strong></span> <span class='ocrx_word' id='word_1_274' title='bbox 4227 2653 4365 2718; x_wconf 89' lang='lat' dir='ltr'><strong>im-</strong></span> 
     </span>
     <span class='ocr_line' id='line_1_47' title="bbox 2803 2755 4360 2845; baseline 0.003 -25"><span class='ocrx_word' id='word_1_275' title='bbox 2803 2756 3154 2845; x_wconf 86' lang='lat' dir='ltr'><strong>mergitur,</strong></span> <span class='ocrx_word' id='word_1_276' title='bbox 3196 2755 3395 2843; x_wconf 79' lang='lat' dir='ltr'><strong>juvat</strong></span> <span class='ocrx_word' id='word_1_277' title='bbox 3434 2776 3505 2822; x_wconf 88' lang='lat' dir='ltr'><strong>sc</strong></span> <span class='ocrx_word' id='word_1_278' title='bbox 3555 2755 3641 2823; x_wconf 90' lang='lat' dir='ltr'><strong>ad</strong></span> <span class='ocrx_word' id='word_1_279' title='bbox 3700 2756 4131 2844; x_wconf 88' lang='lat' dir='ltr'><strong>spirandum,</strong></span> <span class='ocrx_word' id='word_1_280' title='bbox 4186 2760 4360 2825; x_wconf 87' lang='lat' dir='ltr'><strong>sicut</strong></span> 
     </span>
     <span class='ocr_line' id='line_1_48' title="bbox 2802 2863 4361 2958; baseline 0.004 -31"><span class='ocrx_word' id='word_1_281' title='bbox 2802 2863 3238 2954; x_wconf 84' lang='lat' dir='ltr'><strong>ingeniantur</strong></span> <span class='ocrx_word' id='word_1_282' title='bbox 3291 2866 3405 2955; x_wconf 92' lang='lat' dir='ltr'><strong>qui</strong></span> <span class='ocrx_word' id='word_1_283' title='bbox 3465 2873 3790 2955; x_wconf 88' lang='lat' dir='ltr'><strong>mergunt</strong></span> <span class='ocrx_word' id='word_1_284' title='bbox 3845 2888 3917 2933; x_wconf 91' lang='lat' dir='ltr'><strong>se</strong></span> <span class='ocrx_word' id='word_1_285' title='bbox 3981 2865 4106 2932; x_wconf 87' lang='lat' dir='ltr'><strong>sub</strong></span> <span class='ocrx_word' id='word_1_286' title='bbox 4166 2870 4361 2958; x_wconf 87' lang='lat' dir='ltr'><strong>aquis</strong></span> 
     </span>
     <span class='ocr_line' id='line_1_49' title="bbox 2801 2969 4364 3066; baseline 0.004 -29"><span class='ocrx_word' id='word_1_287' title='bbox 2801 2973 2915 3039; x_wconf 90' lang='lat' dir='ltr'><strong>diu</strong></span> <span class='ocrx_word' id='word_1_288' title='bbox 2945 2979 3298 3040; x_wconf 88' lang='lat' dir='ltr'><strong>manentes</strong></span> <span class='ocrx_word' id='word_1_289' title='bbox 3328 2972 3454 3039; x_wconf 91' lang='lat' dir='ltr'><strong>sub</strong></span> <span class='ocrx_word' id='word_1_290' title='bbox 3486 2972 3644 3040; x_wconf 89' lang='lat' dir='ltr'><strong>illis.</strong></span> <span class='ocrx_word' id='word_1_291' title='bbox 3683 2972 3875 3040; x_wconf 88' lang='lat' dir='ltr'><strong>Circa</strong></span> <span class='ocrx_word' id='word_1_292' title='bbox 3918 2995 3995 3040; x_wconf 86' lang='lat' dir='ltr'><strong>os</strong></span> <span class='ocrx_word' id='word_1_293' title='bbox 4026 2969 4209 3043; x_wconf 86' lang='lat' dir='ltr'><strong>enim</strong></span> <span class='ocrx_word' id='word_1_294' title='bbox 4236 2998 4364 3066; x_wconf 87' lang='lat' dir='ltr'><strong>ap-</strong></span> 
     </span>
     <span class='ocr_line' id='line_1_50' title="bbox 2800 3083 4358 3170; baseline 0.002 -23"><span class='ocrx_word' id='word_1_295' title='bbox 2800 3087 2864 3147; x_wconf 81' lang='lat' dir='ltr'><strong>te</strong></span> <span class='ocrx_word' id='word_1_296' title='bbox 2910 3089 3326 3170; x_wconf 91' lang='lat' dir='ltr'><strong>componunt</strong></span> <span class='ocrx_word' id='word_1_297' title='bbox 3386 3083 3924 3148; x_wconf 88' lang='lat' dir='ltr'><strong>instrumentum</strong></span> <span class='ocrx_word' id='word_1_298' title='bbox 3975 3104 4358 3151; x_wconf 89' lang='lat' dir='ltr'><strong>concavum</strong></span> 
     </span>
     <span class='ocr_line' id='line_1_51' title="bbox 2801 3187 4355 3279; baseline 0.003 -25"><span class='ocrx_word' id='word_1_299' title='bbox 2801 3187 3147 3255; x_wconf 90' lang='lat' dir='ltr'><strong>includens</strong></span> <span class='ocrx_word' id='word_1_300' title='bbox 3195 3211 3296 3267; x_wconf 90' lang='lat' dir='ltr'><strong>os,</strong></span> <span class='ocrx_word' id='word_1_301' title='bbox 3342 3196 3408 3255; x_wconf 88' lang='lat' dir='ltr'><strong>et</strong></span> <span class='ocrx_word' id='word_1_302' title='bbox 3465 3210 3710 3255; x_wconf 90' lang='lat' dir='ltr'><strong>nasum</strong></span> <span class='ocrx_word' id='word_1_303' title='bbox 3762 3196 3917 3279; x_wconf 90' lang='lat' dir='ltr'><strong>apte</strong></span> <span class='ocrx_word' id='word_1_304' title='bbox 3974 3192 4355 3270; x_wconf 77' lang='lat' dir='ltr'><strong>continens,</strong></span> 
     </span>
     <span class='ocr_line' id='line_1_52' title="bbox 2797 3295 4358 3388; baseline 0.003 -26"><span class='ocrx_word' id='word_1_305' title='bbox 2797 3296 2888 3364; x_wconf 90' lang='lat' dir='ltr'><strong>ita</strong></span> <span class='ocrx_word' id='word_1_306' title='bbox 2918 3295 3101 3388; x_wconf 87' lang='lat' dir='ltr'><strong>quod</strong></span> <span class='ocrx_word' id='word_1_307' title='bbox 3145 3319 3322 3387; x_wconf 87' lang='lat' dir='ltr'><strong>aqua</strong></span> <span class='ocrx_word' id='word_1_308' title='bbox 3353 3296 3615 3387; x_wconf 89' lang='lat' dir='ltr'><strong>ingredi</strong></span> <span class='ocrx_word' id='word_1_309' title='bbox 3667 3319 3806 3364; x_wconf 90' lang='lat' dir='ltr'><strong>non</strong></span> <span class='ocrx_word' id='word_1_310' title='bbox 3838 3304 4064 3387; x_wconf 87' lang='lat' dir='ltr'><strong>potest</strong></span> <span class='ocrx_word' id='word_1_311' title='bbox 4109 3320 4124 3365; x_wconf 77' lang='lat' dir='ltr'><strong><em>z</em></strong></span> <span class='ocrx_word' id='word_1_312' title='bbox 4172 3307 4238 3367; x_wconf 92' lang='lat' dir='ltr'><strong>et</strong></span> <span class='ocrx_word' id='word_1_313' title='bbox 4288 3299 4358 3367; x_wconf 90' lang='lat' dir='ltr'><strong>in</strong></span> 
     </span>
     <span class='ocr_line' id='line_1_53' title="bbox 2793 3403 4358 3495; baseline 0.001 -22"><span class='ocrx_word' id='word_1_314' title='bbox 2793 3411 3025 3473; x_wconf 78' lang='lat' dir='ltr'><strong>centro</strong></span> <span class='ocrx_word' id='word_1_315' title='bbox 3068 3403 3246 3471; x_wconf 90' lang='lat' dir='ltr'><strong>illius</strong></span> <span class='ocrx_word' id='word_1_316' title='bbox 3285 3403 3766 3495; x_wconf 85' lang='lat' dir='ltr'><strong>longissimam</strong></span> <span class='ocrx_word' id='word_1_317' title='bbox 3808 3404 4106 3495; x_wconf 83' lang='lat' dir='ltr'><strong>infigunt</strong></span> <span class='ocrx_word' id='word_1_318' title='bbox 4160 3408 4358 3474; x_wconf 83' lang='lat' dir='ltr'><strong>listu-</strong></span> 
     </span>
     <span class='ocr_line' id='line_1_54' title="bbox 2794 3511 4355 3603; baseline 0.002 -23"><span class='ocrx_word' id='word_1_319' title='bbox 2794 3511 3177 3601; x_wconf 86' lang='lat' dir='ltr'><strong>lam,cujus</strong></span> <span class='ocrx_word' id='word_1_320' title='bbox 3208 3513 3546 3580; x_wconf 76' lang='lat' dir='ltr'><strong>orificium</strong></span> <span class='ocrx_word' id='word_1_321' title='bbox 3597 3535 3870 3603; x_wconf 87' lang='lat' dir='ltr'><strong>semper</strong></span> <span class='ocrx_word' id='word_1_322' title='bbox 3926 3522 4027 3580; x_wconf 88' lang='lat' dir='ltr'><strong>est</strong></span> <span class='ocrx_word' id='word_1_323' title='bbox 4079 3514 4149 3581; x_wconf 90' lang='lat' dir='ltr'><strong>in</strong></span> <span class='ocrx_word' id='word_1_324' title='bbox 4201 3539 4355 3584; x_wconf 87' lang='lat' dir='ltr'><strong>aere</strong></span> 
     </span>
     <span class='ocr_line' id='line_1_55' title="bbox 2791 3620 4357 3712; baseline 0.003 -25"><span class='ocrx_word' id='word_1_325' title='bbox 2791 3642 2994 3712; x_wconf 84' lang='lat' dir='ltr'><strong>super</strong></span> <span class='ocrx_word' id='word_1_326' title='bbox 3043 3642 3345 3712; x_wconf 89' lang='lat' dir='ltr'><strong>aquam:</strong></span> <span class='ocrx_word' id='word_1_327' title='bbox 3400 3628 3469 3688; x_wconf 88' lang='lat' dir='ltr'><strong>ot</strong></span> <span class='ocrx_word' id='word_1_328' title='bbox 3505 3641 3628 3711; x_wconf 90' lang='lat' dir='ltr'><strong>per</strong></span> <span class='ocrx_word' id='word_1_329' title='bbox 3695 3620 3861 3688; x_wconf 89' lang='lat' dir='ltr'><strong>illud</strong></span> <span class='ocrx_word' id='word_1_330' title='bbox 3939 3620 4357 3691; x_wconf 84' lang='lat' dir='ltr'><strong>attrahentes</strong></span> 
     </span>
     <span class='ocr_line' id='line_1_56' title="bbox 2791 3726 4349 3820; baseline 0.002 -26"><span class='ocrx_word' id='word_1_331' title='bbox 2791 3750 3041 3804; x_wconf 86' lang='lat' dir='ltr'><strong>aerem,</strong></span> <span class='ocrx_word' id='word_1_332' title='bbox 3094 3726 3209 3794; x_wconf 91' lang='lat' dir='ltr'><strong>diu</strong></span> <span class='ocrx_word' id='word_1_333' title='bbox 3258 3735 3553 3818; x_wconf 85' lang='lat' dir='ltr'><strong>possunt</strong></span> <span class='ocrx_word' id='word_1_334' title='bbox 3610 3750 3890 3796; x_wconf 76' lang='lat' dir='ltr'><strong>manere</strong></span> <span class='ocrx_word' id='word_1_335' title='bbox 3941 3727 4070 3795; x_wconf 90' lang='lat' dir='ltr'><strong>sub</strong></span> <span class='ocrx_word' id='word_1_336' title='bbox 4129 3732 4349 3820; x_wconf 85' lang='lat' dir='ltr'><strong>aquis.</strong></span> 
     </span>
     <span class='ocr_line' id='line_1_57' title="bbox 2794 3833 4356 3927; baseline 0.001 -25"><span class='ocrx_word' id='word_1_337' title='bbox 2794 3835 2874 3904; x_wconf 81' lang='lat' dir='ltr'><strong>Et</strong></span> <span class='ocrx_word' id='word_1_338' title='bbox 2911 3833 3041 3903; x_wconf 82' lang='lat' dir='ltr'><strong>hoe</strong></span> <span class='ocrx_word' id='word_1_339' title='bbox 3071 3833 3282 3902; x_wconf 90' lang='lat' dir='ltr'><strong>modo</strong></span> <span class='ocrx_word' id='word_1_340' title='bbox 3308 3834 3660 3926; x_wconf 88' lang='lat' dir='ltr'><strong>ingeniata</strong></span> <span class='ocrx_word' id='word_1_341' title='bbox 3699 3844 3802 3903; x_wconf 86' lang='lat' dir='ltr'><strong>est</strong></span> <span class='ocrx_word' id='word_1_342' title='bbox 3843 3844 4087 3904; x_wconf 86' lang='lat' dir='ltr'><strong>natura</strong></span> <span class='ocrx_word' id='word_1_343' title='bbox 4113 3859 4356 3927; x_wconf 86' lang='lat' dir='ltr'><strong>paran-</strong></span> 
     </span>
     <span class='ocr_line' id='line_1_58' title="bbox 2790 3940 4348 4033; baseline 0.001 -23"><span class='ocrx_word' id='word_1_344' title='bbox 2790 3942 2877 4010; x_wconf 91' lang='lat' dir='ltr'><strong>do</strong></span> <span class='ocrx_word' id='word_1_345' title='bbox 2931 3942 3213 4032; x_wconf 90' lang='lat' dir='ltr'><strong>longum</strong></span> <span class='ocrx_word' id='word_1_346' title='bbox 3257 3964 3501 4009; x_wconf 89' lang='lat' dir='ltr'><strong>nasum</strong></span> <span class='ocrx_word' id='word_1_347' title='bbox 3559 3940 3951 4032; x_wconf 84' lang='lat' dir='ltr'><strong>elephanti:</strong></span> <span class='ocrx_word' id='word_1_348' title='bbox 3988 3946 4148 4033; x_wconf 89' lang='lat' dir='ltr'><strong>quia</strong></span> <span class='ocrx_word' id='word_1_349' title='bbox 4191 3968 4348 4012; x_wconf 80' lang='lat' dir='ltr'><strong>cum</strong></span> 
     </span>
     <span class='ocr_line' id='line_1_59' title="bbox 2788 4049 4347 4141; baseline 0.001 -24"><span class='ocrx_word' id='word_1_350' title='bbox 2788 4059 3063 4141; x_wconf 83' lang='lat' dir='ltr'><strong>propter</strong></span> <span class='ocrx_word' id='word_1_351' title='bbox 3134 4049 3404 4140; x_wconf 87' lang='lat' dir='ltr'><strong>pondus</strong></span> <span class='ocrx_word' id='word_1_352' title='bbox 3476 4051 3784 4140; x_wconf 88' lang='lat' dir='ltr'><strong>corporis</strong></span> <span class='ocrx_word' id='word_1_353' title='bbox 3854 4050 4147 4119; x_wconf 90' lang='lat' dir='ltr'><strong>multum</strong></span> <span class='ocrx_word' id='word_1_354' title='bbox 4219 4053 4347 4119; x_wconf 88' lang='lat' dir='ltr'><strong>sub</strong></span> 
     </span>
     <span class='ocr_line' id='line_1_60' title="bbox 2788 4156 4342 4250; baseline -0.001 -24"><span class='ocrx_word' id='word_1_355' title='bbox 2788 4180 2965 4249; x_wconf 87' lang='lat' dir='ltr'><strong>aqua</strong></span> <span class='ocrx_word' id='word_1_356' title='bbox 3019 4156 3493 4249; x_wconf 87' lang='lat' dir='ltr'><strong>profundatur,</strong></span> <span class='ocrx_word' id='word_1_357' title='bbox 3554 4179 3798 4225; x_wconf 87' lang='lat' dir='ltr'><strong>nasum</strong></span> <span class='ocrx_word' id='word_1_358' title='bbox 3869 4159 4069 4250; x_wconf 87' lang='lat' dir='ltr'><strong>erigit</strong></span> <span class='ocrx_word' id='word_1_359' title='bbox 4136 4182 4342 4250; x_wconf 80' lang='lat' dir='ltr'><strong>super</strong></span> 
     </span>
     <span class='ocr_line' id='line_1_61' title="bbox 2787 4265 4338 4358; baseline 0.001 -25"><span class='ocrx_word' id='word_1_360' title='bbox 2787 4288 3061 4358; x_wconf 86' lang='lat' dir='ltr'><strong>aquam,</strong></span> <span class='ocrx_word' id='word_1_361' title='bbox 3123 4273 3192 4333; x_wconf 89' lang='lat' dir='ltr'><strong>et</strong></span> <span class='ocrx_word' id='word_1_362' title='bbox 3250 4288 3375 4356; x_wconf 90' lang='lat' dir='ltr'><strong>per</strong></span> <span class='ocrx_word' id='word_1_363' title='bbox 3441 4265 3668 4357; x_wconf 88' lang='lat' dir='ltr'><strong>ipsum</strong></span> <span class='ocrx_word' id='word_1_364' title='bbox 3739 4266 4027 4356; x_wconf 88' lang='lat' dir='ltr'><strong>inspirat</strong></span> <span class='ocrx_word' id='word_1_365' title='bbox 4084 4290 4338 4335; x_wconf 81' lang='lat' dir='ltr'><strong>aerem.</strong></span> 
     </span>
     <span class='ocr_line' id='line_1_62' title="bbox 2788 4371 4341 4464; baseline 0.003 -25"><span class='ocrx_word' id='word_1_366' title='bbox 2788 4372 3055 4441; x_wconf 89' lang='lat' dir='ltr'><strong>Creatio</strong></span> <span class='ocrx_word' id='word_1_367' title='bbox 3086 4381 3314 4440; x_wconf 88' lang='lat' dir='ltr'><strong>autem</strong></span> <span class='ocrx_word' id='word_1_368' title='bbox 3345 4373 3519 4461; x_wconf 84' lang='lat' dir='ltr'><strong>ejus.</strong></span> <span class='ocrx_word' id='word_1_369' title='bbox 3559 4372 3735 4440; x_wconf 86' lang='lat' dir='ltr'><strong>sicut</strong></span> <span class='ocrx_word' id='word_1_370' title='bbox 3762 4371 4063 4440; x_wconf 84' lang='lat' dir='ltr'><strong>diximus</strong></span> <span class='ocrx_word' id='word_1_371' title='bbox 4110 4397 4341 4464; x_wconf 88' lang='lat' dir='ltr'><strong>supra.</strong></span> 
     </span>
     <span class='ocr_line' id='line_1_63' title="bbox 2787 4480 4339 4572; baseline 0.001 -24"><span class='ocrx_word' id='word_1_372' title='bbox 2787 4490 2881 4548; x_wconf 84' lang='lat' dir='ltr'><strong>est</strong></span> <span class='ocrx_word' id='word_1_373' title='bbox 2924 4481 3102 4548; x_wconf 90' lang='lat' dir='ltr'><strong>inter</strong></span> <span class='ocrx_word' id='word_1_374' title='bbox 3138 4480 3416 4549; x_wconf 88' lang='lat' dir='ltr'><strong>mollem</strong></span> <span class='ocrx_word' id='word_1_375' title='bbox 3474 4488 3541 4549; x_wconf 93' lang='lat' dir='ltr'><strong>et</strong></span> <span class='ocrx_word' id='word_1_376' title='bbox 3577 4480 3820 4548; x_wconf 87' lang='lat' dir='ltr'><strong>duram</strong></span> <span class='ocrx_word' id='word_1_377' title='bbox 3869 4482 4339 4572; x_wconf 71' lang='lat' dir='ltr'><strong>cartilaginem</strong></span> 
     </span>
     <span class='ocr_line' id='line_1_64' title="bbox 2784 4588 4341 4682; baseline 0.003 -26"><span class='ocrx_word' id='word_1_378' title='bbox 2784 4588 2893 4656; x_wconf 85' lang='lat' dir='ltr'><strong>vel</strong></span> <span class='ocrx_word' id='word_1_379' title='bbox 2932 4611 3203 4657; x_wconf 88' lang='lat' dir='ltr'><strong>carnem</strong></span> <span class='ocrx_word' id='word_1_380' title='bbox 3241 4611 3256 4656; x_wconf 76' lang='grc' dir='ltr'><strong><em>ε</em></strong></span> <span class='ocrx_word' id='word_1_381' title='bbox 3290 4588 3550 4680; x_wconf 87' lang='lat' dir='ltr'><strong>aliquid</strong></span> <span class='ocrx_word' id='word_1_382' title='bbox 3570 4590 3755 4657; x_wconf 90' lang='lat' dir='ltr'><strong>enim</strong></span> <span class='ocrx_word' id='word_1_383' title='bbox 3787 4589 4099 4658; x_wconf 87' lang='lat' dir='ltr'><strong>mollitiei</strong></span> <span class='ocrx_word' id='word_1_384' title='bbox 4128 4614 4341 4682; x_wconf 88' lang='lat' dir='ltr'><strong>opor-</strong></span> 
     </span>
     <span class='ocr_line' id='line_1_65' title="bbox 2787 4695 4340 4788; baseline 0 -21"><span class='ocrx_word' id='word_1_385' title='bbox 2787 4701 2916 4767; x_wconf 90' lang='lat' dir='ltr'><strong>tuit</strong></span> <span class='ocrx_word' id='word_1_386' title='bbox 2954 4699 3176 4788; x_wconf 86' lang='lat' dir='ltr'><strong>ipsum</strong></span> <span class='ocrx_word' id='word_1_387' title='bbox 3232 4695 3508 4775; x_wconf 87' lang='lat' dir='ltr'><strong>habere,</strong></span> <span class='ocrx_word' id='word_1_388' title='bbox 3568 4707 3640 4764; x_wconf 91' lang='lat' dir='ltr'><strong>ut</strong></span> <span class='ocrx_word' id='word_1_389' title='bbox 3674 4707 3851 4766; x_wconf 88' lang='lat' dir='ltr'><strong>esset</strong></span> <span class='ocrx_word' id='word_1_390' title='bbox 3900 4699 4218 4768; x_wconf 82' lang='lat' dir='ltr'><strong>flexibilis</strong></span> <span class='ocrx_word' id='word_1_391' title='bbox 4256 4701 4340 4768; x_wconf 88' lang='lat' dir='ltr'><strong>ad</strong></span> 
     </span>
     <span class='ocr_line' id='line_1_66' title="bbox 2787 4805 3957 4898; baseline -0.001 -24"><span class='ocrx_word' id='word_1_392' title='bbox 2787 4829 2993 4898; x_wconf 87' lang='lat' dir='ltr'><strong>opera</strong></span> <span class='ocrx_word' id='word_1_393' title='bbox 3030 4813 3097 4874; x_wconf 91' lang='lat' dir='ltr'><strong>et</strong></span> <span class='ocrx_word' id='word_1_394' title='bbox 3135 4805 3219 4873; x_wconf 91' lang='lat' dir='ltr'><strong>ad</strong></span> <span class='ocrx_word' id='word_1_395' title='bbox 3251 4806 3662 4898; x_wconf 85' lang='lat' dir='ltr'><strong>capiendum</strong></span> <span class='ocrx_word' id='word_1_396' title='bbox 3702 4805 3957 4874; x_wconf 88' lang='lat' dir='ltr'><strong>cibum.</strong></span> 
     </span>
    </p>

    <p class='ocr_par' dir='ltr' id='par_1_10' title="bbox 2787 4912 4445 5970">
     <span class='ocr_line' id='line_1_67' title="bbox 2878 4912 4343 5004; baseline 0.001 -21"><span class='ocrx_word' id='word_1_397' title='bbox 2878 4913 3052 4983; x_wconf 87' lang='lat' dir='ltr'><strong>Sunt</strong></span> <span class='ocrx_word' id='word_1_398' title='bbox 3118 4921 3347 4982; x_wconf 85' lang='lat' dir='ltr'><strong>autem</strong></span> <span class='ocrx_word' id='word_1_399' title='bbox 3413 4912 3693 5004; x_wconf 90' lang='lat' dir='ltr'><strong>quidam</strong></span> <span class='ocrx_word' id='word_1_400' title='bbox 3761 4914 4129 4984; x_wconf 88' lang='lat' dir='ltr'><strong>referentes</strong></span> <span class='ocrx_word' id='word_1_401' title='bbox 4211 4915 4343 4984; x_wconf 88' lang='lat' dir='ltr'><strong>hoc</strong></span> 
     </span>
     <span class='ocr_line' id='line_1_68' title="bbox 2787 5019 4338 5112; baseline 0 -22"><span class='ocrx_word' id='word_1_402' title='bbox 2787 5021 2965 5090; x_wconf 89' lang='lat' dir='ltr'><strong>idem</strong></span> <span class='ocrx_word' id='word_1_403' title='bbox 2995 5020 3078 5090; x_wconf 89' lang='lat' dir='ltr'><strong>de</strong></span> <span class='ocrx_word' id='word_1_404' title='bbox 3108 5019 3429 5089; x_wconf 92' lang='lat' dir='ltr'><strong>cornibus</strong></span> <span class='ocrx_word' id='word_1_405' title='bbox 3458 5020 3915 5112; x_wconf 87' lang='lat' dir='ltr'><strong>quarumdam</strong></span> <span class='ocrx_word' id='word_1_406' title='bbox 3944 5045 4338 5102; x_wconf 84' lang='lat' dir='ltr'><strong>vaccarum,</strong></span> 
     </span>
     <span class='ocr_line' id='line_1_69' title="bbox 2788 5129 4445 5223; baseline 0.001 -27"><span class='ocrx_word' id='word_1_407' title='bbox 2788 5154 2937 5223; x_wconf 83' lang='lat' dir='ltr'><strong>qua·</strong></span> <span class='ocrx_word' id='word_1_408' title='bbox 2976 5139 3346 5221; x_wconf 87' lang='lat' dir='ltr'><strong>pascuntur</strong></span> <span class='ocrx_word' id='word_1_409' title='bbox 3384 5129 3468 5198; x_wconf 90' lang='lat' dir='ltr'><strong>ad</strong></span> <span class='ocrx_word' id='word_1_410' title='bbox 3486 5130 3849 5220; x_wconf 83' lang='lat' dir='ltr'><strong>posterius,</strong></span> <span class='ocrx_word' id='word_1_411' title='bbox 3883 5130 4001 5200; x_wconf 88' lang='lat' dir='ltr'><strong>sed</strong></span> <span class='ocrx_word' id='word_1_412' title='bbox 4040 5129 4171 5200; x_wconf 89' lang='lat' dir='ltr'><strong>hoc</strong></span> <span class='ocrx_word' id='word_1_413' title='bbox 4210 5132 4344 5220; x_wconf 84' lang='lat' dir='ltr'><strong>fig-</strong></span> <span class='ocrx_word' id='word_1_414' title='bbox 4439 5182 4445 5188; x_wconf 71' lang='lat'>-</span> 
     </span>
     <span class='ocr_line' id='line_1_70' title="bbox 2788 5236 4343 5308; baseline 0 -1"><span class='ocrx_word' id='word_1_415' title='bbox 2788 5246 3021 5308; x_wconf 88' lang='lat' dir='ltr'><strong>mento</strong></span> <span class='ocrx_word' id='word_1_416' title='bbox 3047 5236 3318 5306; x_wconf 88' lang='lat' dir='ltr'><strong>videtur</strong></span> <span class='ocrx_word' id='word_1_417' title='bbox 3363 5258 3513 5306; x_wconf 85' lang='lat' dir='ltr'><strong>esse</strong></span> <span class='ocrx_word' id='word_1_418' title='bbox 3544 5236 3791 5305; x_wconf 89' lang='lat' dir='ltr'><strong>simile.</strong></span> <span class='ocrx_word' id='word_1_419' title='bbox 3857 5236 3997 5307; x_wconf 87' lang='lat' dir='ltr'><strong>Sed</strong></span> <span class='ocrx_word' id='word_1_420' title='bbox 4034 5238 4117 5307; x_wconf 90' lang='lat' dir='ltr'><strong>de</strong></span> <span class='ocrx_word' id='word_1_421' title='bbox 4177 5262 4343 5307; x_wconf 85' lang='lat' dir='ltr'><strong>naso</strong></span> 
     </span>
     <span class='ocr_line' id='line_1_71' title="bbox 2788 5345 4352 5438; baseline 0.001 -23"><span class='ocrx_word' id='word_1_422' title='bbox 2788 5345 3163 5438; x_wconf 88' lang='lat' dir='ltr'><strong>elephantis</strong></span> <span class='ocrx_word' id='word_1_423' title='bbox 3210 5352 3470 5415; x_wconf 88' lang='lat' dir='ltr'><strong>certum</strong></span> <span class='ocrx_word' id='word_1_424' title='bbox 3527 5353 3631 5414; x_wconf 89' lang='lat' dir='ltr'><strong>est</strong></span> <span class='ocrx_word' id='word_1_425' title='bbox 3678 5345 3864 5437; x_wconf 85' lang='lat' dir='ltr'><strong>quod</strong></span> <span class='ocrx_word' id='word_1_426' title='bbox 3905 5355 4145 5414; x_wconf 87' lang='lat' dir='ltr'><strong>natura</strong></span> <span class='ocrx_word' id='word_1_427' title='bbox 4195 5347 4352 5416; x_wconf 87' lang='lat' dir='ltr'><strong>fecit</strong></span> 
     </span>
     <span class='ocr_line' id='line_1_72' title="bbox 2788 5448 4351 5540; baseline 0 -22"><span class='ocrx_word' id='word_1_428' title='bbox 2788 5472 2945 5518; x_wconf 92' lang='lat' dir='ltr'><strong>eum</strong></span> <span class='ocrx_word' id='word_1_429' title='bbox 2993 5449 3146 5517; x_wconf 89' lang='lat' dir='ltr'><strong>talis</strong></span> <span class='ocrx_word' id='word_1_430' title='bbox 3203 5449 3699 5540; x_wconf 77' lang='lat' dir='ltr'><strong>dispositioniS,</strong></span> <span class='ocrx_word' id='word_1_431' title='bbox 3763 5448 3948 5538; x_wconf 92' lang='lat' dir='ltr'><strong>quod</strong></span> <span class='ocrx_word' id='word_1_432' title='bbox 3989 5450 4058 5517; x_wconf 89' lang='lat' dir='ltr'><strong>in</strong></span> <span class='ocrx_word' id='word_1_433' title='bbox 4116 5451 4351 5519; x_wconf 84' lang='lat' dir='ltr'><strong>multis</strong></span> 
     </span>
     <span class='ocr_line' id='line_1_73' title="bbox 2792 5553 4351 5648; baseline -0.001 -23"><span class='ocrx_word' id='word_1_434' title='bbox 2792 5559 3001 5625; x_wconf 89' lang='lat' dir='ltr'><strong>utitur</strong></span> <span class='ocrx_word' id='word_1_435' title='bbox 3038 5558 3184 5648; x_wconf 90' lang='lat' dir='ltr'><strong>ipso</strong></span> <span class='ocrx_word' id='word_1_436' title='bbox 3234 5553 3773 5648; x_wconf 88' lang='lat' dir='ltr'><strong>operationibus,</strong></span> <span class='ocrx_word' id='word_1_437' title='bbox 3826 5556 3997 5624; x_wconf 90' lang='lat' dir='ltr'><strong>sicut</strong></span> <span class='ocrx_word' id='word_1_438' title='bbox 4038 5566 4137 5624; x_wconf 90' lang='lat' dir='ltr'><strong>est</strong></span> <span class='ocrx_word' id='word_1_439' title='bbox 4186 5581 4351 5624; x_wconf 86' lang='lat' dir='ltr'><strong>usus</strong></span> 
     </span>
     <span class='ocr_line' id='line_1_74' title="bbox 2793 5663 4353 5756; baseline -0.001 -22"><span class='ocrx_word' id='word_1_440' title='bbox 2793 5688 3148 5744; x_wconf 81' lang='lat' dir='ltr'><strong>manuum,</strong></span> <span class='ocrx_word' id='word_1_441' title='bbox 3183 5673 3249 5733; x_wconf 92' lang='lat' dir='ltr'><strong>et</strong></span> <span class='ocrx_word' id='word_1_442' title='bbox 3292 5666 3470 5733; x_wconf 87' lang='lat' dir='ltr'><strong>sicut</strong></span> <span class='ocrx_word' id='word_1_443' title='bbox 3506 5669 3795 5732; x_wconf 89' lang='lat' dir='ltr'><strong>utuntur</strong></span> <span class='ocrx_word' id='word_1_444' title='bbox 3832 5663 4146 5756; x_wconf 63' lang='lat' dir='ltr'><strong>quaedam</strong></span> <span class='ocrx_word' id='word_1_445' title='bbox 4197 5666 4353 5734; x_wconf 88' lang='lat' dir='ltr'><strong>ani-</strong></span> 
     </span>
     <span class='ocr_line' id='line_1_75' title="bbox 2792 5772 4352 5867; baseline 0 -24"><span class='ocrx_word' id='word_1_446' title='bbox 2792 5772 2999 5843; x_wconf 84' lang='lat' dir='ltr'><strong>malia</strong></span> <span class='ocrx_word' id='word_1_447' title='bbox 3035 5773 3323 5866; x_wconf 88' lang='lat' dir='ltr'><strong>pedibus</strong></span> <span class='ocrx_word' id='word_1_448' title='bbox 3372 5772 3853 5853; x_wconf 77' lang='lat' dir='ltr'><strong>anterioribuS,</strong></span> <span class='ocrx_word' id='word_1_449' title='bbox 3902 5781 3970 5841; x_wconf 91' lang='lat' dir='ltr'><strong>et</strong></span> <span class='ocrx_word' id='word_1_450' title='bbox 4012 5775 4352 5867; x_wconf 80' lang='lat' dir='ltr'><strong>praecipue</strong></span> 
     </span>
     <span class='ocr_line' id='line_1_76' title="bbox 2791 5878 4355 5970; baseline -0.001 -20"><span class='ocrx_word' id='word_1_451' title='bbox 2791 5883 3058 5950; x_wconf 76' lang='lat' dir='ltr'><strong>varium</strong></span> <span class='ocrx_word' id='word_1_452' title='bbox 3099 5888 3167 5950; x_wconf 90' lang='lat' dir='ltr'><strong>et</strong></span> <span class='ocrx_word' id='word_1_453' title='bbox 3196 5879 3518 5970; x_wconf 88' lang='lat' dir='ltr'><strong>spiriolus</strong></span> <span class='ocrx_word' id='word_1_454' title='bbox 3547 5888 3613 5948; x_wconf 90' lang='lat' dir='ltr'><strong>et</strong></span> <span class='ocrx_word' id='word_1_455' title='bbox 3646 5902 3802 5947; x_wconf 89' lang='lat' dir='ltr'><strong>mus</strong></span> <span class='ocrx_word' id='word_1_456' title='bbox 3831 5889 3898 5948; x_wconf 88' lang='lat' dir='ltr'><strong>et</strong></span> <span class='ocrx_word' id='word_1_457' title='bbox 3928 5881 4126 5947; x_wconf 86' lang='lat' dir='ltr'><strong>simia</strong></span> <span class='ocrx_word' id='word_1_458' title='bbox 4163 5903 4179 5947; x_wconf 90' lang='lat'><strong>:</strong></span> <span class='ocrx_word' id='word_1_459' title='bbox 4213 5878 4355 5950; x_wconf 68' lang='lat' dir='ltr'><strong>hzee</strong></span> 
     </span>
    </p>
   </div>
  </div>
 </body>
</html>
