4919 6371
1902 422 2072 489 LIB.
2126 421 2252 487 vll
2302 419 2422 486 DE
2469 413 3063 500 ANIMALIBUS,
3112 420 3422 491 TRACT.
3479 422 3539 489 11

1099 603 1361 665 menter
1387 596 1720 685 inspirant
1769 617 1855 660 ex
1893 592 2234 684 angustia,
2268 600 2334 660 et
2363 593 2498 658 cito
2539 614 2650 658 re-

1096 704 1382 769 vertitur
1444 700 1811 778 anhelituS,
1875 707 1941 767 et
2008 699 2082 765 lit
2139 695 2386 777 brevis,
2454 720 2530 765 ac
2597 697 2652 765 si

1096 816 1334 877 aestuet
1389 830 1471 874 ex
1530 806 1714 873 febre
1759 827 1773 871 :
1820 807 1980 896 quia
2021 807 2146 873 ista
2195 807 2553 877 infirmitas
2585 808 2651 874 in

1093 916 1316 984 vac-cis
1346 912 1762 981 assimilatur
1788 912 2168 982 infirmitati
2199 913 2403 981 febris
2434 915 2503 980 in
2535 912 2656 981 ho-

1096 1022 1418 1090 minibus.
1467 1018 1759 1111 Signum
1792 1028 2022 1090 autem
2054 1021 2257 1112 hujus
2294 1022 2656 1090 infirmita-

1096 1132 1182 1199 tis
1213 1136 1314 1199 est
1343 1129 1665 1198 demissio
1687 1131 2175 1218 auricularum,
2203 1140 2269 1201 et
2297 1131 2483 1223 quod
2513 1151 2653 1197 non

1097 1236 1486 1319 comedunt,
1531 1245 1597 1307 et
1634 1240 1769 1308 cito
1819 1264 1903 1308 ex
1940 1242 2071 1309 ista
2117 1240 2507 1308 moriuntur
2545 1238 2658 1304 in-

1095 1345 1414 1415 firmitate
1449 1369 1463 1415 ε
1503 1355 1570 1416 et
1602 1348 1878 1438 quando
1909 1349 2212 1439 aperitur
2237 1354 2473 1437 pectus
2503 1366 2657 1413 vac-

1098 1475 1191 1522 cae
1220 1476 1304 1522 ex
1333 1453 1462 1522 hac
1495 1453 1889 1523 infirmitate
1921 1461 2238 1534 mortuae,
2271 1454 2657 1521 manifesta·

1096 1568 1208 1628 tur
1261 1561 1608 1650 corruptio
1676 1562 1781 1627 sui
1847 1560 2221 1651 pulmonis.
2298 1560 2401 1628 Ex
2468 1560 2659 1628 ssuxu

1100 1672 1281 1738 enim
1322 1693 1362 1735 a
1390 1670 1609 1760 eapite
1647 1669 1825 1738 facto
1855 1679 2212 1763 corruptus
2253 1678 2356 1740 est
2390 1669 2655 1761 pulm0,

1102 1779 1214 1869 qui
1277 1787 1637 1868 corruptus
1701 1781 2079 1874 corrumpit
2154 1804 2383 1850 aerem
2446 1788 2662 1848 attra-

1101 1893 1286 1954 ctum
1315 1885 1401 1953 ad
1429 1887 1720 1976 pectoris
1767 1887 2192 1979 refrigerium
2227 1910 2242 1956 :
2280 1896 2345 1956 et
2375 1886 2508 1955 hoc
2556 1887 2666 1954 in-

1103 1992 1293 2061 duxit
1324 1992 1664 2061 anhelitus
1693 1993 2125 2063 velocitatem
2148 2003 2212 2062 et
2245 1995 2658 2086 angustiam.

1101 2100 1216 2170 Est
1287 2110 1518 2170 autem
1577 2110 1962 2193 expertum,
2022 2104 2205 2195 quod
2252 2100 2666 2172 termentilla

1104 2208 1259 2277 data
1300 2211 1397 2277 eis
1432 2211 1498 2276 in
1532 2216 1700 2300 potu
1740 2208 1848 2278 vel
1887 2219 2112 2302 pastu,
2151 2211 2447 2280 multum
2486 2210 2668 2278 valet

1104 2317 1225 2394 eis,
1260 2326 1323 2386 et
1355 2320 1549 2409 equis
1589 2318 1928 2389 similiter.

1196 2424 1407 2518 Equis
1464 2436 1693 2496 autem
1741 2427 2165 2498 silvestribus
2222 2431 2340 2521 qui
2387 2438 2547 2498 sunt
2597 2431 2665 2498 in

1108 2557 1530 2624 equanarum
1578 2537 2228 2629 congregationibus
2275 2539 2347 2608 in
2393 2539 2665 2631 pascuis

1107 2664 1244 2709 non
1276 2644 1517 2711 accidit
1572 2644 1933 2713 infimitas
1982 2668 2133 2736 quae
2180 2648 2454 2725 sciatur,
2490 2670 2668 2737 prae-

1104 2758 1208 2818 ter
1234 2774 1385 2820 eam
1420 2775 1572 2842 quae
1616 2752 1795 2822 dicta
1842 2762 1971 2836 est,
2011 2754 2388 2847 podagram
2424 2755 2667 2824 videli-

1104 2867 1233 2928 cet.
1287 2860 1369 2927 Et
1416 2860 1567 2928 ideo
1616 2861 1986 2953 aliquando
2036 2863 2353 2931 amittunt
2410 2887 2666 2932 cornua

1105 2966 1354 3056 pedum
1385 2991 1537 3059 quae
1573 2967 1959 3037 subtelares
1997 2968 2106 3037 vel
2141 2968 2486 3038 sotulares
2513 2970 2668 3062 qui·

1109 3075 1265 3144 dam
1304 3083 1554 3144 vocant
1588 3100 1603 3145 :
1638 3086 1706 3145 et
1734 3084 2049 3146 crescunt
2077 3080 2178 3146 eis
2213 3086 2378 3147 tunc
2405 3074 2670 3147 sotula-

1112 3208 1219 3253 res
1250 3188 1435 3254 novi.
1472 3189 1710 3278 Equos
1738 3195 1971 3256 autem
2001 3211 2430 3281 eqteanareem
2473 3198 2672 3259 vocat

1112 3294 1464 3365 Avicenna
1506 3294 1793 3366 Arabice
1822 3320 2031 3390 equos
2059 3298 2329 3367 asc-emi.
2378 3297 2669 3391 Signum

1109 3413 1335 3474 autem
1403 3404 1579 3475 hanc
1646 3406 2114 3476 infirmitatem
2155 3407 2542 3499 praecedens
2606 3416 2671 3478 et

1110 3536 1261 3581 eam
1282 3512 1623 3602 judicans,
1656 3522 1759 3583 est
1798 3521 2056 3584 tremor
2093 3514 2311 3585 dextri
2351 3514 2667 3586 testiculi.

1108 3618 1320 3714 Equis
1358 3631 1588 3692 autem
1629 3647 1806 3715 quos
1860 3631 2064 3693 vocat
2092 3623 2441 3694 Avicenna
2481 3624 2674 3693 alni-

1111 3727 1339 3810 !ebe‘ce,
1381 3727 1515 3799 boc
1553 3739 1680 3811 est,
1715 3731 1784 3801 in
1815 3732 2023 3801 domo
2062 3741 2294 3825 pastos
2332 3741 2400 3802 et
2429 3732 2674 3803 dome-

1106 3837 1339 3917 sticos,
1373 3839 1686 3909 accidunt
1743 3839 1943 3911 valde
1983 3840 2213 3912 multae
2246 3840 2672 3911 infirmitates

1107 3956 1386 4037 propter
1414 3945 1684 4017 labores
1723 3958 1790 4017 et
1818 3947 2072 4041 pabula
2099 3972 2252 4041 qua:
2283 3947 2673 4018 ministran-

1115 4054 1369 4124 tureis.
1411 4055 1676 4125 Accidit
1700 4056 1890 4125 'enim
1930 4058 2030 4126 eis
2058 4056 2210 4126 ilios
2252 4059 2396 4126 sive
2441 4058 2669 4151 passio

1118 4158 1335 4255 iliaca.
1396 4163 1478 4232 Et
1542 4166 1819 4257 signum
1875 4162 2084 4255 hujus
2131 4164 2545 4235 infirmitatis
2602 4167 2668 4234 in

1110 4267 1207 4337 eis
1262 4277 1387 4349 est,
1449 4270 1633 4362 quod
1689 4270 1999 4340 membra
2063 4271 2443 4364 posteriora
2497 4273 2673 4342 adu-

1116 4386 1364 4447 nantur
1443 4403 1565 4469 per
1648 4379 2229 4464 constrictionem,
2311 4383 2402 4451 ita
2485 4379 2671 4474 quod

1107 4485 1421 4577 quaedam
1495 4485 1817 4556 videntur
1877 4489 2255 4581 constringi
2313 4487 2398 4557 ad
2475 4513 2671 4582 quae-

1105 4591 1289 4676 dam,
1323 4601 1389 4664 et
1407 4595 1656 4663 amittit
1686 4594 1918 4663 cibum
1940 4601 2008 4663 et
2037 4593 2446 4664 desiderium
2477 4619 2669 4666 com·

1105 4699 1370 4770 edendi.
1437 4702 1521 4771 Et
1581 4702 2066 4793 juvamentum
2164 4702 2312 4794 ejus
2365 4713 2466 4774 est
2551 4729 2672 4798 per

1105 4809 1560 4880 minutionem
1607 4811 1781 4881 forte
1839 4811 1908 4881 in
1947 4831 2118 4882 coxa
2159 4835 2177 4882 z
2222 4811 2383 4905 quia
2430 4812 2525 4883 ibi
2562 4824 2665 4886 est

1109 4920 1418 5013 quaedam
1468 4943 1648 4990 vena
1700 4943 1857 5014 quae
1897 4922 2233 4991 minuitur
2283 4945 2325 4992 a
2380 4924 2660 4994 medicis

1111 5048 1471 5119 equorum.
1517 5026 1729 5120 Equis
1768 5027 1973 5097 etiam
2014 5028 2256 5099 accidit
2291 5030 2666 5100 confractio

1112 5158 1477 5203 nervorum
1515 5160 1531 5204 z
1568 5144 1629 5204 et
1672 5136 1948 5227 signum
1976 5134 2182 5225 hujus
2220 5144 2322 5205 est
2357 5138 2666 5207 extensio

1114 5267 1440 5313 venarum
1489 5253 1558 5313 et
1591 5246 1833 5337 capitis
1870 5252 1941 5314 et
1976 5243 2159 5325 colli,
2192 5268 2272 5314 ac
2309 5246 2364 5314 si
2406 5246 2671 5317 disten-

1112 5348 1311 5417 datur
1356 5372 1614 5442 equus:
1650 5358 1718 5420 et
1764 5358 1925 5419 tunc
1961 5358 2204 5441 gravat
2251 5373 2369 5420 eos
2416 5352 2671 5422 ambu-

1110 5457 1275 5543 lare,
1343 5467 1411 5528 et
1473 5459 1749 5551 expedit
1813 5460 1910 5527 eis
1974 5460 2195 5548 quies.
2277 5457 2668 5551 Aliquando

1035 5636 1038 5639 ,
1111 5568 1316 5635 etiam
1357 5568 1599 5637 accidit
1656 5569 1852 5661 equis
1907 5569 2305 5660 aggregatio
2339 5570 2491 5661 pori
2522 5571 2667 5641 sive

1109 5674 1356 5745 veneni
1416 5678 1483 5745 in
1537 5675 1738 5768 pede,
1776 5678 1921 5747 sive
1969 5676 2041 5744 in
2069 5673 2208 5745 alio
2261 5672 2440 5747 loco.
2473 5676 2670 5749 Acci-

1108 5781 1276 5852 dunt
1315 5784 1521 5852 etiam
1570 5784 1765 5874 equis
1814 5782 2240 5853 infirmitates
2296 5782 2434 5852 oris
2486 5783 2667 5853 mul-

4178 423 4306 490 39¹.)

2760 598 2843 661 tae
2880 615 2895 658 ε
2931 599 2997 659 et
3041 594 3108 659 in
3148 595 3376 686 palato
3445 602 3543 662 est
3608 617 3737 661 una
3779 615 3984 685 quam
4035 592 4315 685 quidam

2758 709 3008 770 vocant
3044 705 3296 791 sorcin.
3332 703 3393 768 A
3424 703 3833 771 nostratibus
3872 713 4102 772 autem
4145 702 4311 772 Ger·

2759 810 2982 877 manis
3027 809 3236 897 scleus
3261 810 3404 877 sive
3450 810 3681 875 scleule
3718 818 4019 891 vocatur,
4056 819 4123 879 et
4178 811 4309 879 nisi

2760 924 2924 983 tunc
2988 916 3123 983 cito
3182 915 3533 1003 juventur,
3583 916 3758 984 cadit
3824 915 3918 982 eis
3973 914 4307 1007 palatum,

2761 1034 2827 1092 et
2867 1023 2941 1092 fit
2966 1025 3064 1092 eis
3103 1024 3442 1095 anhelitus
3472 1026 3748 1094 calidus.
3792 1026 3876 1093 Et
3923 1024 4072 1093 haec
4119 1026 4309 1094 intir-

2761 1129 2989 1208 mitzts,
3040 1141 3116 1200 ut
3173 1132 3335 1200 dicit
3390 1133 3806 1211 AristoteleS,
3849 1139 4030 1201 caret
4088 1154 4307 1201 reme-

2764 1237 2903 1319 die,
2938 1239 3069 1307 nisi
3107 1263 3228 1331 per
3256 1263 3327 1309 se
3356 1251 3646 1310 curetur.
3684 1240 3822 1307 Nos
3853 1249 4079 1308 tamen
4111 1242 4183 1308 in
4213 1264 4311 1309 se-

2765 1347 3133 1438 quentibus
3180 1347 3296 1416 ubi
3353 1347 3436 1415 de
3493 1346 3895 1415 animalibus
3960 1346 4309 1437 sigillatim

2763 1478 3224 1546 exsequemur
3261 1455 3633 1524 secundum
3682 1455 3939 1523 litteras
3969 1452 4313 1546 alphabeti

2764 1563 3005 1641 nostri,
3039 1572 3108 1631 et
3136 1562 3218 1630 de
3270 1561 3398 1631 hac
3434 1570 3496 1630 et
3536 1561 3618 1631 «le
3658 1561 3804 1630 aliis
3843 1585 4179 1654 equorum
4220 1560 4317 1628 iu·

2768 1670 3207 1740 firmitatibus
3251 1669 3637 1763 loquemur.
3693 1672 3768 1741 ln
3826 1694 3943 1739 ore
3994 1672 4201 1739 etiam
4248 1671 4317 1738 in

2767 1780 3065 1849 maxillis
3101 1778 3359 1850 habent
3397 1781 3562 1849 alias
3591 1780 4013 1849 infirmitates
4058 1780 4313 1872 plures,

2767 1911 2937 1979 quas
2985 1888 3056 1955 in
3123 1887 3562 1980 sequentibus
3608 1885 4184 1967 enumerabimuS,
4235 1909 4316 1955 eo

2769 1996 2956 2088 quod
2994 1993 3106 2064 hic
3156 2019 3294 2064 non
3341 1994 3681 2087 tangimus
3720 1995 3845 2062 nisi
3894 1994 4318 2063 diversitates

2769 2127 2921 2196 quae
2964 2105 3424 2172 communiter
3469 2103 3804 2194 pertinent
3860 2102 3943 2171 ad
3973 2101 4320 2182 animalia,

2771 2221 3107 2281 eteorum
3174 2212 3474 2281 indicant
3519 2220 3851 2280 naturam.
3904 2209 4171 2279 Accidit
4210 2234 4329 2278 au·

2771 2327 2907 2387 tem
2959 2318 3166 2387 etiam
3226 2319 3422 2410 equis
3466 2316 3705 2386 rabies.
3752 2315 4040 2409 Signum
4091 2324 4320 2385 autem

2769 2426 2975 2517 hujus
3022 2437 3146 2504 est,
3181 2427 3368 2520 quod
3405 2425 3740 2495 declinant
3787 2449 3982 2494 aures
4029 2432 4097 2493 et
4127 2425 4320 2494 resse·

2771 2542 2962 2604 ctunt
3025 2534 3110 2601 ad
3166 2532 3421 2603 collum
3457 2542 3564 2602 :et
3617 2534 3757 2602 haec
3819 2532 4177 2601 infirmitas
4253 2532 4322 2600 in

2771 2665 2949 2734 equo
3015 2665 3156 2710 non
3215 2649 3316 2710 est
3380 2642 3523 2709 visa
3588 2640 3835 2709 habere
3883 2639 4317 2708 medicinam.

2771 2749 3035 2819 Accidit
3067 2750 3274 2818 etiam
3305 2751 3499 2842 equis
3545 2751 3782 2817 vesicae
3812 2748 4172 2816 infirmitas
4209 2769 4225 2816 t
4261 2756 4328 2815 et

2773 2859 3048 2949 signum
3118 2857 3324 2947 liujus
3378 2867 3501 2937 est,
3576 2857 3758 2949 quod
3797 2866 3956 2926 tunc
4017 2856 4322 2949 mingere

2775 2989 2914 3034 non
2970 2974 3289 3058 possunt,
3324 2976 3387 3034 et
3431 2964 3766 3034 declinant
3815 2963 4161 3034 musculos
4216 2988 4325 3033 eo·

2772 3100 3017 3145 xarum
3065 3100 3305 3145 versus
3343 3076 3673 3144 sotulares
3715 3076 3961 3167 pedum
4013 3075 4316 3144 inferius.

2774 3185 3042 3254 Morsus
3073 3185 3281 3254 etiam
3320 3208 3818 3255 venenosorum
3860 3181 4153 3252 multum
4205 3206 4322 3254 no·

2774 3303 2879 3363 cet
2915 3294 3134 3386 equis.
3175 3289 3249 3361 Si
3280 3294 3463 3362 enim
3493 3292 3879 3361 mordeatur
3905 3292 3988 3359 ab
4018 3315 4101 3360 eo
4142 3291 4327 3384 quod

2773 3412 3061 3471 vocatur
3097 3402 3457 3493 moqalim,
3492 3410 3687 3471 nocet
3724 3402 3915 3493 equis
3954 3414 4022 3470 et
4065 3398 4269 3468 mulis
4302 3422 4319 3468 ε

2774 3510 2933 3578 facit
2970 3509 3157 3577 enim
3210 3531 3552 3578 venenum
3579 3506 3969 3598 hujusmodi
4009 3507 4327 3577 animalis

2774 3620 3037 3689 vesicas
3075 3617 3493 3712 ampullosas
3550 3617 3617 3685 in
3664 3614 4062 3709 corporibus
4109 3639 4327 3709 equo·

2778 3754 2955 3799 rum.
2992 3727 3131 3799 Sed
3158 3729 3531 3823 pessimum
3551 3738 3676 3809 est,
3710 3727 3982 3821 quando
4022 3725 4153 3795 hoc
4185 3726 4326 3794 ani·

2777 3837 2914 3907 mal
2960 3836 3409 3908 momorderit
3464 3859 3709 3929 equam
3748 3836 4270 3928 impraegnatam
4305 3855 4323 3903 ε

2775 3945 3106 4038 quoniam
3144 3954 3307 4015 tunc
3351 3968 3435 4014 ex
3475 3945 3843 4035 quantitate
3874 3952 3939 4012 et
3990 3943 4328 4013 extensio·

2776 4076 2860 4121 ne
2911 4052 3495 4146 innproegnationis
3540 4049 3834 4120 findetur
3887 4047 4216 4142 ampulla,
4260 4058 4327 4118 et

2776 4161 3068 4230 moritur
3120 4182 3322 4253 equa.
3404 4159 3479 4226 Si
3544 4159 3727 4227 enim
3792 4182 3930 4227 nou
3996 4155 4324 4242 ssndatur,

2773 4271 3201 4340 consumitur
3228 4269 3559 4362 paulatim
3607 4270 3849 4339 veneni
3889 4291 4106 4359 vapor
4142 4291 4184 4335 a
4219 4290 4328 4336 ca·

2773 4380 2917 4450 lore
2961 4377 3280 4463 naturali,
3324 4386 3390 4447 et
3435 4377 3660 4447 evadit
3703 4399 3943 4469 equus.
3979 4374 4154 4444 Cum
4214 4398 4330 4443 au·

2774 4497 2912 4559 tem
2963 4487 3269 4565 finditur,
3322 4489 3575 4556 nimius
3613 4489 3686 4555 lit
3741 4486 4035 4553 assluxus
4084 4484 4327 4553 humo·

2773 4620 2953 4677 rum,
2997 4605 3065 4665 et
3094 4595 3409 4664 moritur.
3445 4594 3772 4663 Similiter
3798 4603 4025 4663 autem
4056 4614 4328 4662 morsus

2773 4699 3091 4771 animalis
3151 4698 3337 4791 quod
3393 4698 3669 4791 quidam
3723 4697 3956 4768 dieunt
4008 4695 4325 4788 halkym,

2773 4808 3054 4903 quidam
3083 4816 3315 4878 autem
3364 4814 3612 4876 vocant
3658 4806 3788 4877 hoc
3836 4806 4190 4895 aciraqym,
4223 4804 4330 4872 in·

2774 4919 2962 4988 ducit
2997 4917 3522 5009 equis·magnas
3548 4914 4009 5008 oegritudines.
4047 4910 4166 4981 Est
4206 4933 4331 4979 au·

2773 5033 2912 5094 tem
2943 5023 3073 5092 lior
3122 5020 3375 5091 animal
3424 5021 3642 5089 simile
3692 5019 3940 5089 lacerto
3979 5040 4220 5111 parvo,
4263 5025 4327 5086 et

2765 5138 2947 5227 jacet
3012 5137 3083 5204 in
3139 5140 3336 5226 prato
3391 5132 3519 5200 sub
3576 5131 3882 5221 gramine
3916 5153 3932 5198 :
3971 5131 4038 5198 in
4098 5127 4330 5198 colore

2774 5253 3005 5315 autem
3032 5242 3258 5314 simile
3289 5250 3392 5311 est
3419 5243 3712 5334 serpenti
3745 5241 3860 5332 qui
3893 5244 4178 5308 vocatur
4206 5236 4328 5306 ko-

2777 5355 3079 5424 kamom.

2861 5459 3027 5531 llaec
3092 5465 3324 5527 autem
3388 5456 3709 5525 animalia
3781 5477 4131 5526 venenosa
4186 5472 4327 5521 non

2773 5568 3071 5639 multum
3134 5564 3488 5636 abundant
3543 5562 3724 5657 apud
3779 5586 3929 5645 nos,
3978 5558 4110 5631 nisi
4160 5557 4328 5629 illud

2774 5674 2962 5770 quod
3007 5681 3258 5746 vocant
3295 5670 3613 5765 halkym,
3646 5672 3913 5743 videtur
3960 5693 4110 5741 esse
4176 5666 4332 5758 qui-

2779 5784 2938 5854 dam
2967 5781 3226 5854 vermis
3255 5778 3438 5871 apud
3466 5803 3592 5851 nos
3619 5780 3878 5862 viridis,
3912 5787 3979 5848 et
4007 5777 4184 5846 latus
4214 5795 4337 5841 oc-
