4919 6371
619 362 746 430 378

619 561 822 628 quam
864 535 1030 602 nihil
1080 554 1450 622 evaporare
1499 539 1721 622 potest
1754 531 1835 598 de
1884 528 2165 596 humido

618 648 829 735 ipsius
873 666 888 707 :
935 652 999 708 et
1031 640 1180 706 ideo
1231 648 1535 730 tempore
1587 640 2010 709 abstinentia*
2051 661 2170 705 ca-

615 752 718 819 lor
747 771 994 839 parvus
1046 747 1373 815 naturalis
1422 748 1665 816 dividit
1705 748 2163 816 viscositatem

614 857 785 944 ejuS‚
829 861 894 922 et
924 855 1167 945 digerit
1195 854 1439 946 ipsam,
1475 864 1542 924 et
1588 879 1670 923 ex
1718 854 1833 923 illa
1871 853 2166 920 nutritur

612 962 886 1031 annnaL

1163 1936 1457 2003 CAPUT
1496 1936 1582 2004 V.

599 2680 700 2746 De
737 2677 1125 2745 diversitate
1152 2679 1288 2745 cibi
1315 2679 1844 2770 quadrupedum
1884 2680 2149 2747 anima·

689 2783 865 2851 lium
918 2788 1393 2875 qmaeermzlium
1450 2786 1585 2852 sibi
1618 2786 1907 2864 similia,
1951 2797 2014 2854 el
2067 2787 2150 2853 (le

684 2893 854 2963 cibis
890 2896 1410 2963 annulosorum.

678 3754 1079 3846 Quadrupes
1105 3764 1335 3825 autem
1366 3778 1703 3847 generans
1733 3758 1986 3826 animal
2017 3758 2144 3830 sibi

592 3862 836 3940 simile,
872 3862 1070 3931 habet
1114 3865 1317 3931 etiam
1368 3862 1600 3932 cibum
1631 3864 1762 3933 sibi
1793 3867 2144 3957 proprium

591 3978 660 4039 et
707 3972 1252 4038 convenientem.
1298 3969 1702 4062 Quadrupes
1741 3982 1970 4041 autem
2019 3997 2146 4064 ge-

593 4100 837 4147 nerans
900 4077 1151 4146 animal
1208 4078 1429 4146 simile
1495 4080 1803 4148 silvestre
1887 4078 2146 4149 liabens

590 4186 825 4255 dentes
888 4186 1196 4266 sert-ales,
1261 4186 1560 4257 comedit
1617 4211 1917 4267 carnem,
1973 4190 2145 4258 sicut

590 4297 801 4374 canis,
835 4303 902 4362 et
931 4294 1156 4385 lupus,
1191 4302 1257 4364 et
1286 4294 1419 4364 leo,

679 4404 940 4473 Dicitur
993 4412 1245 4478 tamen,
1309 4403 1491 4495 quod
1559 4402 1702 4495 lupi
1778 4404 2145 4474 comedunt

592 4512 847 4605 aliquid
895 4521 1089 4580 terra·
1138 4512 1393 4581 tenacis
1429 4535 1444 4581 :
1478 4511 1598 4580 sed
1655 4512 1925 4596 dieitur,
1959 4515 2144 4605 quod

587 4630 839 4689 terram
886 4627 1192 4690 tenacem
1251 4643 1403 4710 qum
1452 4619 1595 4710 {llis
1641 4630 1949 4701 vocatur.
2004 4645 2142 4690 non

585 4725 883 4796 comedit
912 4733 983 4793 ut
1021 4732 1285 4816 quaerat
1318 4726 1812 4794 nutrimentum
1854 4751 1940 4795 ex
1969 4729 2140 4818 ipsa,

586 4834 704 4902 sed
764 4840 840 4902 ut
898 4832 1129 4901 reddat
1167 4854 1238 4900 se
1295 4833 1524 4923 gravis
1578 4834 1948 4923 ponderis:
1983 4837 2144 4926 quia

585 4949 949 5032 postquam
979 4939 1351 5008 comederit
1392 4963 1569 5018 eam,
1604 4941 1777 5030 capit
1818 4942 2141 5011 animalia

582 5048 786 5117 fortia
831 5058 897 5117 et
966 5071 1241 5138 magna,
1305 5050 1478 5116 sicut
1522 5048 1796 5125 bovem,
1849 5049 1957 5118 vel
1989 5074 2142 5120 cer-

582 5178 773 5233 vum,
815 5154 924 5224 vel
964 5177 1245 5246 equum,
1286 5154 1394 5222 vel
1455 5155 1627 5225 forte
1671 5157 2137 5248 equicervum‚

581 5261 885 5333 insiliens
952 5263 1265 5331 insanies
1334 5286 1602 5342 eorum,
1665 5272 1731 5331 et
1779 5263 2138 5333 adina-rens

581 5370 704 5449 eis,
739 5369 856 5461 qui
887 5369 942 5437 si
984 5377 1161 5437 esset
1188 5369 1382 5449 levis,
1417 5370 1619 5438 eitius
1657 5379 2087 5440 excuteretur
2116 5395 2132 5442 ε

578 5483 644 5546 et
674 5474 949 5568 quando
980 5474 1141 5566 glite
1174 5475 1792 5568 super-adimpletus
1822 5487 1945 5556 est,
1975 5503 2141 5568 pon·

581 5585 768 5654 derat
836 5591 898 5651 et
940 5584 1240 5649 amoveri
1292 5593 1351 5650 et
1396 5586 1617 5651 vxrnti
1662 5607 1802 5652 non
1852 5593 2073 5676 potest
2110 5608 2126 5652 t

581 5705 647 5764 et
694 5694 973 5786 quando
1029 5690 1273 5759 cadunt
1328 5693 1653 5761 animalia
1711 5694 1983 5774 lassata,
2027 5694 2138 5761 in-

1613 351 1697 417 D.
1751 348 1950 416 ALB.
2005 343 2222 412 MAG.
2275 343 2479 416 ORD.
2532 348 2829 417 PRAED.

2273 532 2512 599 tet-licit
2542 556 2621 599 ea
2677 530 3051 599 mordendo
3107 540 3379 622 guttura
3439 540 3505 598 et
3562 554 3811 597 cannas

2268 640 2559 727 gutturis
2606 663 2841 707 eorum
2886 663 2901 705 ε
2948 639 3089 707 haec
3145 641 3327 707 enim
3385 639 3805 706 consuetudo

2269 745 2408 835 lupi
2444 755 2566 824 est,
2604 747 2784 835 quod
2815 747 3036 836 infigit
3082 748 3316 815 dentes
3365 747 3617 838 gutturi
3663 746 3817 812 ani-

2267 851 2549 919 malium
2581 861 2656 918 ut
2682 855 2876 919 citius
2917 854 3294 931 interficiat,
3331 864 3396 921 et
3437 863 3597 920 tune
3639 875 3807 918 evo-

2266 960 2389 1024 mit
2417 957 2677 1046 glitem,
2713 967 2780 1024 et
2807 968 3151 1026 saturatur
3190 960 3270 1028 de
3311 960 3626 1028 carnibus
3658 960 3813 1026 ani-

2267 1063 2461 1130 malis
2520 1064 2703 1154 quod
2743 1063 3008 1152 dejecit.
3043 1067 3271 1156 Lupus
3329 1077 3556 1135 autem
3604 1091 3811 1134 num-

2266 1194 2470 1262 quam
2501 1172 2795 1240 comedit
2840 1171 3097 1263 aliquid
3126 1173 3206 1240 de
3247 1173 3473 1240 herbis
3532 1176 3657 1241 nisi
3702 1177 3812 1241 in-

2265 1280 2571 1350 firmetur
2603 1304 2617 1349 :
2655 1283 2979 1374 quoniam
3021 1290 3178 1350 tunc.
3216 1284 3504 1350 comedit
3554 1283 3812 1373 aliquid

2264 1385 2487 1453 hex-bre
2562 1411 2683 1477 pro
2732 1388 3090 1468 medicina,
3154 1398 3216 1454 et
3276 1389 3587 1469 vomitat,
3638 1389 3814 1455 sicut

2261 1496 2514 1563 faciunt
2542 1518 2767 1575 eaneS,
2802 1498 2992 1564 etsie
3030 1505 3377 1565 sanantur.
3421 1498 3808 1590 Aliquando

2261 1607 2462 1671 etiam
2504 1602 2643 1694 lupi
2673 1603 3039 1671 comedunt
3078 1603 3413 1684 homines,
3451 1614 3517 1673 et
3562 1606 3808 1696 proeci-

2256 1733 2387 1801 pue
2427 1709 2523 1777 illi
2554 1713 2671 1802 qui
2717 1711 2977 1779 vadunt
3026 1712 3334 1790 solitarii,
3372 1736 3512 1780 non
3569 1714 3638 1781 in
3689 1737 3808 1781 so-

2258 1819 2494 1886 cietate
2524 1816 2815 1885 aliorum
2860 1817 3176 1909 luporum
3220 1844 3237 1888 ε
3284 1819 3379 1887 illi
3420 1822 3603 1888 enim
3648 1829 3806 1888 sunt

2259 1926 2596 1993 malorum
2624 1949 2921 1995 morum.

2341 2032 2572 2124 Lupus
2612 2040 2837 2101 autem
2878 2033 3170 2102 eomedit
3218 2056 3453 2103 carnes
3476 2044 3801 2121 recenteS,

2256 2141 2428 2208 sicut
2464 2139 2597 2209 alia
2651 2140 2973 2209 animalia
3037 2164 3187 2232 quoe
3245 2140 3498 2211 habent
3571 2144 3806 2213 dentes

2255 2246 2562 2325 serrales‚
2598 2247 3110 2336 ethomedendo
3145 2250 3560 2339 transgluttit
3591 2250 3803 2319 multa

2253 2357 2396 2424 sine
2464 2356 2930 2424 masticatione
3012 2366 3289 2447 propter
3360 2359 3797 2427 voracitatem

2251 2463 2461 2553 ipsius
2493 2485 2508 2532 :
2544 2471 2611 2532 et
2639 2463 2789 2531 ideo
2827 2463 3251 2532 abscondunt
3291 2463 3535 2534 hamos
3610 2465 3802 2533 mul-

2250 2580 2354 2639 tos
2395 2573 2464 2639 in
2496 2571 2831 2640 morsellis
2869 2572 3097 2639 incisis
3128 2580 3193 2640 et
3230 2573 3408 2665 lupis
3448 2575 3800 2663 expositis,

2249 2687 2311 2746 et
2352 2688 2513 2746 tune
2552 2678 3062 2769 transgluttiunt
3106 2678 3343 2748 hamos
3392 2705 3546 2747 cum
3607 2705 3791 2749 mor-

2249 2784 2429 2852 sellis
2470 2793 2531 2852 et
2591 2787 2996 2852 moriuntur.
3062 2785 3284 2853 Manet
3365 2797 3594 2855 autem
3654 2788 3799 2855 sine

2248 2893 2398 2961 eibo
2438 2891 2804 2984 aliquando
2836 2892 3103 2960 duobus
3144 2892 3379 2961 diebus
3411 2896 3551 2963 sive
3593 2895 3800 2986 pluri-

2246 3001 2397 3079 buS,
2439 3009 2514 3068 ut
2552 3000 2808 3079 dicunt,
2842 3022 2923 3068 eo
2973 3001 3155 3091 quod
3188 3001 3480 3070 multum
3532 3026 3803 3092 semper

2244 3115 2586 3177 saturatur
2622 3131 2755 3174 una
2796 3108 3239 3195 comestione,
3270 3119 3334 3177 vt
3375 3110 3543 3177 vivit
3586 3109 3801 3177 modi·

2243 3240 2322 3285 ca
2370 3239 2545 3307 aqua
2592 3224 2848 3305 potata,
2882 3224 2947 3283 et
2975 3218 3187 3305 egerit
3225 3215 3492 3283 dnobus
3532 3225 3647 3284 aut
3687 3218 3801 3283 tri-

2244 3324 2371 3392 bus
2408 3323 2648 3391 diebus
2686 3325 3106 3391 saturitatem
3154 3346 3169 3390 :
3205 3332 3268 3391 et
3324 3334 3583 3392 stercus
3650 3326 3796 3414 ejus

2244 3440 2345 3500 est
2382 3431 2577 3498 valde
2608 3432 2886 3510 siceum,
2923 3454 3061 3498 non
3100 3431 3357 3499 habens
3409 3432 3592 3500 illam
3663 3430 3799 3500 hu-

2247 3539 2623 3607 miditatem
2654 3560 2860 3630 quam
2898 3536 3103 3607 habet
3133 3547 3389 3607 stercus
3419 3539 3794 3607 multorum

2246 3645 2647 3715 animalium
2691 3667 2708 3713 ε
2751 3653 2819 3713 et
2855 3646 2996 3715 exit
3020 3668 3177 3714 eum
3208 3669 3290 3716 eo
3328 3645 3502 3714 forte
3550 3656 3799 3715 vento-

2246 3752 2408 3822 sitas
2438 3777 2478 3820 a
2516 3759 2703 3844 parte
2742 3751 2855 3820 ani
2898 3773 2914 3820 :
2949 3761 3016 3820 et
3045 3753 3242 3820 urina
3271 3762 3370 3821 est
3423 3762 3621 3821 acuta
3673 3754 3803 3820 fm-

2246 3869 2394 3931 tens
2428 3882 2443 3928 :
2480 3868 2546 3928 et
2577 3858 2729 3927 ideo
2768 3881 2969 3928 canes
2998 3859 3288 3928 venatici
3331 3858 3657 3928 olfaciunt
3687 3885 3803 3929 ar-

2247 3967 2469 4046 bores,
2514 3967 2997 4057 investigantes
3026 3965 3344 4057 luporum
3377 3976 3489 4034 aut
3551 3989 3799 4036 canum

2248 4077 2654 4143 mint-turam
2683 4073 2767 4141 ad
2795 4072 3072 4142 arbores
3102 4073 3209 4141 vel
3250 4073 3507 4164 lapides
3538 4083 3799 4142 erectos

2248 4184 2515 4261 factam,
2551 4182 2876 4273 quoniam
2908 4180 3048 4273 lupi
3090 4181 3352 4250 elevant
3396 4206 3550 4251 crus
3589 4206 3801 4275 quan·

2247 4292 2333 4360 do
2371 4294 2686 4383 mingunt
2717 4290 2802 4359 ud
2839 4290 3066 4382 aliqua
3104 4292 3240 4359 alta
3298 4301 3545 4371 erecta,
3625 4292 3794 4359 sicut

2246 4400 2326 4469 ad
2384 4399 2687 4480 arbores,
2754 4399 2863 4469 vel
2918 4423 3137 4491 seper„
3205 4400 3310 4469 vel
3373 4398 3631 4494 lapides
3676 4408 3798 4469 :et

2247 4508 2520 4602 quando
2549 4508 2748 4600 lupus
2788 4508 3003 4600 aperit
3032 4532 3110 4577 os
3149 4532 3377 4588 suum,
3421 4511 3560 4580 exit
3597 4507 3683 4578 ab
3713 4530 3796 4578 eo

2245 4620 2436 4690 fortis
2476 4618 2669 4687 odor.

2333 4726 2418 4794 Et
2462 4725 2646 4795 aliud
2688 4732 2916 4794 autem
2973 4731 3074 4793 est
3129 4726 3410 4813 animal,
3443 4728 3631 4819 quod
3672 4751 3797 4797 nos

2242 4835 2511 4924 leyemeu
2563 4855 2916 4911 vocamus,
2958 4840 3026 4900 et
3096 4836 3438 4924 quantitas
3487 4835 3638 4923 ejus
3695 4844 3792 4902 est

2243 4945 2414 5010 sicut
2470 4942 2809 5033 quantitas
2848 4938 3015 5032 lupi,
3076 4950 3140 5010 et
3199 4940 3397 5010 habet
3451 4940 3657 5030 jubas
3724 4945 3793 5012 in

2243 5051 2419 5121 collo
2485 5052 2656 5118 sicut
2708 5071 2948 5140 equus,
2992 5057 3055 5117 et
3096 5048 3297 5118 habet
3356 5049 3529 5142 pilos
3588 5049 3793 5118 t'ortes

2244 5158 2613 5228 seeundum
2661 5155 3158 5247 longitudinem
3189 5156 3368 5225 dorsi
3409 5180 3614 5248 super
3651 5180 3796 5226 om·

2243 5267 2355 5334 nia
2385 5263 2720 5357 spondilia
2757 5287 2881 5333 sua
2923 5287 2938 5333 :
2986 5273 3052 5333 et
3090 5264 3251 5333 illud
3282 5288 3500 5354 genus
3537 5266 3795 5333 anima·

2241 5372 2324 5439 lis
2353 5380 2452 5441 est
2481 5379 2781 5441 astutum
2811 5371 3008 5440 valde
3037 5371 3125 5438 ad
3155 5368 3359 5448 mala,
3394 5378 3458 5437 et
3489 5371 3795 5463 aliquan·

2243 5477 2330 5546 do
2384 5478 2578 5571 fingit
2629 5501 2829 5547 voces
2868 5476 3232 5553 humanas,
3288 5484 3361 5543 ut
3410 5478 3508 5546 sic
3564 5478 3789 5547 eludat

2243 5594 2544 5676 pastores
2576 5593 2641 5653 vt
2669 5583 2836 5652 alios
2886 5583 3224 5662 homines,
3268 5593 3330 5651 vt
3383 5586 3478 5654 sic
3534 5585 3788 5653 accedit

2244 5695 2328 5763 ad
2376 5717 2493 5764 eos
2531 5703 2598 5764 et
2625 5694 2964 5786 praedatur
3000 5700 3070 5763 et
3098 5694 3414 5765 comedit.
3478 5695 3791 5764 Imitatur
