4919 6371
445 368 575 436 510

440 563 552 608 na.
589 540 874 629 Sperma
914 532 1097 599 enim
1146 531 1215 596 in
1264 529 1730 618 imprae-gnatis
1764 526 2000 593 insun-

444 649 542 714 dit
586 669 657 713 se
697 643 945 721 nervis,
980 649 1045 707 et
1091 637 1454 729 scalpendo
1495 638 1747 706 excitat
1807 633 1999 702 dele-

444 754 806 821 ctationem
841 772 856 816 :
895 757 961 815 et
1009 755 1170 814 tunc
1200 753 1514 837 quaerunt
1560 741 1998 812 confricatio-

443 885 601 930 nem
641 862 857 928 coitus
891 858 1230 934 muliereS,
1277 865 1344 924 et
1375 867 1682 942 tempore
1725 851 2000 939 imprae-

444 966 786 1058 guntionis
816 965 966 1057 plus
997 963 1417 1032 delectantur
1448 961 1515 1024 in
1545 957 1754 1030 coitu,
1792 976 1998 1043 quam

447 1074 580 1143 alio
623 1085 927 1167 tempore
956 1080 1229 1163 propter
1261 1066 1571 1135 humoris
1601 1063 1687 1131 ad
1717 1063 2002 1153 inguina

451 1184 946 1251 attractionem.
990 1178 1146 1246 Alia
1192 1182 1421 1243 autem
1479 1169 1802 1239 animalia
1860 1191 2001 1236 non

451 1292 800 1360 abundant
845 1290 937 1356 ita
978 1287 1268 1355 humore
1304 1305 1318 1350 ε
1356 1289 1422 1349 et
1474 1280 1604 1349 hoc
1660 1277 1844 1370 quod
1901 1284 2002 1345 est

450 1411 671 1470 totum
720 1395 1010 1464 trahitur
1056 1392 1139 1460 ad
1186 1399 1617 1480 conceptum,
1660 1396 1728 1456 et
1777 1407 2004 1453 rema-

452 1514 567 1575 net
621 1525 865 1594 corpus
901 1500 1298 1568 destitutum
1335 1521 1350 1566 :
1386 1504 1452 1564 et
1488 1495 1641 1564 ideo
1688 1489 2005 1583 praecidi-

452 1622 563 1681 tur
599 1611 684 1679 ab
716 1611 810 1677 eis
839 1608 1055 1677 coitus
1086 1604 1520 1673 desiderium.
1555 1602 1751 1691 Equa
1796 1600 2002 1666 etiam

454 1719 600 1789 sola
638 1718 967 1808 excipitur
1022 1737 1106 1782 ex
1168 1712 1320 1780 aliis
1368 1708 1805 1785 animalibus,
1852 1726 2003 1796 quae

453 1828 659 1895 ctiam
729 1824 1017 1892 sustinet
1099 1817 1464 1910 aliquando
1529 1816 1784 1883 coitum
1849 1817 2005 1902 post

448 1931 1108 2024 impraegnationem,
1131 1926 1467 2017 praecipue
1498 1922 1769 2014 quando
1793 1919 1999 1987 abun·

458 2041 573 2108 dat
631 2039 782 2108 cibo
830 2046 897 2105 et
935 2035 1220 2102 humore
1266 2031 1496 2099 subtili
1555 2027 1771 2097 multo
1803 2028 2007 2094 semi-

448 2146 668 2214 nario.
728 2143 901 2211 Aliae
972 2148 1197 2208 autem
1261 2159 1501 2206 omnes
1560 2143 1738 2204 notae
1805 2131 2003 2201 nobis

444 2253 736 2322 foeminae
785 2248 1212 2325 animalium,
1250 2253 1614 2337 postquam
1669 2241 2004 2332 recipiunt

442 2383 676 2429 semen
715 2357 1324 2449 impraegnationis,
1366 2353 1637 2444 fugiunt
1678 2348 1905 2417 subito
1937 2356 2003 2416 et

442 2492 580 2537 non
629 2475 1025 2558 supponunt
1082 2487 1153 2532 se
1216 2461 1510 2552 amplius
1551 2457 1871 2527 masculis
1918 2455 2003 2524 ad

444 2579 726 2644 coitum.
808 2573 1106 2664 Fugiunt
1179 2578 1407 2639 autem
1484 2569 1821 2659 praecipue
1888 2564 2002 2632 illa

444 2705 593 2773 quae
631 2688 863 2749 carent
902 2678 1309 2770 proprietate
1358 2673 1725 2765 recipiendi
1774 2672 2003 2764 piures

445 2787 1042 2878 iinpraegnationes
1074 2785 1453 2852 successive
1487 2806 1502 2850 ε
1534 2803 1825 2873 quarum
1868 2799 2005 2846 una

447 2895 519 2961 fit
574 2917 698 2985 per
761 2893 1023 2960 coitum
1081 2891 1517 2966 anteriorem,
1580 2896 1646 2955 et
1703 2886 1835 2955 alia
1882 2908 2005 2975 per

444 3003 701 3070 coitum
749 2999 1221 3091 posteriorem.
1294 2998 1490 3089 Equa
1554 3005 1783 3065 tamen
1850 2993 2006 3063 licet

442 3109 770 3176 sustineat
819 3109 1074 3176 coitum
1122 3113 1275 3198 post
1336 3104 1997 3196 impraegnationem,

443 3240 581 3285 non
611 3215 694 3284 de
723 3214 899 3283 facili
951 3214 1188 3304 recipit
1234 3234 1442 3279 unam
1486 3212 2005 3301 impraegnatio-

445 3347 600 3391 nem
653 3346 857 3414 super
902 3322 1133 3399 aliani,
1168 3321 1285 3389 sed
1339 3320 1559 3388 etnuit
1606 3341 1840 3388 semen
1890 3343 2003 3387 se-

444 3426 645 3496 cundi
677 3426 897 3493 coitus
942 3448 957 3493 :
1001 3434 1065 3492 et
1109 3424 1311 3515 hujus
1342 3427 1615 3515 signum
1657 3432 1782 3500 est,
1817 3423 2002 3515 quod

445 3557 618 3625 equa
676 3555 829 3600 raro
879 3532 1147 3622 projicit
1183 3531 1337 3622 plus
1374 3552 1582 3621 quam
1612 3551 1827 3597 unum
1875 3528 2006 3596 ¹*oe-

456 3650 629 3708 tum.

532 3743 936 3814 Mulieribus
957 3753 1182 3814 autem
1213 3743 1454 3812 accidit
1477 3741 1845 3835 aliquando
1877 3742 2005 3809 im-

441 3855 775 3944 praegnari
807 3873 943 3919 una
978 3853 1541 3944 impraegnatione
1572 3859 1725 3942 post
1753 3848 1996 3918 aliam:

444 3972 508 4029 et
579 3963 869 4030 retinent
925 3960 1292 4053 aliquando
1358 3960 1999 4051 improegnationem

443 4077 826 4160 utramque,
864 4068 993 4136 nisi
1044 4068 1341 4137 secunda
1388 4067 1869 4158 impraegnatio
1911 4065 1998 4132 sit

445 4176 664 4266 spatio
730 4197 982 4266 magno
1039 4175 1366 4267 temporis
1430 4181 1586 4264 post
1647 4173 1994 4263 primam:

446 4293 606 4352 tunc
653 4284 835 4350 enim
882 4283 1178 4351 secunda
1227 4281 1486 4350 inducit
1523 4280 1795 4349 dolores
1842 4301 2001 4347 mu-

442 4391 589 4461 lieri
626 4414 643 4459 :
677 4399 745 4459 et
789 4391 949 4482 quia
997 4414 1135 4458 non
1190 4392 1316 4459 fuit
1371 4390 1709 4480 completa
1747 4388 1994 4465 adhuc,

442 4507 809 4591 antequam
849 4499 933 4567 ad
977 4507 1245 4590 partum
1284 4501 1548 4568 veniret
1596 4498 1816 4590 prima
1864 4497 2002 4564 im-

441 4607 844 4700 praegnatio,
888 4607 1230 4676 descendit
1259 4609 1460 4676 foetus
1490 4608 1712 4698 primo
1751 4628 2001 4675 conce-

437 4725 623 4808 ptus,
647 4724 714 4782 et
745 4714 1070 4806 depravat
1099 4716 1729 4807 impraegnationem
1760 4736 2000 4782 secun-

443 4823 628 4900 dam,
665 4822 759 4889 ita
788 4820 974 4913 quod
1001 4822 1274 4890 formari
1308 4844 1445 4890 non
1477 4820 1749 4913 poterit,
1782 4827 1851 4889 et
1877 4818 1998 4887 ali·

442 4932 717 5024 quando
776 4954 933 5000 cum
989 4930 1425 5022 corruptione
1498 4929 1812 4998 secundm
1861 4928 1999 4996 im-

443 5039 924 5131 praegnationis
989 5038 1353 5107 damnatur
1414 5047 1483 5107 et
1537 5037 2000 5127 corrumpitur

440 5148 643 5215 etiam
696 5148 942 5238 prima.
1002 5144 1393 5236 Aliquando
1443 5151 1671 5211 autem
1720 5141 1996 5234 quando

437 5250 733 5319 secunda
769 5252 1242 5342 impraegnatio
1282 5257 1349 5319 et
1388 5249 1743 5338 conceptio
1783 5248 1998 5315 semi-

442 5359 545 5427 nis
610 5368 711 5427 est
774 5359 970 5427 valde
1025 5382 1264 5450 parum
1332 5366 1492 5426 ante
1542 5364 1840 5449 partum,
1904 5357 1995 5422 ita

443 5462 627 5556 quod
665 5464 810 5554 jam
849 5465 1192 5534 descendit
1247 5473 1482 5558 partus
1529 5463 1813 5555 primus,
1858 5461 1999 5530 sal-

443 5581 645 5642 vatur
667 5578 898 5664 partus
932 5572 1220 5663 primus,
1251 5580 1320 5642 et
1364 5579 1706 5663 spermata
1747 5592 2000 5639 secun-

444 5680 546 5750 da*
577 5680 1153 5772 impraegnationis
1182 5678 1626 5747 inveniuntur
1652 5678 1796 5768 jam
1835 5682 1997 5745 nato

1440 349 1524 419 D.
1576 351 1777 421 ALB.
1830 350 2050 420 MAG.

2105 349 2309 420 olm.
2364 351 2659 419 PRAED.

2104 549 2247 593 esse
2280 528 2704 608 circumfusa,
2740 531 2913 596 sicut
2942 529 3294 596 viscositas
3345 526 3653 616 quaedain

2103 632 2295 699 linita
2326 657 2528 723 super
2565 636 2787 725 ipsum
2820 659 3066 726 corpus
3098 635 3333 724 ipsius.
3371 633 3656 713 Quando

2103 740 2289 806 vero'
2350 764 2487 808 una
2569 744 3040 834 improegnatio
3135 743 3268 810 cito
3355 742 3660 832 sequitur

2107 846 2333 925 aliam,
2379 851 2852 939 concipiuntur
2900 849 3103 916 ambo
3163 849 3448 924 semina,
3486 848 3656 914 sicut

2107 955 2345 1021 accidit
2378 955 2640 1023 mulieri
2694 980 2844 1048 quae
2872 959 3096 1048 primo
3142 957 3406 1047 peperit
3442 977 3654 1022 unum

2107 1062 2348 1146 filium,
2412 1066 2525 1154 qui
2582 1067 2823 1134 similis
2872 1075 3015 1134 erat
3061 1067 3332 1144 marito,
3391 1073 3457 1131 et
3507 1071 3658 1154 post

2109 1168 2365 1259 aliquot
2432 1195 2682 1260 paucos
2738 1179 2968 1239 tamen
3023 1171 3169 1240 dies
3234 1171 3496 1261 peperit
3549 1191 3660 1234 se-

2108 1277 2431 1354 cundum,
2477 1279 2588 1368 qui
2635 1279 2872 1345 similis
2904 1287 3048 1346 erat
3087 1279 3346 1346 amasio
3385 1299 3399 1343 :
3438 1283 3501 1342 et
3532 1275 3660 1340 ali-

2110 1385 2381 1475 quando
2411 1395 2781 1453 nascuntur
2829 1386 2964 1455 duo
3006 1391 3409 1471 successive,
3448 1394 3662 1459 inter-

2100 1494 2296 1582 jectis
2335 1494 2565 1583 paucis
2613 1493 2874 1573 diebuS,
2919 1504 3037 1563 aut
3084 1499 3511 1587 septimanis,
3547 1508 3662 1568 aut

2109 1623 2340 1668 mense
2394 1624 2529 1668 uno
2565 1626 2579 1667 :
2617 1602 2774 1691 quia
2812 1602 3123 1693 quaedam
3164 1606 3482 1675 mulieres
3518 1608 3661 1674 for-

2107 1708 2402 1774 tissimas
2434 1705 2684 1775 habent
2712 1711 3051 1788 matriceS‚
3096 1720 3160 1779 et
3210 1714 3500 1781 retinent
3546 1737 3659 1782 se-

2110 1838 2266 1882 men
2305 1814 2490 1904 prius
2556 1825 2984 1904 conceptum,
3046 1821 3361 1908 quamvis
3429 1829 3658 1910 aperta

2110 1924 2244 1990 sint
2273 1921 2494 1989 adhuc
2532 1922 2786 1989 orificia
2825 1946 3061 1991 earum
3109 1925 3279 1995 forte
3331 1951 3544 2018 usque
3574 1928 3660 1995 ad

2111 2030 2278 2097 duas
2318 2032 2883 2097 menstruationes
2924 2056 3076 2122 quze
3110 2034 3277 2101 liunt
3311 2035 3380 2101 in
3413 2058 3548 2102 uno
3592 2043 3660 2101 ct

2111 2134 2351 2202 eodem
2383 2158 2611 2203 mense
2648 2160 2662 2203 :
2697 2136 2829 2202 alia
2861 2138 3137 2226 quidem
3187 2140 3258 2206 in
3298 2141 3655 2231 principie,

2112 2252 2174 2309 et
2205 2241 2336 2309 alia
2379 2242 2447 2308 in
2490 2242 2619 2308 line
2651 2245 2905 2311 mensis
2931 2246 3263 2333 ejusdem.

2198 2351 2351 2418 Jam
2402 2351 2607 2418 etiam
2675 2352 2835 2419 dicit
2881 2354 3287 2423 Aristoteles
3335 2356 3661 2424 abortisse

2112 2457 2478 2548 quamdam
2558 2459 2909 2527 mulierem
2997 2461 3354 2531 duodecim
3461 2463 3656 2535 filios,

2112 2589 2403 2657 quorum
2473 2567 2941 2657 impraegnatio
3019 2569 3146 2637 fuit
3203 2573 3580 2638 successiva
3642 2598 3657 2640 τ

2111 2673 2292 2740 enim
2340 2681 2602 2739 tantum
2636 2696 2995 2741 numerum
3035 2687 3484 2767 conceptuum
3543 2701 3667 2745 nu-

2111 2784 2270 2850 trire
2300 2785 2542 2874 potuit,
2576 2791 2689 2849 aut
2720 2793 2990 2874 portare
3023 2793 3287 2854 tantum
3330 2787 3594 2877 pondus
3636 2809 3653 2853 ε

2113 2899 2175 2958 et
2234 2890 2382 2957 ideo
2438 2890 2851 2957 descendens
2918 2895 3166 2959 matrix
3215 2895 3478 2984 aperuit
3519 2917 3670 2983 por-

2110 3006 2276 3074 tam,
2311 3007 2373 3065 et
2422 2999 2642 3064 emisit
2700 3007 3076 3088 conceptus
3139 3023 3404 3068 omnes.
3441 3001 3676 3068 Mulie-

2112 3129 2217 3171 res
2248 3113 2476 3171 autem
2510 3126 2657 3195 quze
2690 3105 3236 3197 impraegnantur
3267 3108 3533 3175 duabus
3561 3116 3677 3175 aut

2112 3210 2418 3301 pluribus
2513 3213 3225 3304 impraegnationibus,
3326 3216 3419 3281 ita
3494 3215 3676 3305 quod

2111 3319 2305 3408 pauci
2347 3318 2488 3386 dies
2519 3328 2671 3385 suut
2706 3320 3038 3408 interjecti
3074 3321 3250 3387 inter
3286 3321 3579 3412 primani
3609 3329 3670 3387 et

2110 3425 2277 3492 alias
2317 3426 2932 3516 impraegnationes,
2983 3426 3250 3494 salvant
3297 3436 3664 3518 conceptus

2110 3555 2271 3600 suos
2313 3534 2381 3600 in
2432 3534 2707 3602 matrice
2764 3534 3002 3602 cadem
3041 3535 3291 3603 virtute
3342 3558 3477 3625 qua
3523 3535 3664 3602 sal-

2110 3650 2357 3707 vantur
2404 3638 2683 3732 gemini.
2719 3640 2959 3708 Fertur
3007 3649 3266 3718 autem,
3302 3640 3485 3731 quod
3532 3640 3662 3709 hoc

2109 3746 2348 3813 accidit
2379 3748 2438 3813 ei
2471 3770 2621 3837 qua!
2652 3746 3001 3815 dicebatur
3029 3745 3466 3825 Akicheleos,
3496 3768 3663 3813 uxu-

2113 3854 2166 3919 ri
2216 3854 2361 3940 ejus
2411 3855 2525 3946 qui
2588 3854 2962 3922 vocabatur
3006 3853 3416 3922 Abrakileos
3462 3877 3477 3921 :
3532 3853 3660 3922 linc

2111 3962 2292 4029 enim
2325 3972 2465 4029 erat
2514 3961 2742 4029 multis
2782 3962 3243 4031 manifestum.
3283 3961 3368 4029 Et
3424 3960 3656 4039 fertur,

2112 4070 2292 4160 quod
2341 4070 2646 4162 quaedam
2690 4071 2937 4138 mulier
2981 4070 3357 4138 adulterata
3405 4080 3531 4149 est,
3593 4079 3657 4136 et

2112 4176 2684 4269 impra‘guabatur
2740 4187 2893 4268 post
2932 4179 3060 4245 viri
3111 4179 3214 4246 sui
3260 4180 3664 4267 impraegna-

2112 4287 2393 4360 tionem,
2439 4291 2502 4350 et
2535 4286 2792 4375 peperit
2838 4286 3216 4353 successive
3249 4284 3421 4351 duos
3459 4284 3660 4363 filios,

2111 4418 2402 4486 quorum
2447 4417 2623 4461 unus
2660 4395 2905 4463 similis
2942 4404 3083 4463 erat
3115 4395 3416 4485 conjugi,
3461 4403 3524 4461 et
3573 4392 3666 4459 al-

2107 4509 2213 4569 ter
2262 4501 2592 4577 adultero,
2634 4503 2806 4569 sicut
2869 4502 3168 4571 diximus
3232 4502 3439 4594 paulo
3505 4509 3662 4568 ante

2110 4608 2444 4698 superius,

2198 4713 2458 4782 Accidit
2489 4714 2691 4781 etiam
2731 4713 3096 4805 aliquando
3153 4722 3463 4805 tempore
3507 4717 3654 4783 Ari-

2108 4822 2370 4890 stotelis
2433 4822 2701 4889 cuidam
2760 4820 3051 4899 mulieri,
3114 4821 3296 4912 quod
3363 4844 3449 4890 ex
3524 4846 3661 4889 uno

2107 4928 2472 4997 concubitu
2530 4930 2969 5019 improegnata
3026 4928 3151 4996 ruit
3206 4928 3478 4998 duobus
3541 4953 3664 5021 ge-

2112 5034 2354 5112 mellis,
2399 5045 2465 5102 et
2493 5042 2726 5126 postea
2773 5035 2888 5101 diu
2928 5035 3054 5103 fuit
3085 5035 3529 5126 impraegnata
3574 5035 3656 5103 de

2108 5143 2335 5220 tertio,
2384 5150 2449 5209 et
2495 5142 2713 5232 primo
2760 5150 2957 5232 partu
3015 5142 3277 5233 peperit
3329 5142 3660 5232 gemellos

2109 5248 2429 5330 salvatoS,
2464 5257 2531 5316 et
2567 5255 2799 5337 postea
2848 5248 3088 5336 quinto
3138 5267 3373 5313 mense
3403 5250 3660 5337 peperit

2110 5356 2382 5423 tertium
2413 5357 2671 5430 vivum,
2717 5353 2833 5421 sed
2880 5353 3106 5421 subito
3148 5362 3461 5422 mortuus
3507 5355 3659 5436 fuit,

2110 5483 2193 5528 co
2250 5461 2433 5551 quod
2484 5460 2719 5528 fratres
2781 5460 2886 5525 sui
2954 5459 3210 5548 gemini
3279 5469 3436 5528 ante
3503 5484 3658 5528 cum

2109 5567 2469 5636 confortati
2548 5571 2879 5634 suxerunt
2961 5565 3484 5645 nutrimentum,
3567 5569 3661 5636 ita

2112 5675 2299 5767 quod
2354 5674 2438 5742 ad
2485 5674 2707 5765 ipsum
2773 5671 3214 5741 nutriendum
3271 5697 3410 5743 non
3467 5675 3662 5742 suffi-
