<?xml version="1.0" encoding="UTF-8"?>
<!DOCTYPE html PUBLIC "-//W3C//DTD XHTML 1.0 Transitional//EN"
    "http://www.w3.org/TR/xhtml1/DTD/xhtml1-transitional.dtd">
<html xmlns="http://www.w3.org/1999/xhtml" xml:lang="en" lang="en">
 <head>
  <title>
</title>
<meta http-equiv="Content-Type" content="text/html;charset=utf-8" />
  <meta name='ocr-system' content='tesseract 3.04.00' />
  <meta name='ocr-capabilities' content='ocr_page ocr_carea ocr_par ocr_line ocrx_word'/>
</head>
<body>
  <div class='ocr_page' id='page_1' title='image "balbertimagnira01chgoog_0616.png"; bbox 0 0 4919 6371; ppageno 0'>
   <div class='ocr_carea' id='block_1_1' title="bbox 557 376 685 443">
    <p class='ocr_par' dir='ltr' id='par_1_1' title="bbox 557 376 685 443">
     <span class='ocr_line' id='line_1_1' title="bbox 557 376 685 443; baseline 0.008 -1"><span class='ocrx_word' id='word_1_1' title='bbox 557 376 685 443; x_wconf 73' lang='lat'><strong>570</strong></span> 
     </span>
    </p>
   </div>
   <div class='ocr_carea' id='block_1_2' title="bbox 550 544 2133 5828">
    <p class='ocr_par' dir='ltr' id='par_1_2' title="bbox 556 544 2133 1824">
     <span class='ocr_line' id='line_1_2' title="bbox 557 544 2129 636; baseline -0.004 -23"><span class='ocrx_word' id='word_1_2' title='bbox 557 556 727 626; x_wconf 89' lang='lat' dir='ltr'><strong>tum,</strong></span> <span class='ocrx_word' id='word_1_3' title='bbox 776 548 1029 613; x_wconf 72' lang='lat' dir='ltr'><strong>nie-lius</strong></span> <span class='ocrx_word' id='word_1_4' title='bbox 1096 547 1337 612; x_wconf 80' lang='lat' dir='ltr'><strong>‹liftinit</strong></span> <span class='ocrx_word' id='word_1_5' title='bbox 1392 554 1455 614; x_wconf 82' lang='lat' dir='ltr'><strong>et</strong></span> <span class='ocrx_word' id='word_1_6' title='bbox 1506 544 1869 636; x_wconf 79' lang='lat' dir='ltr'><strong>perfectius</strong></span> <span class='ocrx_word' id='word_1_7' title='bbox 1922 566 2129 634; x_wconf 84' lang='lat' dir='ltr'><strong>quam</strong></span> 
     </span>
     <span class='ocr_line' id='line_1_3' title="bbox 558 653 2131 725; baseline -0.003 -1"><span class='ocrx_word' id='word_1_8' title='bbox 558 655 890 725; x_wconf 71' lang='lat' dir='ltr'><strong>naturalis</strong></span> <span class='ocrx_word' id='word_1_9' title='bbox 924 680 1065 724; x_wconf 86' lang='lat' dir='ltr'><strong>non</strong></span> <span class='ocrx_word' id='word_1_10' title='bbox 1119 657 1370 725; x_wconf 82' lang='lat' dir='ltr'><strong>faciens</strong></span> <span class='ocrx_word' id='word_1_11' title='bbox 1421 658 1843 724; x_wconf 83' lang='lat' dir='ltr'><strong>mentionem</strong></span> <span class='ocrx_word' id='word_1_12' title='bbox 1879 655 2008 722; x_wconf 83' lang='lat' dir='ltr'><strong>nisi</strong></span> <span class='ocrx_word' id='word_1_13' title='bbox 2049 653 2131 719; x_wconf 91' lang='lat' dir='ltr'><strong>de</strong></span> 
     </span>
     <span class='ocr_line' id='line_1_4' title="bbox 558 766 2133 857; baseline -0.003 -24"><span class='ocrx_word' id='word_1_14' title='bbox 558 766 838 833; x_wconf 87' lang='lat' dir='ltr'><strong>materia</strong></span> <span class='ocrx_word' id='word_1_15' title='bbox 888 790 902 831; x_wconf 93' lang='lat'><strong>:</strong></span> <span class='ocrx_word' id='word_1_16' title='bbox 950 768 1277 857; x_wconf 89' lang='lat' dir='ltr'><strong>quoniam</strong></span> <span class='ocrx_word' id='word_1_17' title='bbox 1322 767 1436 834; x_wconf 91' lang='lat' dir='ltr'><strong>ubi</strong></span> <span class='ocrx_word' id='word_1_18' title='bbox 1468 768 1643 835; x_wconf 90' lang='lat' dir='ltr'><strong>cadit</strong></span> <span class='ocrx_word' id='word_1_19' title='bbox 1686 769 1751 833; x_wconf 86' lang='lat' dir='ltr'><strong>in</strong></span> <span class='ocrx_word' id='word_1_20' title='bbox 1786 788 1990 855; x_wconf 87' lang='lat' dir='ltr'><strong>opere</strong></span> <span class='ocrx_word' id='word_1_21' title='bbox 2024 766 2133 829; x_wconf 90' lang='lat' dir='ltr'><strong>in-</strong></span> 
     </span>
     <span class='ocr_line' id='line_1_5' title="bbox 558 869 2127 964; baseline -0.005 -22"><span class='ocrx_word' id='word_1_22' title='bbox 558 882 1017 942; x_wconf 76' lang='lat' dir='ltr'>strumentum</span> <span class='ocrx_word' id='word_1_23' title='bbox 1052 877 1354 958; x_wconf 80' lang='lat' dir='ltr'><strong>artificis,</strong></span> <span class='ocrx_word' id='word_1_24' title='bbox 1391 877 1547 943; x_wconf 82' lang='lat' dir='ltr'><strong>facit</strong></span> <span class='ocrx_word' id='word_1_25' title='bbox 1578 875 1844 964; x_wconf 79' lang='lat' dir='ltr'><strong>lignum</strong></span> <span class='ocrx_word' id='word_1_26' title='bbox 1876 869 2127 937; x_wconf 87' lang='lat' dir='ltr'><strong>alicubi</strong></span> 
     </span>
     <span class='ocr_line' id='line_1_6' title="bbox 558 980 2123 1073; baseline -0.004 -24"><span class='ocrx_word' id='word_1_27' title='bbox 558 982 1005 1073; x_wconf 82' lang='lat' dir='ltr'><strong>profundum,</strong></span> <span class='ocrx_word' id='word_1_28' title='bbox 1033 995 1097 1053; x_wconf 88' lang='lat' dir='ltr'><strong>et</strong></span> <span class='ocrx_word' id='word_1_29' title='bbox 1127 985 1375 1053; x_wconf 88' lang='lat' dir='ltr'><strong>alicubi</strong></span> <span class='ocrx_word' id='word_1_30' title='bbox 1409 980 1670 1072; x_wconf 61' lang='lat' dir='ltr'><strong>aequale</strong></span> <span class='ocrx_word' id='word_1_31' title='bbox 1700 988 1765 1046; x_wconf 89' lang='lat' dir='ltr'><strong>et</strong></span> <span class='ocrx_word' id='word_1_32' title='bbox 1796 980 2080 1069; x_wconf 87' lang='lat' dir='ltr'><strong>planum</strong></span> <span class='ocrx_word' id='word_1_33' title='bbox 2110 998 2123 1042; x_wconf 76' lang='grc' dir='ltr'>ε</span> 
     </span>
     <span class='ocr_line' id='line_1_7' title="bbox 558 1084 2127 1183; baseline -0.005 -25"><span class='ocrx_word' id='word_1_34' title='bbox 558 1091 763 1159; x_wconf 86' lang='lat' dir='ltr'><strong>etsie</strong></span> <span class='ocrx_word' id='word_1_35' title='bbox 828 1116 955 1183; x_wconf 78' lang='lat' dir='ltr'><strong>per</strong></span> <span class='ocrx_word' id='word_1_36' title='bbox 1005 1097 1534 1161; x_wconf 88' lang='lat' dir='ltr'><strong>instrumentum</strong></span> <span class='ocrx_word' id='word_1_37' title='bbox 1595 1089 1807 1154; x_wconf 90' lang='lat' dir='ltr'><strong>scitur</strong></span> <span class='ocrx_word' id='word_1_38' title='bbox 1870 1084 2127 1174; x_wconf 91' lang='lat' dir='ltr'><strong>aliquid</strong></span> 
     </span>
     <span class='ocr_line' id='line_1_8' title="bbox 560 1192 2128 1283; baseline -0.005 -17"><span class='ocrx_word' id='word_1_39' title='bbox 560 1198 896 1267; x_wconf 82' lang='lat' dir='ltr'><strong>deforma</strong></span> <span class='ocrx_word' id='word_1_40' title='bbox 938 1225 952 1267; x_wconf 91' lang='lat'>:</span> <span class='ocrx_word' id='word_1_41' title='bbox 1000 1210 1066 1267; x_wconf 86' lang='lat' dir='ltr'><strong>et</strong></span> <span class='ocrx_word' id='word_1_42' title='bbox 1122 1201 1218 1265; x_wconf 85' lang='lat' dir='ltr'><strong>sic</strong></span> <span class='ocrx_word' id='word_1_43' title='bbox 1273 1196 1432 1263; x_wconf 88' lang='lat' dir='ltr'><strong>dicit</strong></span> <span class='ocrx_word' id='word_1_44' title='bbox 1471 1192 1730 1283; x_wconf 88' lang='lat' dir='ltr'><strong>aliquid</strong></span> <span class='ocrx_word' id='word_1_45' title='bbox 1783 1192 1865 1259; x_wconf 91' lang='lat' dir='ltr'><strong>de</strong></span> <span class='ocrx_word' id='word_1_46' title='bbox 1924 1214 2128 1259; x_wconf 87' lang='lat' dir='ltr'><strong>causa</strong></span> 
     </span>
     <span class='ocr_line' id='line_1_9' title="bbox 558 1297 2127 1397; baseline -0.007 -23"><span class='ocrx_word' id='word_1_47' title='bbox 558 1315 832 1397; x_wconf 88' lang='lat' dir='ltr'><strong>propter</strong></span> <span class='ocrx_word' id='word_1_48' title='bbox 878 1328 1094 1395; x_wconf 84' lang='lat' dir='ltr'><strong>quam</strong></span> <span class='ocrx_word' id='word_1_49' title='bbox 1135 1313 1236 1371; x_wconf 87' lang='lat' dir='ltr'><strong>est</strong></span> <span class='ocrx_word' id='word_1_50' title='bbox 1286 1302 1549 1392; x_wconf 82' lang='lat' dir='ltr'><strong>lignum</strong></span> <span class='ocrx_word' id='word_1_51' title='bbox 1590 1301 1686 1366; x_wconf 91' lang='lat' dir='ltr'><strong>sic</strong></span> <span class='ocrx_word' id='word_1_52' title='bbox 1740 1299 1855 1365; x_wconf 89' lang='lat' dir='ltr'><strong>tali</strong></span> <span class='ocrx_word' id='word_1_53' title='bbox 1907 1297 2127 1388; x_wconf 80' lang='lat' dir='ltr'><strong>figura</strong></span> 
     </span>
     <span class='ocr_line' id='line_1_10' title="bbox 558 1406 2123 1503; baseline -0.005 -24"><span class='ocrx_word' id='word_1_54' title='bbox 558 1414 955 1503; x_wconf 83' lang='lat' dir='ltr'><strong>figuratum.</strong></span> <span class='ocrx_word' id='word_1_55' title='bbox 984 1420 1051 1477; x_wconf 87' lang='lat' dir='ltr'><strong>et</strong></span> <span class='ocrx_word' id='word_1_56' title='bbox 1077 1418 1353 1501; x_wconf 85' lang='lat' dir='ltr'><strong>propter</strong></span> <span class='ocrx_word' id='word_1_57' title='bbox 1383 1408 1545 1499; x_wconf 90' lang='lat' dir='ltr'><strong>quid</strong></span> <span class='ocrx_word' id='word_1_58' title='bbox 1574 1407 1670 1474; x_wconf 89' lang='lat' dir='ltr'><strong>sic</strong></span> <span class='ocrx_word' id='word_1_59' title='bbox 1700 1416 1800 1473; x_wconf 87' lang='lat' dir='ltr'><strong>est</strong></span> <span class='ocrx_word' id='word_1_60' title='bbox 1830 1406 2123 1473; x_wconf 84' lang='lat' dir='ltr'><strong>factum:</strong></span> 
     </span>
     <span class='ocr_line' id='line_1_11' title="bbox 558 1514 2124 1609; baseline -0.005 -21"><span class='ocrx_word' id='word_1_61' title='bbox 558 1529 623 1588; x_wconf 90' lang='lat' dir='ltr'><strong>et</strong></span> <span class='ocrx_word' id='word_1_62' title='bbox 667 1519 859 1608; x_wconf 80' lang='lat' dir='ltr'><strong>fingit</strong></span> <span class='ocrx_word' id='word_1_63' title='bbox 923 1543 1046 1609; x_wconf 81' lang='lat' dir='ltr'><strong>per</strong></span> <span class='ocrx_word' id='word_1_64' title='bbox 1102 1542 1273 1609; x_wconf 91' lang='lat' dir='ltr'><strong>opus</strong></span> <span class='ocrx_word' id='word_1_65' title='bbox 1337 1516 1773 1584; x_wconf 74' lang='lat' dir='ltr'>instrumenti</span> <span class='ocrx_word' id='word_1_66' title='bbox 1845 1514 2124 1606; x_wconf 84' lang='lat' dir='ltr'><strong>quidem</strong></span> 
     </span>
     <span class='ocr_line' id='line_1_12' title="bbox 558 1621 2122 1704; baseline -0.004 -10"><span class='ocrx_word' id='word_1_67' title='bbox 558 1649 693 1694; x_wconf 88' lang='lat' dir='ltr'><strong>non</strong></span> <span class='ocrx_word' id='word_1_68' title='bbox 734 1625 828 1691; x_wconf 90' lang='lat' dir='ltr'><strong>sic</strong></span> <span class='ocrx_word' id='word_1_69' title='bbox 890 1626 1173 1704; x_wconf 80' lang='lat' dir='ltr'><strong>sactum,</strong></span> <span class='ocrx_word' id='word_1_70' title='bbox 1238 1626 1364 1692; x_wconf 84' lang='lat' dir='ltr'><strong>nisi</strong></span> <span class='ocrx_word' id='word_1_71' title='bbox 1424 1632 1495 1690; x_wconf 90' lang='lat' dir='ltr'><strong>ut</strong></span> <span class='ocrx_word' id='word_1_72' title='bbox 1537 1625 1623 1690; x_wconf 91' lang='lat' dir='ltr'><strong>sit</strong></span> <span class='ocrx_word' id='word_1_73' title='bbox 1680 1621 1833 1689; x_wconf 83' lang='lat' dir='ltr'><strong>talis</strong></span> <span class='ocrx_word' id='word_1_74' title='bbox 1881 1621 2122 1689; x_wconf 62' lang='lat' dir='ltr'><strong>formae</strong></span> 
     </span>
     <span class='ocr_line' id='line_1_13' title="bbox 556 1731 1163 1824; baseline -0.003 -23"><span class='ocrx_word' id='word_1_75' title='bbox 556 1733 662 1801; x_wconf 84' lang='lat' dir='ltr'><strong>vel</strong></span> <span class='ocrx_word' id='word_1_76' title='bbox 704 1731 856 1799; x_wconf 90' lang='lat' dir='ltr'><strong>talis</strong></span> <span class='ocrx_word' id='word_1_77' title='bbox 899 1733 1163 1824; x_wconf 65' lang='lat' dir='ltr'><strong>tigura‘.</strong></span> 
     </span>
    </p>

    <p class='ocr_par' dir='ltr' id='par_1_3' title="bbox 550 1837 2123 4197">
     <span class='ocr_line' id='line_1_14' title="bbox 645 1837 2123 1932; baseline -0.004 -24"><span class='ocrx_word' id='word_1_78' title='bbox 645 1840 843 1921; x_wconf 89' lang='lat' dir='ltr'><strong>Quod</strong></span> <span class='ocrx_word' id='word_1_79' title='bbox 886 1854 1119 1909; x_wconf 80' lang='lat' dir='ltr'><strong>autem</strong></span> <span class='ocrx_word' id='word_1_80' title='bbox 1145 1842 1466 1932; x_wconf 70' lang='lat' dir='ltr'><strong>physicus</strong></span> <span class='ocrx_word' id='word_1_81' title='bbox 1505 1838 1727 1905; x_wconf 89' lang='lat' dir='ltr'><strong>solam</strong></span> <span class='ocrx_word' id='word_1_82' title='bbox 1761 1837 2123 1925; x_wconf 84' lang='lat' dir='ltr'><strong>assignans</strong></span> 
     </span>
     <span class='ocr_line' id='line_1_15' title="bbox 555 1943 2116 2024; baseline -0.007 -5"><span class='ocrx_word' id='word_1_83' title='bbox 555 1953 909 2019; x_wconf 78' lang='lat' dir='ltr'><strong>materiam</strong></span> <span class='ocrx_word' id='word_1_84' title='bbox 972 1974 1112 2017; x_wconf 90' lang='lat' dir='ltr'><strong>non</strong></span> <span class='ocrx_word' id='word_1_85' title='bbox 1181 1957 1354 2016; x_wconf 86' lang='lat' dir='ltr'><strong>recte</strong></span> <span class='ocrx_word' id='word_1_86' title='bbox 1414 1947 1600 2024; x_wconf 89' lang='lat' dir='ltr'><strong>dicit,</strong></span> <span class='ocrx_word' id='word_1_87' title='bbox 1670 1943 2116 2012; x_wconf 78' lang='lat' dir='ltr'><strong>manifestum</strong></span> 
     </span>
     <span class='ocr_line' id='line_1_16' title="bbox 557 2048 2123 2146; baseline -0.005 -21"><span class='ocrx_word' id='word_1_88' title='bbox 557 2067 693 2125; x_wconf 85' lang='lat' dir='ltr'><strong>est:</strong></span> <span class='ocrx_word' id='word_1_89' title='bbox 764 2059 1100 2146; x_wconf 86' lang='lat' dir='ltr'><strong>quoniam</strong></span> <span class='ocrx_word' id='word_1_90' title='bbox 1159 2078 1469 2123; x_wconf 86' lang='lat' dir='ltr'><strong>sermone</strong></span> <span class='ocrx_word' id='word_1_91' title='bbox 1520 2052 1886 2119; x_wconf 78' lang='lat' dir='ltr'><strong>diftinitivo</strong></span> <span class='ocrx_word' id='word_1_92' title='bbox 1918 2048 2123 2117; x_wconf 88' lang='lat' dir='ltr'><strong>debet</strong></span> 
     </span>
     <span class='ocr_line' id='line_1_17' title="bbox 559 2156 2121 2255; baseline -0.006 -21"><span class='ocrx_word' id='word_1_93' title='bbox 559 2168 776 2234; x_wconf 90' lang='lat' dir='ltr'><strong>dicere</strong></span> <span class='ocrx_word' id='word_1_94' title='bbox 832 2175 1119 2255; x_wconf 88' lang='lat' dir='ltr'><strong>propter</strong></span> <span class='ocrx_word' id='word_1_95' title='bbox 1183 2163 1344 2254; x_wconf 90' lang='lat' dir='ltr'><strong>quid</strong></span> <span class='ocrx_word' id='word_1_96' title='bbox 1403 2172 1502 2230; x_wconf 88' lang='lat' dir='ltr'><strong>est</strong></span> <span class='ocrx_word' id='word_1_97' title='bbox 1533 2159 1815 2240; x_wconf 88' lang='lat' dir='ltr'><strong>animal,</strong></span> <span class='ocrx_word' id='word_1_98' title='bbox 1850 2168 1916 2227; x_wconf 88' lang='lat' dir='ltr'><strong>et</strong></span> <span class='ocrx_word' id='word_1_99' title='bbox 1957 2156 2121 2248; x_wconf 89' lang='lat' dir='ltr'><strong>quid</strong></span> 
     </span>
     <span class='ocr_line' id='line_1_18' title="bbox 558 2264 2123 2361; baseline -0.006 -21"><span class='ocrx_word' id='word_1_100' title='bbox 558 2282 678 2344; x_wconf 78' lang='lat' dir='ltr'><strong>est.</strong></span> <span class='ocrx_word' id='word_1_101' title='bbox 725 2281 796 2339; x_wconf 89' lang='lat' dir='ltr'><strong>ut</strong></span> <span class='ocrx_word' id='word_1_102' title='bbox 828 2280 1067 2361; x_wconf 82' lang='lat' dir='ltr'><strong>tangat</strong></span> <span class='ocrx_word' id='word_1_103' title='bbox 1110 2272 1399 2338; x_wconf 80' lang='lat' dir='ltr'><strong>sormam</strong></span> <span class='ocrx_word' id='word_1_104' title='bbox 1431 2279 1493 2337; x_wconf 89' lang='lat' dir='ltr'><strong>et</strong></span> <span class='ocrx_word' id='word_1_105' title='bbox 1527 2269 1733 2335; x_wconf 82' lang='lat' dir='ltr'><strong>linem</strong></span> <span class='ocrx_word' id='word_1_106' title='bbox 1770 2290 1784 2334; x_wconf 75' lang='grc' dir='ltr'>ε</span> <span class='ocrx_word' id='word_1_107' title='bbox 1830 2274 1897 2334; x_wconf 89' lang='lat' dir='ltr'><strong>et</strong></span> <span class='ocrx_word' id='word_1_108' title='bbox 1935 2264 2123 2332; x_wconf 83' lang='lat' dir='ltr'><strong>disli-</strong></span> 
     </span>
     <span class='ocr_line' id='line_1_19' title="bbox 556 2372 2120 2465; baseline -0.004 -16"><span class='ocrx_word' id='word_1_109' title='bbox 556 2381 801 2449; x_wconf 89' lang='lat' dir='ltr'><strong>niendo</strong></span> <span class='ocrx_word' id='word_1_110' title='bbox 864 2373 1145 2448; x_wconf 81' lang='lat' dir='ltr'><strong>narrare</strong></span> <span class='ocrx_word' id='word_1_111' title='bbox 1221 2380 1362 2446; x_wconf 74' lang='lat' dir='ltr'><strong>sive</strong></span> <span class='ocrx_word' id='word_1_112' title='bbox 1448 2377 1667 2445; x_wconf 84' lang='lat' dir='ltr'><strong>dicere</strong></span> <span class='ocrx_word' id='word_1_113' title='bbox 1764 2372 2120 2465; x_wconf 81' lang='lat' dir='ltr'><strong>quodlibet</strong></span> 
     </span>
     <span class='ocr_line' id='line_1_20' title="bbox 555 2481 2123 2578; baseline -0.007 -20"><span class='ocrx_word' id='word_1_114' title='bbox 555 2488 944 2557; x_wconf 81' lang='lat' dir='ltr'><strong>membrum</strong></span> <span class='ocrx_word' id='word_1_115' title='bbox 987 2487 1152 2578; x_wconf 88' lang='lat' dir='ltr'><strong>quid</strong></span> <span class='ocrx_word' id='word_1_116' title='bbox 1182 2495 1305 2557; x_wconf 81' lang='lat' dir='ltr'><strong>est,</strong></span> <span class='ocrx_word' id='word_1_117' title='bbox 1350 2493 1415 2552; x_wconf 88' lang='lat' dir='ltr'><strong>et</strong></span> <span class='ocrx_word' id='word_1_118' title='bbox 1448 2493 1722 2575; x_wconf 86' lang='lat' dir='ltr'><strong>propter</strong></span> <span class='ocrx_word' id='word_1_119' title='bbox 1754 2481 1942 2573; x_wconf 92' lang='lat' dir='ltr'><strong>quid,</strong></span> <span class='ocrx_word' id='word_1_120' title='bbox 1979 2483 2123 2547; x_wconf 72' lang='lat' dir='ltr'><strong>sic-</strong></span> 
     </span>
     <span class='ocr_line' id='line_1_21' title="bbox 556 2591 2113 2688; baseline -0.006 -23"><span class='ocrx_word' id='word_1_121' title='bbox 556 2608 627 2667; x_wconf 91' lang='lat' dir='ltr'><strong>ut</strong></span> <span class='ocrx_word' id='word_1_122' title='bbox 659 2621 776 2688; x_wconf 87' lang='lat' dir='ltr'><strong>per</strong></span> <span class='ocrx_word' id='word_1_123' title='bbox 805 2596 1294 2665; x_wconf 72' lang='lat' dir='ltr'><strong>diffinitionem</strong></span> <span class='ocrx_word' id='word_1_124' title='bbox 1340 2603 1565 2663; x_wconf 88' lang='lat' dir='ltr'><strong>narrat</strong></span> <span class='ocrx_word' id='word_1_125' title='bbox 1609 2593 1900 2660; x_wconf 87' lang='lat' dir='ltr'><strong>sormam</strong></span> <span class='ocrx_word' id='word_1_126' title='bbox 1934 2591 2113 2658; x_wconf 87' lang='lat' dir='ltr'><strong>lecti.</strong></span> 
     </span>
     <span class='ocr_line' id='line_1_22' title="bbox 558 2702 2119 2796; baseline -0.006 -21"><span class='ocrx_word' id='word_1_127' title='bbox 558 2708 638 2775; x_wconf 63' lang='lat' dir='ltr'><strong>lit</strong></span> <span class='ocrx_word' id='word_1_128' title='bbox 684 2706 841 2796; x_wconf 89' lang='lat' dir='ltr'><strong>quia</strong></span> <span class='ocrx_word' id='word_1_129' title='bbox 874 2706 1111 2773; x_wconf 85' lang='lat' dir='ltr'><strong>anima</strong></span> <span class='ocrx_word' id='word_1_130' title='bbox 1141 2714 1242 2773; x_wconf 86' lang='lat' dir='ltr'><strong>est</strong></span> <span class='ocrx_word' id='word_1_131' title='bbox 1270 2703 1551 2773; x_wconf 79' lang='lat' dir='ltr'><strong>l&#39;ornmle</strong></span> <span class='ocrx_word' id='word_1_132' title='bbox 1592 2710 1656 2769; x_wconf 84' lang='lat' dir='ltr'><strong>et</strong></span> <span class='ocrx_word' id='word_1_133' title='bbox 1690 2702 1890 2768; x_wconf 84' lang='lat' dir='ltr'><strong>linale</strong></span> <span class='ocrx_word' id='word_1_134' title='bbox 1922 2702 2119 2791; x_wconf 84' lang='lat' dir='ltr'><strong>prin-</strong></span> 
     </span>
     <span class='ocr_line' id='line_1_23' title="bbox 550 2807 2114 2905; baseline -0.003 -23"><span class='ocrx_word' id='word_1_135' title='bbox 550 2815 801 2905; x_wconf 87' lang='lat' dir='ltr'><strong>cipium</strong></span> <span class='ocrx_word' id='word_1_136' title='bbox 829 2814 1264 2891; x_wconf 84' lang='lat' dir='ltr'><strong>animalium,</strong></span> <span class='ocrx_word' id='word_1_137' title='bbox 1302 2814 1494 2880; x_wconf 81' lang='lat' dir='ltr'><strong>debet</strong></span> <span class='ocrx_word' id='word_1_138' title='bbox 1528 2810 1747 2877; x_wconf 82' lang='lat' dir='ltr'><strong>dicere</strong></span> <span class='ocrx_word' id='word_1_139' title='bbox 1780 2810 1835 2875; x_wconf 90' lang='lat' dir='ltr'><strong>si</strong></span> <span class='ocrx_word' id='word_1_140' title='bbox 1859 2807 1989 2877; x_wconf 79' lang='lat' dir='ltr'><strong>lioe</strong></span> <span class='ocrx_word' id='word_1_141' title='bbox 2012 2816 2114 2877; x_wconf 84' lang='lat' dir='ltr'><strong>est</strong></span> 
     </span>
     <span class='ocr_line' id='line_1_24' title="bbox 552 2916 2114 3014; baseline -0.005 -23"><span class='ocrx_word' id='word_1_142' title='bbox 552 2924 778 2991; x_wconf 88' lang='lat' dir='ltr'><strong>anima</strong></span> <span class='ocrx_word' id='word_1_143' title='bbox 815 2922 925 2988; x_wconf 78' lang='lat' dir='ltr'><strong>vel</strong></span> <span class='ocrx_word' id='word_1_144' title='bbox 973 2946 1128 3014; x_wconf 82' lang='lat' dir='ltr'><strong>pars</strong></span> <span class='ocrx_word' id='word_1_145' title='bbox 1167 2923 1439 3004; x_wconf 69' lang='lat' dir='ltr'><strong>animae,</strong></span> <span class='ocrx_word' id='word_1_146' title='bbox 1476 2919 1658 3010; x_wconf 83' lang='lat' dir='ltr'><strong>quod</strong></span> <span class='ocrx_word' id='word_1_147' title='bbox 1697 2918 1878 2986; x_wconf 84' lang='lat' dir='ltr'><strong>cadit</strong></span> <span class='ocrx_word' id='word_1_148' title='bbox 1915 2918 1985 2984; x_wconf 89' lang='lat' dir='ltr'><strong>in</strong></span> <span class='ocrx_word' id='word_1_149' title='bbox 2013 2916 2114 2983; x_wconf 91' lang='lat' dir='ltr'><strong>di-</strong></span> 
     </span>
     <span class='ocr_line' id='line_1_25' title="bbox 552 3025 2115 3100; baseline -0.004 -1"><span class='ocrx_word' id='word_1_150' title='bbox 552 3032 912 3099; x_wconf 75' lang='lat' dir='ltr'><strong>stinctione</strong></span> <span class='ocrx_word' id='word_1_151' title='bbox 950 3029 1418 3100; x_wconf 88' lang='lat' dir='ltr'><strong>membrorum</strong></span> <span class='ocrx_word' id='word_1_152' title='bbox 1461 3028 1819 3096; x_wconf 87' lang='lat' dir='ltr'><strong>animalis:</strong></span> <span class='ocrx_word' id='word_1_153' title='bbox 1864 3035 1927 3094; x_wconf 93' lang='lat' dir='ltr'><strong>et</strong></span> <span class='ocrx_word' id='word_1_154' title='bbox 1989 3025 2115 3093; x_wconf 90' lang='lat' dir='ltr'><strong>de-</strong></span> 
     </span>
     <span class='ocr_line' id='line_1_26' title="bbox 556 3131 2115 3229; baseline -0.006 -20"><span class='ocrx_word' id='word_1_155' title='bbox 556 3140 665 3209; x_wconf 90' lang='lat' dir='ltr'><strong>bet</strong></span> <span class='ocrx_word' id='word_1_156' title='bbox 705 3140 1098 3223; x_wconf 73' lang='lat' dir='ltr'><strong>ostendere,</strong></span> <span class='ocrx_word' id='word_1_157' title='bbox 1158 3139 1482 3229; x_wconf 88' lang='lat' dir='ltr'><strong>quoniam</strong></span> <span class='ocrx_word' id='word_1_158' title='bbox 1543 3134 1818 3227; x_wconf 80' lang='lat' dir='ltr'><strong>quando</strong></span> <span class='ocrx_word' id='word_1_159' title='bbox 1859 3131 2115 3201; x_wconf 91' lang='lat' dir='ltr'><strong>animal</strong></span> 
     </span>
     <span class='ocr_line' id='line_1_27' title="bbox 555 3238 2120 3337; baseline -0.005 -23"><span class='ocrx_word' id='word_1_160' title='bbox 555 3247 920 3337; x_wconf 75' lang='lat' dir='ltr'>exspiravit</span> <span class='ocrx_word' id='word_1_161' title='bbox 970 3258 1034 3314; x_wconf 76' lang='lat' dir='ltr'><strong>ct</strong></span> <span class='ocrx_word' id='word_1_162' title='bbox 1078 3248 1366 3315; x_wconf 77' lang='lat' dir='ltr'><strong>caruerit</strong></span> <span class='ocrx_word' id='word_1_163' title='bbox 1399 3246 1653 3320; x_wconf 70' lang='lat' dir='ltr'><strong>tmima,</strong></span> <span class='ocrx_word' id='word_1_164' title='bbox 1698 3264 1834 3308; x_wconf 87' lang='lat' dir='ltr'><strong>uon</strong></span> <span class='ocrx_word' id='word_1_165' title='bbox 1904 3238 2120 3307; x_wconf 85' lang='lat' dir='ltr'><strong>babe-</strong></span> 
     </span>
     <span class='ocr_line' id='line_1_28' title="bbox 555 3346 2119 3423; baseline -0.006 -1"><span class='ocrx_word' id='word_1_166' title='bbox 555 3355 645 3423; x_wconf 90' lang='lat' dir='ltr'><strong>bit</strong></span> <span class='ocrx_word' id='word_1_167' title='bbox 710 3355 1051 3421; x_wconf 79' lang='lat' dir='ltr'><strong>rationem</strong></span> <span class='ocrx_word' id='word_1_168' title='bbox 1121 3352 1456 3420; x_wconf 75' lang='lat' dir='ltr'><strong>aiiimalis.</strong></span> <span class='ocrx_word' id='word_1_169' title='bbox 1529 3374 1649 3416; x_wconf 85' lang='lat' dir='ltr'><strong>nec</strong></span> <span class='ocrx_word' id='word_1_170' title='bbox 1741 3346 2119 3415; x_wconf 85' lang='lat' dir='ltr'><strong>remanebit</strong></span> 
     </span>
     <span class='ocr_line' id='line_1_29' title="bbox 557 3456 2120 3551; baseline -0.005 -22"><span class='ocrx_word' id='word_1_171' title='bbox 557 3461 805 3529; x_wconf 81' lang='lat' dir='ltr'><strong>aninml</strong></span> <span class='ocrx_word' id='word_1_172' title='bbox 885 3472 1041 3551; x_wconf 71' lang='lat' dir='ltr'><strong>pust</strong></span> <span class='ocrx_word' id='word_1_173' title='bbox 1103 3461 1258 3539; x_wconf 83' lang='lat' dir='ltr'><strong>boc,</strong></span> <span class='ocrx_word' id='word_1_174' title='bbox 1304 3483 1521 3550; x_wconf 84' lang='lat' dir='ltr'><strong>neque</strong></span> <span class='ocrx_word' id='word_1_175' title='bbox 1571 3456 1853 3547; x_wconf 90' lang='lat' dir='ltr'><strong>aliquod</strong></span> <span class='ocrx_word' id='word_1_176' title='bbox 1892 3478 2120 3522; x_wconf 89' lang='lat' dir='ltr'><strong>mem-</strong></span> 
     </span>
     <span class='ocr_line' id='line_1_30' title="bbox 553 3563 2118 3643; baseline -0.004 -6"><span class='ocrx_word' id='word_1_177' title='bbox 553 3570 749 3638; x_wconf 89' lang='lat' dir='ltr'><strong>brum</strong></span> <span class='ocrx_word' id='word_1_178' title='bbox 792 3570 1177 3638; x_wconf 72' lang='lat' dir='ltr'><strong>remanebit</strong></span> <span class='ocrx_word' id='word_1_179' title='bbox 1237 3592 1418 3643; x_wconf 76' lang='lat' dir='ltr'><strong>vere,</strong></span> <span class='ocrx_word' id='word_1_180' title='bbox 1454 3567 1573 3635; x_wconf 74' lang='lat' dir='ltr'><strong>scd</strong></span> <span class='ocrx_word' id='word_1_181' title='bbox 1631 3563 2012 3633; x_wconf 79' lang='lat' dir='ltr'><strong>remanebit</strong></span> <span class='ocrx_word' id='word_1_182' title='bbox 2050 3565 2118 3631; x_wconf 90' lang='lat' dir='ltr'><strong>in</strong></span> 
     </span>
     <span class='ocr_line' id='line_1_31' title="bbox 557 3674 2121 3767; baseline -0.004 -22"><span class='ocrx_word' id='word_1_183' title='bbox 557 3680 772 3767; x_wconf 86' lang='lat' dir='ltr'><strong>ligura</strong></span> <span class='ocrx_word' id='word_1_184' title='bbox 828 3676 1127 3745; x_wconf 76' lang='lat' dir='ltr'><strong>membri</strong></span> <span class='ocrx_word' id='word_1_185' title='bbox 1181 3685 1443 3744; x_wconf 90' lang='lat' dir='ltr'><strong>tantum</strong></span> <span class='ocrx_word' id='word_1_186' title='bbox 1484 3697 1638 3743; x_wconf 90' lang='lat' dir='ltr'><strong>cum</strong></span> <span class='ocrx_word' id='word_1_187' title='bbox 1673 3674 1893 3741; x_wconf 79' lang='lat' dir='ltr'><strong>fornia</strong></span> <span class='ocrx_word' id='word_1_188' title='bbox 1922 3680 2121 3740; x_wconf 80' lang='lat' dir='ltr'><strong>exte-</strong></span> 
     </span>
     <span class='ocr_line' id='line_1_32' title="bbox 556 3781 2119 3873; baseline -0.003 -21"><span class='ocrx_word' id='word_1_189' title='bbox 556 3785 755 3852; x_wconf 83' lang='lat' dir='ltr'><strong>riori:</strong></span> <span class='ocrx_word' id='word_1_190' title='bbox 807 3784 984 3850; x_wconf 86' lang='lat' dir='ltr'><strong>sicut</strong></span> <span class='ocrx_word' id='word_1_191' title='bbox 1040 3784 1362 3852; x_wconf 84' lang='lat' dir='ltr'><strong>animalia</strong></span> <span class='ocrx_word' id='word_1_192' title='bbox 1414 3783 1493 3851; x_wconf 80' lang='lat' dir='ltr'><strong>do</strong></span> <span class='ocrx_word' id='word_1_193' title='bbox 1553 3781 1803 3873; x_wconf 91' lang='lat' dir='ltr'><strong>quibus</strong></span> <span class='ocrx_word' id='word_1_194' title='bbox 1842 3788 2119 3849; x_wconf 85' lang='lat' dir='ltr'><strong>cantant</strong></span> 
     </span>
     <span class='ocr_line' id='line_1_33' title="bbox 554 3889 2117 3986; baseline -0.003 -26"><span class='ocrx_word' id='word_1_195' title='bbox 554 3900 769 3986; x_wconf 78' lang='lat' dir='ltr'><strong>poetae</strong></span> <span class='ocrx_word' id='word_1_196' title='bbox 799 3892 868 3958; x_wconf 89' lang='lat' dir='ltr'><strong>in</strong></span> <span class='ocrx_word' id='word_1_197' title='bbox 917 3893 1463 3982; x_wconf 74' lang='lat' dir='ltr'><strong>proverbialibus</strong></span> <span class='ocrx_word' id='word_1_198' title='bbox 1494 3889 1928 3957; x_wconf 83' lang='lat' dir='ltr'><strong>sermonibus</strong></span> <span class='ocrx_word' id='word_1_199' title='bbox 1948 3890 2117 3968; x_wconf 86' lang='lat' dir='ltr'><strong>suis,</strong></span> 
     </span>
     <span class='ocr_line' id='line_1_34' title="bbox 557 3998 2122 4093; baseline -0.001 -26"><span class='ocrx_word' id='word_1_200' title='bbox 557 4001 735 4093; x_wconf 89' lang='lat' dir='ltr'><strong>quod</strong></span> <span class='ocrx_word' id='word_1_201' title='bbox 795 4016 1063 4069; x_wconf 78' lang='lat' dir='ltr'><strong>mutata</strong></span> <span class='ocrx_word' id='word_1_202' title='bbox 1119 4014 1275 4069; x_wconf 83' lang='lat' dir='ltr'><strong>sunt</strong></span> <span class='ocrx_word' id='word_1_203' title='bbox 1333 4004 1399 4067; x_wconf 87' lang='lat' dir='ltr'><strong>in</strong></span> <span class='ocrx_word' id='word_1_204' title='bbox 1470 3998 1749 4090; x_wconf 80' lang='lat' dir='ltr'><strong>lapides,</strong></span> <span class='ocrx_word' id='word_1_205' title='bbox 1786 3999 1947 4088; x_wconf 82' lang='lat' dir='ltr'><strong>quia</strong></span> <span class='ocrx_word' id='word_1_206' title='bbox 2008 3998 2122 4065; x_wconf 90' lang='lat' dir='ltr'><strong>illa</strong></span> 
     </span>
     <span class='ocr_line' id='line_1_35' title="bbox 561 4105 1970 4197; baseline -0.002 -21"><span class='ocrx_word' id='word_1_207' title='bbox 561 4133 695 4177; x_wconf 90' lang='lat' dir='ltr'><strong>non</strong></span> <span class='ocrx_word' id='word_1_208' title='bbox 728 4109 1022 4177; x_wconf 78' lang='lat' dir='ltr'><strong>retinent</strong></span> <span class='ocrx_word' id='word_1_209' title='bbox 1059 4110 1185 4178; x_wconf 77' lang='lat' dir='ltr'><strong>nisi</strong></span> <span class='ocrx_word' id='word_1_210' title='bbox 1220 4109 1506 4197; x_wconf 86' lang='lat' dir='ltr'><strong>liguram</strong></span> <span class='ocrx_word' id='word_1_211' title='bbox 1539 4105 1970 4174; x_wconf 83' lang='lat' dir='ltr'><strong>animalium.</strong></span> 
     </span>
    </p>

    <p class='ocr_par' dir='ltr' id='par_1_4' title="bbox 552 4213 2128 5715">
     <span class='ocr_line' id='line_1_36' title="bbox 651 4213 2126 4305; baseline -0.001 -24"><span class='ocrx_word' id='word_1_212' title='bbox 651 4218 721 4283; x_wconf 69' lang='lat' dir='ltr'><strong>si</strong></span> <span class='ocrx_word' id='word_1_213' title='bbox 763 4240 928 4305; x_wconf 85' lang='lat' dir='ltr'><strong>ergo</strong></span> <span class='ocrx_word' id='word_1_214' title='bbox 1003 4219 1094 4285; x_wconf 88' lang='lat' dir='ltr'><strong>ita</strong></span> <span class='ocrx_word' id='word_1_215' title='bbox 1144 4240 1213 4283; x_wconf 77' lang='lat' dir='ltr'><strong>se</strong></span> <span class='ocrx_word' id='word_1_216' title='bbox 1255 4213 1501 4282; x_wconf 86' lang='lat' dir='ltr'><strong>babent</strong></span> <span class='ocrx_word' id='word_1_217' title='bbox 1549 4215 1688 4282; x_wconf 79' lang='lat' dir='ltr'><strong>istae</strong></span> <span class='ocrx_word' id='word_1_218' title='bbox 1730 4237 1835 4280; x_wconf 86' lang='lat' dir='ltr'><strong>res</strong></span> <span class='ocrx_word' id='word_1_219' title='bbox 1884 4235 2126 4281; x_wconf 84' lang='lat' dir='ltr'><strong>secun·</strong></span> 
     </span>
     <span class='ocr_line' id='line_1_37' title="bbox 564 4319 2125 4415; baseline -0.003 -23"><span class='ocrx_word' id='word_1_220' title='bbox 564 4326 725 4393; x_wconf 91' lang='lat' dir='ltr'><strong>dum</strong></span> <span class='ocrx_word' id='word_1_221' title='bbox 766 4325 956 4415; x_wconf 85' lang='lat' dir='ltr'><strong>quod</strong></span> <span class='ocrx_word' id='word_1_222' title='bbox 998 4325 1323 4400; x_wconf 79' lang='lat' dir='ltr'><strong>diximus,</strong></span> <span class='ocrx_word' id='word_1_223' title='bbox 1367 4320 1698 4390; x_wconf 85' lang='lat' dir='ltr'><strong>naturalis</strong></span> <span class='ocrx_word' id='word_1_224' title='bbox 1748 4319 1949 4389; x_wconf 83' lang='lat' dir='ltr'><strong>debet</strong></span> <span class='ocrx_word' id='word_1_225' title='bbox 1989 4320 2125 4388; x_wconf 81' lang='lat' dir='ltr'><strong>dil&#39;-</strong></span> 
     </span>
     <span class='ocr_line' id='line_1_38' title="bbox 562 4428 2124 4501; baseline -0.002 -1"><span class='ocrx_word' id='word_1_226' title='bbox 562 4431 859 4501; x_wconf 81' lang='lat' dir='ltr'><strong>finiendo</strong></span> <span class='ocrx_word' id='word_1_227' title='bbox 894 4434 969 4500; x_wconf 86' lang='lat' dir='ltr'><strong>in</strong></span> <span class='ocrx_word' id='word_1_228' title='bbox 1009 4433 1296 4500; x_wconf 79' lang='lat' dir='ltr'><strong>scientia</strong></span> <span class='ocrx_word' id='word_1_229' title='bbox 1326 4429 1725 4498; x_wconf 86' lang='lat' dir='ltr'><strong>animalium</strong></span> <span class='ocrx_word' id='word_1_230' title='bbox 1774 4428 1999 4498; x_wconf 84' lang='lat' dir='ltr'><strong>dicere</strong></span> <span class='ocrx_word' id='word_1_231' title='bbox 2057 4436 2124 4497; x_wconf 88' lang='lat' dir='ltr'><strong>et</strong></span> 
     </span>
     <span class='ocr_line' id='line_1_39' title="bbox 564 4538 2123 4633; baseline -0.002 -23"><span class='ocrx_word' id='word_1_232' title='bbox 564 4543 799 4611; x_wconf 84' lang='lat' dir='ltr'><strong>docere</strong></span> <span class='ocrx_word' id='word_1_233' title='bbox 829 4541 915 4610; x_wconf 87' lang='lat' dir='ltr'><strong>de</strong></span> <span class='ocrx_word' id='word_1_234' title='bbox 947 4542 1399 4633; x_wconf 75' lang='lat' dir='ltr'><strong>dispositione</strong></span> <span class='ocrx_word' id='word_1_235' title='bbox 1437 4540 1681 4608; x_wconf 64' lang='lat' dir='ltr'><strong>animae</strong></span> <span class='ocrx_word' id='word_1_236' title='bbox 1711 4548 1777 4608; x_wconf 86' lang='lat' dir='ltr'><strong>et</strong></span> <span class='ocrx_word' id='word_1_237' title='bbox 1825 4538 2123 4631; x_wconf 85' lang='lat' dir='ltr'><strong>partium</strong></span> 
     </span>
     <span class='ocr_line' id='line_1_40' title="bbox 562 4646 2126 4741; baseline -0.003 -22"><span class='ocrx_word' id='word_1_238' title='bbox 562 4653 705 4740; x_wconf 84' lang='lat' dir='ltr'><strong>ejus</strong></span> <span class='ocrx_word' id='word_1_239' title='bbox 760 4664 1028 4741; x_wconf 86' lang='lat' dir='ltr'><strong>quanto</strong></span> <span class='ocrx_word' id='word_1_240' title='bbox 1106 4649 1326 4740; x_wconf 79' lang='lat' dir='ltr'><strong>magis</strong></span> <span class='ocrx_word' id='word_1_241' title='bbox 1354 4648 1597 4739; x_wconf 87' lang='lat' dir='ltr'><strong>poterit</strong></span> <span class='ocrx_word' id='word_1_242' title='bbox 1637 4669 1653 4715; x_wconf 73' lang='grc' dir='ltr'><strong><em>ε</em></strong></span> <span class='ocrx_word' id='word_1_243' title='bbox 1693 4647 1852 4738; x_wconf 90' lang='lat' dir='ltr'><strong>quia</strong></span> <span class='ocrx_word' id='word_1_244' title='bbox 1892 4646 2126 4714; x_wconf 85' lang='lat' dir='ltr'><strong>anima</strong></span> 
     </span>
     <span class='ocr_line' id='line_1_41' title="bbox 561 4745 2124 4849; baseline -0.003 -24"><span class='ocrx_word' id='word_1_245' title='bbox 561 4756 971 4849; x_wconf 85' lang='lat' dir='ltr'><strong>principium</strong></span> <span class='ocrx_word' id='word_1_246' title='bbox 1006 4765 1108 4825; x_wconf 85' lang='lat' dir='ltr'><strong>est</strong></span> <span class='ocrx_word' id='word_1_247' title='bbox 1139 4745 1565 4832; x_wconf 84' lang='lat' dir='ltr'><strong>animalium,</strong></span> <span class='ocrx_word' id='word_1_248' title='bbox 1609 4756 1789 4822; x_wconf 85' lang='lat' dir='ltr'><strong>sicut</strong></span> <span class='ocrx_word' id='word_1_249' title='bbox 1828 4754 1897 4819; x_wconf 94' lang='lat' dir='ltr'><strong>in</strong></span> <span class='ocrx_word' id='word_1_250' title='bbox 1948 4752 2124 4820; x_wconf 89' lang='lat' dir='ltr'><strong>libro</strong></span> 
     </span>
     <span class='ocr_line' id='line_1_42' title="bbox 558 4860 2128 4957; baseline -0.003 -27"><span class='ocrx_word' id='word_1_251' title='bbox 558 4866 777 4957; x_wconf 86' lang='lat' dir='ltr'><strong>primo</strong></span> <span class='ocrx_word' id='word_1_252' title='bbox 807 4863 890 4930; x_wconf 88' lang='lat' dir='ltr'><strong>dc</strong></span> <span class='ocrx_word' id='word_1_253' title='bbox 932 4867 1194 4933; x_wconf 69' lang='lat' dir='ltr'><strong>,tufum</strong></span> <span class='ocrx_word' id='word_1_254' title='bbox 1224 4864 1520 4932; x_wconf 79' lang='lat' dir='ltr'><strong>diximus</strong></span> <span class='ocrx_word' id='word_1_255' title='bbox 1554 4884 1570 4929; x_wconf 90' lang='lat'>:</span> <span class='ocrx_word' id='word_1_256' title='bbox 1617 4869 1684 4929; x_wconf 87' lang='lat' dir='ltr'><strong>et</strong></span> <span class='ocrx_word' id='word_1_257' title='bbox 1728 4860 1931 4929; x_wconf 89' lang='lat' dir='ltr'><strong>debet</strong></span> <span class='ocrx_word' id='word_1_258' title='bbox 1963 4882 2128 4928; x_wconf 88' lang='lat' dir='ltr'><strong>nar-</strong></span> 
     </span>
     <span class='ocr_line' id='line_1_43' title="bbox 560 4967 2126 5061; baseline -0.004 -20"><span class='ocrx_word' id='word_1_259' title='bbox 560 4997 704 5041; x_wconf 87' lang='lat' dir='ltr'><strong>rare</strong></span> <span class='ocrx_word' id='word_1_260' title='bbox 743 4971 1167 5060; x_wconf 81' lang='lat' dir='ltr'><strong>assiguando</strong></span> <span class='ocrx_word' id='word_1_261' title='bbox 1206 4971 1722 5061; x_wconf 75' lang='lat' dir='ltr'><strong>dispositionem</strong></span> <span class='ocrx_word' id='word_1_262' title='bbox 1757 4967 2126 5056; x_wconf 83' lang='lat' dir='ltr'><strong>cujuslibet</strong></span> 
     </span>
     <span class='ocr_line' id='line_1_44' title="bbox 556 5077 2124 5172; baseline -0.005 -20"><span class='ocrx_word' id='word_1_263' title='bbox 556 5085 823 5162; x_wconf 68' lang='lat' dir='ltr'><strong>animae,</strong></span> <span class='ocrx_word' id='word_1_264' title='bbox 865 5091 931 5149; x_wconf 82' lang='lat' dir='ltr'><strong>et</strong></span> <span class='ocrx_word' id='word_1_265' title='bbox 966 5081 1492 5172; x_wconf 81' lang='lat' dir='ltr'><strong>dispositionem</strong></span> <span class='ocrx_word' id='word_1_266' title='bbox 1524 5077 1894 5169; x_wconf 79' lang='lat' dir='ltr'><strong>cujuslibet</strong></span> <span class='ocrx_word' id='word_1_267' title='bbox 1933 5077 2124 5145; x_wconf 88' lang='lat' dir='ltr'><strong>modi</strong></span> 
     </span>
     <span class='ocr_line' id='line_1_45' title="bbox 554 5188 2118 5283; baseline -0.004 -21"><span class='ocrx_word' id='word_1_268' title='bbox 554 5196 621 5263; x_wconf 91' lang='lat' dir='ltr'><strong>in</strong></span> <span class='ocrx_word' id='word_1_269' title='bbox 689 5191 1003 5283; x_wconf 79' lang='lat' dir='ltr'><strong>partibus</strong></span> <span class='ocrx_word' id='word_1_270' title='bbox 1071 5193 1346 5268; x_wconf 71' lang='lat' dir='ltr'><strong>animm,</strong></span> <span class='ocrx_word' id='word_1_271' title='bbox 1380 5198 1447 5258; x_wconf 87' lang='lat' dir='ltr'><strong>et</strong></span> <span class='ocrx_word' id='word_1_272' title='bbox 1491 5188 1653 5281; x_wconf 90' lang='lat' dir='ltr'><strong>quid</strong></span> <span class='ocrx_word' id='word_1_273' title='bbox 1695 5190 1782 5257; x_wconf 79' lang='lat' dir='ltr'><strong>sit</strong></span> <span class='ocrx_word' id='word_1_274' title='bbox 1819 5188 2118 5256; x_wconf 88' lang='lat' dir='ltr'><strong>animal:</strong></span> 
     </span>
     <span class='ocr_line' id='line_1_46' title="bbox 552 5298 2127 5390; baseline -0.004 -20"><span class='ocrx_word' id='word_1_275' title='bbox 552 5310 617 5370; x_wconf 89' lang='lat' dir='ltr'><strong>et</strong></span> <span class='ocrx_word' id='word_1_276' title='bbox 654 5301 1019 5369; x_wconf 76' lang='lat' dir='ltr'><strong>ostendere</strong></span> <span class='ocrx_word' id='word_1_277' title='bbox 1080 5309 1310 5369; x_wconf 89' lang='lat' dir='ltr'><strong>utrum</strong></span> <span class='ocrx_word' id='word_1_278' title='bbox 1380 5300 1466 5365; x_wconf 84' lang='lat' dir='ltr'><strong>sit</strong></span> <span class='ocrx_word' id='word_1_279' title='bbox 1516 5300 1938 5390; x_wconf 14' lang='lat' dir='ltr'><strong>animavpars</strong></span> <span class='ocrx_word' id='word_1_280' title='bbox 1968 5298 2127 5364; x_wconf 91' lang='lat' dir='ltr'><strong>ani-</strong></span> 
     </span>
     <span class='ocr_line' id='line_1_47' title="bbox 552 5407 2124 5486; baseline -0.004 -5"><span class='ocrx_word' id='word_1_281' title='bbox 552 5409 773 5486; x_wconf 74' lang='lat' dir='ltr'><strong>malia,</strong></span> <span class='ocrx_word' id='word_1_282' title='bbox 806 5419 924 5476; x_wconf 78' lang='lat' dir='ltr'><strong>aut</strong></span> <span class='ocrx_word' id='word_1_283' title='bbox 962 5434 1106 5476; x_wconf 89' lang='lat' dir='ltr'><strong>non</strong></span> <span class='ocrx_word' id='word_1_284' title='bbox 1144 5432 1160 5478; x_wconf 74' lang='grc' dir='ltr'>ε</span> <span class='ocrx_word' id='word_1_285' title='bbox 1196 5418 1258 5477; x_wconf 89' lang='lat' dir='ltr'><strong>et</strong></span> <span class='ocrx_word' id='word_1_286' title='bbox 1300 5407 1543 5475; x_wconf 90' lang='lat' dir='ltr'><strong>deinde</strong></span> <span class='ocrx_word' id='word_1_287' title='bbox 1604 5407 1805 5475; x_wconf 90' lang='lat' dir='ltr'><strong>debet</strong></span> <span class='ocrx_word' id='word_1_288' title='bbox 1846 5428 2124 5474; x_wconf 86' lang='lat' dir='ltr'><strong>narrare</strong></span> 
     </span>
     <span class='ocr_line' id='line_1_48' title="bbox 552 5513 2127 5609; baseline -0.004 -22"><span class='ocrx_word' id='word_1_289' title='bbox 552 5518 925 5588; x_wconf 81' lang='lat' dir='ltr'><strong>accidentia</strong></span> <span class='ocrx_word' id='word_1_290' title='bbox 959 5541 1118 5609; x_wconf 81' lang='lat' dir='ltr'><strong>quae</strong></span> <span class='ocrx_word' id='word_1_291' title='bbox 1149 5518 1464 5586; x_wconf 90' lang='lat' dir='ltr'><strong>accidunt</strong></span> <span class='ocrx_word' id='word_1_292' title='bbox 1496 5515 1776 5585; x_wconf 87' lang='lat' dir='ltr'><strong>animali</strong></span> <span class='ocrx_word' id='word_1_293' title='bbox 1824 5523 1891 5582; x_wconf 88' lang='lat' dir='ltr'><strong>et</strong></span> <span class='ocrx_word' id='word_1_294' title='bbox 1958 5513 2127 5581; x_wconf 88' lang='lat' dir='ltr'><strong>sub-</strong></span> 
     </span>
     <span class='ocr_line' id='line_1_49' title="bbox 553 5619 1986 5715; baseline -0.005 -20"><span class='ocrx_word' id='word_1_295' title='bbox 553 5627 817 5695; x_wconf 63' lang='lat' dir='ltr'><strong>stantia»,</strong></span> <span class='ocrx_word' id='word_1_296' title='bbox 849 5627 1128 5702; x_wconf 65' lang='lat' dir='ltr'><strong>animae,</strong></span> <span class='ocrx_word' id='word_1_297' title='bbox 1164 5647 1317 5715; x_wconf 84' lang='lat' dir='ltr'><strong>qua·</strong></span> <span class='ocrx_word' id='word_1_298' title='bbox 1349 5633 1447 5692; x_wconf 75' lang='lat' dir='ltr'><strong>est</strong></span> <span class='ocrx_word' id='word_1_299' title='bbox 1479 5623 1632 5691; x_wconf 81' lang='lat' dir='ltr'><strong>talis</strong></span> <span class='ocrx_word' id='word_1_300' title='bbox 1661 5629 1779 5689; x_wconf 86' lang='lat' dir='ltr'><strong>aut</strong></span> <span class='ocrx_word' id='word_1_301' title='bbox 1806 5619 1986 5690; x_wconf 75' lang='lat' dir='ltr'><strong>talis·</strong></span> 
     </span>
    </p>

    <p class='ocr_par' dir='ltr' id='par_1_5' title="bbox 644 5728 2128 5828">
     <span class='ocr_line' id='line_1_50' title="bbox 644 5728 2128 5828; baseline -0.004 -25"><span class='ocrx_word' id='word_1_302' title='bbox 644 5736 780 5804; x_wconf 85' lang='lat' dir='ltr'><strong>Isto</strong></span> <span class='ocrx_word' id='word_1_303' title='bbox 837 5735 1059 5828; x_wconf 82' lang='lat' dir='ltr'><strong>igitur</strong></span> <span class='ocrx_word' id='word_1_304' title='bbox 1112 5731 1322 5801; x_wconf 87' lang='lat' dir='ltr'><strong>modo</strong></span> <span class='ocrx_word' id='word_1_305' title='bbox 1369 5732 1688 5802; x_wconf 89' lang='lat' dir='ltr'><strong>dicuntur</strong></span> <span class='ocrx_word' id='word_1_306' title='bbox 1713 5753 1838 5823; x_wconf 88' lang='lat' dir='ltr'><strong>per</strong></span> <span class='ocrx_word' id='word_1_307' title='bbox 1876 5728 2128 5798; x_wconf 78' lang='lat' dir='ltr'><strong>diffini-</strong></span> 
     </span>
    </p>
   </div>
   <div class='ocr_carea' id='block_1_3' title="bbox 1560 367 2172 436">
    <p class='ocr_par' dir='ltr' id='par_1_6' title="bbox 1560 367 2172 436">
     <span class='ocr_line' id='line_1_51' title="bbox 1560 367 2172 436; baseline -0.002 0"><span class='ocrx_word' id='word_1_308' title='bbox 1560 369 1642 436; x_wconf 87' lang='lat' dir='ltr'><strong>D.</strong></span> <span class='ocrx_word' id='word_1_309' title='bbox 1700 368 1897 436; x_wconf 86' lang='lat' dir='ltr'>ALB.</span> <span class='ocrx_word' id='word_1_310' title='bbox 1954 367 2172 435; x_wconf 78' lang='lat' dir='ltr'><strong>MAG.</strong></span> 
     </span>
    </p>
   </div>
   <div class='ocr_carea' id='block_1_4' title="bbox 2230 366 2783 437">
    <p class='ocr_par' dir='ltr' id='par_1_7' title="bbox 2230 366 2783 437">
     <span class='ocr_line' id='line_1_52' title="bbox 2230 366 2783 437; baseline 0.002 -1"><span class='ocrx_word' id='word_1_311' title='bbox 2230 366 2435 437; x_wconf 87' lang='lat' dir='ltr'><strong>ORD.</strong></span> <span class='ocrx_word' id='word_1_312' title='bbox 2493 369 2783 437; x_wconf 84' lang='lat' dir='ltr'>PRAED.</span> 
     </span>
    </p>
   </div>
   <div class='ocr_carea' id='block_1_5' title="bbox 2218 544 3784 5819">
    <p class='ocr_par' dir='ltr' id='par_1_8' title="bbox 2218 544 3784 5819">
     <span class='ocr_line' id='line_1_53' title="bbox 2235 544 3779 615; baseline 0.004 -6"><span class='ocrx_word' id='word_1_313' title='bbox 2235 545 2492 611; x_wconf 91' lang='lat' dir='ltr'><strong>tionem</strong></span> <span class='ocrx_word' id='word_1_314' title='bbox 2561 544 2878 612; x_wconf 84' lang='lat' dir='ltr'><strong>animalia</strong></span> <span class='ocrx_word' id='word_1_315' title='bbox 2941 546 3205 613; x_wconf 89' lang='lat' dir='ltr'><strong>duobus</strong></span> <span class='ocrx_word' id='word_1_316' title='bbox 3263 545 3482 613; x_wconf 89' lang='lat' dir='ltr'><strong>modis</strong></span> <span class='ocrx_word' id='word_1_317' title='bbox 3540 570 3779 615; x_wconf 77' lang='lat' dir='ltr'><strong>causa-</strong></span> 
     </span>
     <span class='ocr_line' id='line_1_54' title="bbox 2238 653 3778 743; baseline 0.003 -24"><span class='ocrx_word' id='word_1_318' title='bbox 2238 676 2385 719; x_wconf 89' lang='lat' dir='ltr'><strong>rum</strong></span> <span class='ocrx_word' id='word_1_319' title='bbox 2426 678 2439 720; x_wconf 76' lang='grc' dir='ltr'>ε</span> <span class='ocrx_word' id='word_1_320' title='bbox 2479 677 2768 743; x_wconf 84' lang='lat' dir='ltr'><strong>quorum</strong></span> <span class='ocrx_word' id='word_1_321' title='bbox 2800 653 2967 721; x_wconf 88' lang='lat' dir='ltr'><strong>alter</strong></span> <span class='ocrx_word' id='word_1_322' title='bbox 3007 664 3100 722; x_wconf 79' lang='lat' dir='ltr'><strong>cst</strong></span> <span class='ocrx_word' id='word_1_323' title='bbox 3135 656 3305 723; x_wconf 89' lang='lat' dir='ltr'><strong>sicut</strong></span> <span class='ocrx_word' id='word_1_324' title='bbox 3364 658 3666 735; x_wconf 87' lang='lat' dir='ltr'><strong>materia,</strong></span> <span class='ocrx_word' id='word_1_325' title='bbox 3713 668 3778 724; x_wconf 90' lang='lat' dir='ltr'><strong>et</strong></span> 
     </span>
     <span class='ocr_line' id='line_1_55' title="bbox 2236 752 3773 833; baseline 0.004 -6"><span class='ocrx_word' id='word_1_326' title='bbox 2236 762 2404 828; x_wconf 87' lang='lat' dir='ltr'><strong>alter</strong></span> <span class='ocrx_word' id='word_1_327' title='bbox 2435 772 2535 828; x_wconf 85' lang='lat' dir='ltr'><strong>est</strong></span> <span class='ocrx_word' id='word_1_328' title='bbox 2564 752 2734 829; x_wconf 80' lang='lat' dir='ltr'><strong>sicut</strong></span> <span class='ocrx_word' id='word_1_329' title='bbox 2773 764 2987 831; x_wconf 82' lang='lat' dir='ltr'><strong>forma</strong></span> <span class='ocrx_word' id='word_1_330' title='bbox 3029 767 3171 833; x_wconf 88' lang='lat' dir='ltr'><strong>sive</strong></span> <span class='ocrx_word' id='word_1_331' title='bbox 3202 765 3575 833; x_wconf 84' lang='lat' dir='ltr'><strong>substantia</strong></span> <span class='ocrx_word' id='word_1_332' title='bbox 3608 767 3773 833; x_wconf 80' lang='lat' dir='ltr'><strong>dans</strong></span> 
     </span>
     <span class='ocr_line' id='line_1_56' title="bbox 2235 869 3776 952; baseline 0.003 -17"><span class='ocrx_word' id='word_1_333' title='bbox 2235 891 2381 935; x_wconf 90' lang='lat' dir='ltr'><strong>esse</strong></span> <span class='ocrx_word' id='word_1_334' title='bbox 2413 877 2476 934; x_wconf 88' lang='lat' dir='ltr'><strong>et</strong></span> <span class='ocrx_word' id='word_1_335' title='bbox 2517 869 2869 936; x_wconf 86' lang='lat' dir='ltr'><strong>rationem.</strong></span> <span class='ocrx_word' id='word_1_336' title='bbox 2917 872 3169 939; x_wconf 82' lang='lat' dir='ltr'><strong>Natura</strong></span> <span class='ocrx_word' id='word_1_337' title='bbox 3213 874 3422 952; x_wconf 89' lang='lat' dir='ltr'><strong>enim,</strong></span> <span class='ocrx_word' id='word_1_338' title='bbox 3458 874 3631 941; x_wconf 91' lang='lat' dir='ltr'><strong>sicut</strong></span> <span class='ocrx_word' id='word_1_339' title='bbox 3670 874 3776 940; x_wconf 93' lang='lat' dir='ltr'><strong>di-</strong></span> 
     </span>
     <span class='ocr_line' id='line_1_57' title="bbox 2232 975 3775 1068; baseline 0.005 -27"><span class='ocrx_word' id='word_1_340' title='bbox 2232 975 2459 1042; x_wconf 82' lang='lat' dir='ltr'><strong>ximus</strong></span> <span class='ocrx_word' id='word_1_341' title='bbox 2519 977 2583 1042; x_wconf 92' lang='lat' dir='ltr'><strong>in</strong></span> <span class='ocrx_word' id='word_1_342' title='bbox 2643 977 2938 1044; x_wconf 85' lang='lat' dir='ltr'><strong>secundo</strong></span> <span class='ocrx_word' id='word_1_343' title='bbox 2998 980 3475 1068; x_wconf 75' lang='lat' dir='ltr'><strong>Pleysicorum,</strong></span> <span class='ocrx_word' id='word_1_344' title='bbox 3532 982 3775 1048; x_wconf 90' lang='lat' dir='ltr'><strong>dicitur</strong></span> 
     </span>
     <span class='ocr_line' id='line_1_58' title="bbox 2233 1085 3772 1181; baseline 0.003 -30"><span class='ocrx_word' id='word_1_345' title='bbox 2233 1085 2404 1152; x_wconf 89' lang='lat' dir='ltr'><strong>sicut</strong></span> <span class='ocrx_word' id='word_1_346' title='bbox 2437 1085 2648 1151; x_wconf 87' lang='lat' dir='ltr'><strong>motio</strong></span> <span class='ocrx_word' id='word_1_347' title='bbox 2680 1087 2819 1151; x_wconf 88' lang='lat' dir='ltr'><strong>sive</strong></span> <span class='ocrx_word' id='word_1_348' title='bbox 2852 1090 3197 1176; x_wconf 85' lang='lat' dir='ltr'><strong>generatio</strong></span> <span class='ocrx_word' id='word_1_349' title='bbox 3231 1111 3380 1178; x_wconf 84' lang='lat' dir='ltr'><strong>quae</strong></span> <span class='ocrx_word' id='word_1_350' title='bbox 3422 1101 3523 1157; x_wconf 87' lang='lat' dir='ltr'><strong>est</strong></span> <span class='ocrx_word' id='word_1_351' title='bbox 3569 1113 3772 1181; x_wconf 88' lang='lat' dir='ltr'><strong>super</strong></span> 
     </span>
     <span class='ocr_line' id='line_1_59' title="bbox 2233 1194 3773 1286; baseline 0.004 -28"><span class='ocrx_word' id='word_1_352' title='bbox 2233 1194 2615 1277; x_wconf 80' lang='lat' dir='ltr'><strong>materiam,</strong></span> <span class='ocrx_word' id='word_1_353' title='bbox 2675 1202 2742 1262; x_wconf 87' lang='lat' dir='ltr'><strong>et</strong></span> <span class='ocrx_word' id='word_1_354' title='bbox 2797 1194 3039 1262; x_wconf 91' lang='lat' dir='ltr'><strong>dicitur</strong></span> <span class='ocrx_word' id='word_1_355' title='bbox 3095 1196 3267 1263; x_wconf 88' lang='lat' dir='ltr'><strong>sicut</strong></span> <span class='ocrx_word' id='word_1_356' title='bbox 3306 1198 3773 1286; x_wconf 88' lang='lat' dir='ltr'><strong>complemen-</strong></span> 
     </span>
     <span class='ocr_line' id='line_1_60' title="bbox 2232 1303 3768 1391; baseline 0.004 -26"><span class='ocrx_word' id='word_1_357' title='bbox 2232 1307 2414 1366; x_wconf 86' lang='lat' dir='ltr'><strong>tum:</strong></span> <span class='ocrx_word' id='word_1_358' title='bbox 2463 1310 2521 1367; x_wconf 91' lang='lat' dir='ltr'><strong>et</strong></span> <span class='ocrx_word' id='word_1_359' title='bbox 2556 1303 2900 1391; x_wconf 85' lang='lat' dir='ltr'><strong>generatio</strong></span> <span class='ocrx_word' id='word_1_360' title='bbox 2942 1325 3080 1369; x_wconf 90' lang='lat' dir='ltr'><strong>non</strong></span> <span class='ocrx_word' id='word_1_361' title='bbox 3134 1303 3468 1371; x_wconf 82' lang='lat' dir='ltr'><strong>diceretur</strong></span> <span class='ocrx_word' id='word_1_362' title='bbox 3506 1313 3768 1383; x_wconf 86' lang='lat' dir='ltr'><strong>natura,</strong></span> 
     </span>
     <span class='ocr_line' id='line_1_61' title="bbox 2231 1410 3778 1501; baseline 0.003 -26"><span class='ocrx_word' id='word_1_363' title='bbox 2231 1410 2359 1476; x_wconf 89' lang='lat' dir='ltr'><strong>nisi</strong></span> <span class='ocrx_word' id='word_1_364' title='bbox 2401 1410 2562 1501; x_wconf 86' lang='lat' dir='ltr'><strong>quia</strong></span> <span class='ocrx_word' id='word_1_365' title='bbox 2617 1420 2717 1500; x_wconf 74' lang='lat' dir='ltr'><strong>est</strong></span> <span class='ocrx_word' id='word_1_366' title='bbox 2782 1411 2867 1477; x_wconf 88' lang='lat' dir='ltr'><strong>ad</strong></span> <span class='ocrx_word' id='word_1_367' title='bbox 2907 1420 3219 1478; x_wconf 87' lang='lat' dir='ltr'><strong>naturam</strong></span> <span class='ocrx_word' id='word_1_368' title='bbox 3261 1434 3413 1501; x_wconf 80' lang='lat' dir='ltr'><strong>quae</strong></span> <span class='ocrx_word' id='word_1_369' title='bbox 3463 1422 3562 1480; x_wconf 88' lang='lat' dir='ltr'><strong>est</strong></span> <span class='ocrx_word' id='word_1_370' title='bbox 3596 1435 3778 1480; x_wconf 89' lang='lat' dir='ltr'><strong>com·</strong></span> 
     </span>
     <span class='ocr_line' id='line_1_62' title="bbox 2230 1517 3777 1612; baseline 0.003 -29"><span class='ocrx_word' id='word_1_371' title='bbox 2230 1517 2669 1608; x_wconf 85' lang='lat' dir='ltr'><strong>plementum.</strong></span> <span class='ocrx_word' id='word_1_372' title='bbox 2713 1518 2832 1585; x_wconf 90' lang='lat' dir='ltr'><strong>Est</strong></span> <span class='ocrx_word' id='word_1_373' title='bbox 2861 1541 3023 1610; x_wconf 86' lang='lat' dir='ltr'><strong>ergo</strong></span> <span class='ocrx_word' id='word_1_374' title='bbox 3065 1520 3527 1598; x_wconf 82' lang='lat' dir='ltr'><strong>manifestum,</strong></span> <span class='ocrx_word' id='word_1_375' title='bbox 3595 1519 3777 1612; x_wconf 88' lang='lat' dir='ltr'><strong>quod</strong></span> 
     </span>
     <span class='ocr_line' id='line_1_63' title="bbox 2228 1625 3774 1696; baseline 0.001 -3"><span class='ocrx_word' id='word_1_376' title='bbox 2228 1625 2600 1693; x_wconf 87' lang='lat' dir='ltr'><strong>secundum</strong></span> <span class='ocrx_word' id='word_1_377' title='bbox 2659 1627 2864 1694; x_wconf 88' lang='lat' dir='ltr'><strong>talem</strong></span> <span class='ocrx_word' id='word_1_378' title='bbox 2930 1627 3335 1696; x_wconf 87' lang='lat' dir='ltr'><strong>divisionem</strong></span> <span class='ocrx_word' id='word_1_379' title='bbox 3413 1650 3774 1696; x_wconf 87' lang='lat' dir='ltr'><strong>causarum</strong></span> 
     </span>
     <span class='ocr_line' id='line_1_64' title="bbox 2225 1732 3777 1802; baseline 0.001 -2"><span class='ocrx_word' id='word_1_380' title='bbox 2225 1732 2553 1800; x_wconf 86' lang='lat' dir='ltr'><strong>debemus</strong></span> <span class='ocrx_word' id='word_1_381' title='bbox 2617 1735 3040 1802; x_wconf 86' lang='lat' dir='ltr'><strong>considerare</strong></span> <span class='ocrx_word' id='word_1_382' title='bbox 3103 1736 3171 1801; x_wconf 92' lang='lat' dir='ltr'><strong>in</strong></span> <span class='ocrx_word' id='word_1_383' title='bbox 3218 1735 3420 1802; x_wconf 89' lang='lat' dir='ltr'><strong>rebus</strong></span> <span class='ocrx_word' id='word_1_384' title='bbox 3450 1734 3777 1802; x_wconf 88' lang='lat' dir='ltr'><strong>naturali·</strong></span> 
     </span>
     <span class='ocr_line' id='line_1_65' title="bbox 2225 1839 3775 1933; baseline 0.003 -27"><span class='ocrx_word' id='word_1_385' title='bbox 2225 1839 2378 1921; x_wconf 75' lang='lat' dir='ltr'><strong>buS,</strong></span> <span class='ocrx_word' id='word_1_386' title='bbox 2420 1851 2485 1908; x_wconf 92' lang='lat' dir='ltr'><strong>et</strong></span> <span class='ocrx_word' id='word_1_387' title='bbox 2525 1843 2592 1907; x_wconf 91' lang='lat' dir='ltr'><strong>in</strong></span> <span class='ocrx_word' id='word_1_388' title='bbox 2624 1842 2879 1908; x_wconf 90' lang='lat' dir='ltr'><strong>naturis</strong></span> <span class='ocrx_word' id='word_1_389' title='bbox 2918 1842 3317 1909; x_wconf 83' lang='lat' dir='ltr'><strong>animalium</strong></span> <span class='ocrx_word' id='word_1_390' title='bbox 3374 1845 3594 1933; x_wconf 87' lang='lat' dir='ltr'><strong>magis</strong></span> <span class='ocrx_word' id='word_1_391' title='bbox 3654 1843 3775 1910; x_wconf 91' lang='lat' dir='ltr'><strong>de-</strong></span> 
     </span>
     <span class='ocr_line' id='line_1_66' title="bbox 2223 1948 3766 2017; baseline 0 -2"><span class='ocrx_word' id='word_1_392' title='bbox 2223 1948 2465 2016; x_wconf 88' lang='lat' dir='ltr'><strong>bemus</strong></span> <span class='ocrx_word' id='word_1_393' title='bbox 2538 1948 2902 2017; x_wconf 83' lang='lat' dir='ltr'><strong>attribuere</strong></span> <span class='ocrx_word' id='word_1_394' title='bbox 2993 1951 3612 2017; x_wconf 77' lang='lat' dir='ltr'><strong>considerationem</strong></span> <span class='ocrx_word' id='word_1_395' title='bbox 3698 1950 3766 2016; x_wconf 92' lang='lat' dir='ltr'><strong>in</strong></span> 
     </span>
     <span class='ocr_line' id='line_1_67' title="bbox 2225 2057 3775 2149; baseline 0.002 -26"><span class='ocrx_word' id='word_1_396' title='bbox 2225 2057 2664 2148; x_wconf 90' lang='lat' dir='ltr'><strong>dispositione</strong></span> <span class='ocrx_word' id='word_1_397' title='bbox 2694 2061 2961 2137; x_wconf 79' lang='lat' dir='ltr'><strong>auimoe,</strong></span> <span class='ocrx_word' id='word_1_398' title='bbox 3007 2081 3210 2149; x_wconf 92' lang='lat' dir='ltr'><strong>quam</strong></span> <span class='ocrx_word' id='word_1_399' title='bbox 3246 2061 3315 2126; x_wconf 92' lang='lat' dir='ltr'><strong>in</strong></span> <span class='ocrx_word' id='word_1_400' title='bbox 3377 2060 3775 2127; x_wconf 85' lang='lat' dir='ltr'><strong>considera-</strong></span> 
     </span>
     <span class='ocr_line' id='line_1_68' title="bbox 2222 2168 3776 2236; baseline 0 -2"><span class='ocrx_word' id='word_1_401' title='bbox 2222 2169 2407 2234; x_wconf 89' lang='lat' dir='ltr'><strong>tione</strong></span> <span class='ocrx_word' id='word_1_402' title='bbox 2434 2170 2731 2234; x_wconf 80' lang='lat' dir='ltr'><strong>materiae</strong></span> <span class='ocrx_word' id='word_1_403' title='bbox 2766 2191 2780 2234; x_wconf 89' lang='lat'><strong>:</strong></span> <span class='ocrx_word' id='word_1_404' title='bbox 2813 2168 3092 2236; x_wconf 88' lang='lat' dir='ltr'><strong>materia</strong></span> <span class='ocrx_word' id='word_1_405' title='bbox 3122 2170 3305 2236; x_wconf 91' lang='lat' dir='ltr'><strong>enim</strong></span> <span class='ocrx_word' id='word_1_406' title='bbox 3339 2190 3476 2235; x_wconf 89' lang='lat' dir='ltr'><strong>non</strong></span> <span class='ocrx_word' id='word_1_407' title='bbox 3528 2168 3776 2236; x_wconf 91' lang='lat' dir='ltr'><strong>dicitur</strong></span> 
     </span>
     <span class='ocr_line' id='line_1_69' title="bbox 2220 2278 3759 2368; baseline 0.001 -25"><span class='ocrx_word' id='word_1_408' title='bbox 2220 2285 2465 2343; x_wconf 85' lang='lat' dir='ltr'><strong>natura</strong></span> <span class='ocrx_word' id='word_1_409' title='bbox 2523 2287 2794 2367; x_wconf 85' lang='lat' dir='ltr'><strong>propter</strong></span> <span class='ocrx_word' id='word_1_410' title='bbox 2855 2278 3133 2344; x_wconf 87' lang='lat' dir='ltr'><strong>modum</strong></span> <span class='ocrx_word' id='word_1_411' title='bbox 3200 2278 3759 2368; x_wconf 77' lang='lat' dir='ltr'><strong>dispositionum,</strong></span> 
     </span>
     <span class='ocr_line' id='line_1_70' title="bbox 2222 2387 3772 2479; baseline 0 -26"><span class='ocrx_word' id='word_1_412' title='bbox 2222 2387 2341 2454; x_wconf 90' lang='lat' dir='ltr'><strong>sed</strong></span> <span class='ocrx_word' id='word_1_413' title='bbox 2373 2388 2437 2453; x_wconf 90' lang='lat' dir='ltr'><strong>in</strong></span> <span class='ocrx_word' id='word_1_414' title='bbox 2470 2387 2778 2476; x_wconf 88' lang='lat' dir='ltr'><strong>analogia</strong></span> <span class='ocrx_word' id='word_1_415' title='bbox 2808 2388 2894 2454; x_wconf 88' lang='lat' dir='ltr'><strong>ad</strong></span> <span class='ocrx_word' id='word_1_416' title='bbox 2924 2388 3211 2455; x_wconf 82' lang='lat' dir='ltr'><strong>formam</strong></span> <span class='ocrx_word' id='word_1_417' title='bbox 3248 2410 3262 2453; x_wconf 75' lang='grc' dir='ltr'>ε</span> <span class='ocrx_word' id='word_1_418' title='bbox 3311 2388 3633 2479; x_wconf 86' lang='lat' dir='ltr'><strong>quoniam</strong></span> <span class='ocrx_word' id='word_1_419' title='bbox 3680 2388 3772 2453; x_wconf 87' lang='lat' dir='ltr'><strong>ita</strong></span> 
     </span>
     <span class='ocr_line' id='line_1_71' title="bbox 2222 2495 3761 2587; baseline 0 -25"><span class='ocrx_word' id='word_1_420' title='bbox 2222 2503 2321 2562; x_wconf 88' lang='lat' dir='ltr'><strong>est</strong></span> <span class='ocrx_word' id='word_1_421' title='bbox 2353 2495 2433 2563; x_wconf 88' lang='lat' dir='ltr'><strong>de</strong></span> <span class='ocrx_word' id='word_1_422' title='bbox 2466 2495 2650 2587; x_wconf 82' lang='lat' dir='ltr'><strong>ligno</strong></span> <span class='ocrx_word' id='word_1_423' title='bbox 2691 2496 2870 2587; x_wconf 89' lang='lat' dir='ltr'><strong>quod</strong></span> <span class='ocrx_word' id='word_1_424' title='bbox 2914 2497 3158 2564; x_wconf 88' lang='lat' dir='ltr'><strong>dicitur</strong></span> <span class='ocrx_word' id='word_1_425' title='bbox 3187 2496 3400 2564; x_wconf 86' lang='lat' dir='ltr'><strong>lectus</strong></span> <span class='ocrx_word' id='word_1_426' title='bbox 3430 2504 3495 2564; x_wconf 84' lang='lat' dir='ltr'><strong>et</strong></span> <span class='ocrx_word' id='word_1_427' title='bbox 3554 2496 3761 2585; x_wconf 86' lang='lat' dir='ltr'><strong>tripo-</strong></span> 
     </span>
     <span class='ocr_line' id='line_1_72' title="bbox 2221 2603 3765 2694; baseline -0.001 -23"><span class='ocrx_word' id='word_1_428' title='bbox 2221 2604 2331 2682; x_wconf 91' lang='lat' dir='ltr'><strong>da,</strong></span> <span class='ocrx_word' id='word_1_429' title='bbox 2365 2603 2629 2694; x_wconf 86' lang='lat' dir='ltr'><strong>lignum</strong></span> <span class='ocrx_word' id='word_1_430' title='bbox 2661 2606 2839 2671; x_wconf 89' lang='lat' dir='ltr'><strong>enim</strong></span> <span class='ocrx_word' id='word_1_431' title='bbox 2875 2605 2940 2671; x_wconf 92' lang='lat' dir='ltr'><strong>in</strong></span> <span class='ocrx_word' id='word_1_432' title='bbox 2982 2606 3280 2694; x_wconf 87' lang='lat' dir='ltr'><strong>potentia</strong></span> <span class='ocrx_word' id='word_1_433' title='bbox 3342 2604 3585 2671; x_wconf 84' lang='lat' dir='ltr'><strong>dicitur</strong></span> <span class='ocrx_word' id='word_1_434' title='bbox 3624 2604 3765 2669; x_wconf 80' lang='lat' dir='ltr'><strong>istae</strong></span> 
     </span>
     <span class='ocr_line' id='line_1_73' title="bbox 2222 2710 3765 2801; baseline -0.001 -24"><span class='ocrx_word' id='word_1_435' title='bbox 2222 2733 2351 2789; x_wconf 75' lang='lat' dir='ltr'><strong>rea,</strong></span> <span class='ocrx_word' id='word_1_436' title='bbox 2396 2720 2458 2779; x_wconf 91' lang='lat' dir='ltr'><strong>et</strong></span> <span class='ocrx_word' id='word_1_437' title='bbox 2493 2733 2630 2778; x_wconf 90' lang='lat' dir='ltr'><strong>non</strong></span> <span class='ocrx_word' id='word_1_438' title='bbox 2669 2720 2844 2778; x_wconf 90' lang='lat' dir='ltr'><strong>actu.</strong></span> <span class='ocrx_word' id='word_1_439' title='bbox 2875 2710 3200 2778; x_wconf 83' lang='lat' dir='ltr'><strong>Similiter</strong></span> <span class='ocrx_word' id='word_1_440' title='bbox 3232 2712 3296 2777; x_wconf 88' lang='lat' dir='ltr'><strong>iu</strong></span> <span class='ocrx_word' id='word_1_441' title='bbox 3336 2712 3632 2801; x_wconf 67' lang='lat' dir='ltr'><strong>physicis</strong></span> <span class='ocrx_word' id='word_1_442' title='bbox 3663 2711 3765 2776; x_wconf 90' lang='lat' dir='ltr'><strong>di-</strong></span> 
     </span>
     <span class='ocr_line' id='line_1_74' title="bbox 2220 2819 3529 2908; baseline -0.002 -23"><span class='ocrx_word' id='word_1_443' title='bbox 2220 2819 2396 2885; x_wconf 90' lang='lat' dir='ltr'><strong>citur</strong></span> <span class='ocrx_word' id='word_1_444' title='bbox 2436 2819 2712 2884; x_wconf 86' lang='lat' dir='ltr'><strong>materia</strong></span> <span class='ocrx_word' id='word_1_445' title='bbox 2743 2826 2985 2884; x_wconf 89' lang='lat' dir='ltr'><strong>natura</strong></span> <span class='ocrx_word' id='word_1_446' title='bbox 3025 2827 3529 2908; x_wconf 74' lang='lat' dir='ltr'><strong>generatorum.</strong></span> 
     </span>
     <span class='ocr_line' id='line_1_75' title="bbox 2310 2923 3765 3015; baseline 0.001 -25"><span class='ocrx_word' id='word_1_447' title='bbox 2310 2923 2598 3003; x_wconf 87' lang='lat' dir='ltr'><strong>Quando</strong></span> <span class='ocrx_word' id='word_1_448' title='bbox 2673 2932 2900 2991; x_wconf 89' lang='lat' dir='ltr'><strong>autem</strong></span> <span class='ocrx_word' id='word_1_449' title='bbox 2952 2924 3195 3015; x_wconf 86' lang='lat' dir='ltr'><strong>aliquis</strong></span> <span class='ocrx_word' id='word_1_450' title='bbox 3238 2923 3765 2991; x_wconf 75' lang='lat' dir='ltr'><strong>consideraverit</strong></span> 
     </span>
     <span class='ocr_line' id='line_1_76' title="bbox 2220 3030 3766 3120; baseline -0.003 -20"><span class='ocrx_word' id='word_1_451' title='bbox 2220 3034 2288 3100; x_wconf 93' lang='lat' dir='ltr'><strong>in</strong></span> <span class='ocrx_word' id='word_1_452' title='bbox 2365 3034 2623 3099; x_wconf 90' lang='lat' dir='ltr'><strong>naturis</strong></span> <span class='ocrx_word' id='word_1_453' title='bbox 2675 3031 3072 3099; x_wconf 87' lang='lat' dir='ltr'><strong>animalium</strong></span> <span class='ocrx_word' id='word_1_454' title='bbox 3143 3031 3515 3098; x_wconf 84' lang='lat' dir='ltr'><strong>secundum</strong></span> <span class='ocrx_word' id='word_1_455' title='bbox 3585 3030 3766 3120; x_wconf 89' lang='lat' dir='ltr'><strong>quod</strong></span> 
     </span>
     <span class='ocr_line' id='line_1_77' title="bbox 2219 3141 3768 3221; baseline -0.003 -11"><span class='ocrx_word' id='word_1_456' title='bbox 2219 3142 2542 3221; x_wconf 77' lang='lat' dir='ltr'><strong>diximus,</strong></span> <span class='ocrx_word' id='word_1_457' title='bbox 2604 3141 2937 3209; x_wconf 86' lang='lat' dir='ltr'><strong>dubitabit</strong></span> <span class='ocrx_word' id='word_1_458' title='bbox 3002 3141 3309 3219; x_wconf 82' lang='lat' dir='ltr'><strong>sortasse,</strong></span> <span class='ocrx_word' id='word_1_459' title='bbox 3345 3149 3572 3208; x_wconf 90' lang='lat' dir='ltr'><strong>utrum</strong></span> <span class='ocrx_word' id='word_1_460' title='bbox 3643 3162 3768 3206; x_wconf 90' lang='lat' dir='ltr'><strong>na-</strong></span> 
     </span>
     <span class='ocr_line' id='line_1_78' title="bbox 2219 3246 3763 3339; baseline -0.003 -24"><span class='ocrx_word' id='word_1_461' title='bbox 2219 3248 2455 3316; x_wconf 88' lang='lat' dir='ltr'><strong>turalis</strong></span> <span class='ocrx_word' id='word_1_462' title='bbox 2487 3246 2933 3339; x_wconf 85' lang='lat' dir='ltr'><strong>philosophus</strong></span> <span class='ocrx_word' id='word_1_463' title='bbox 2981 3247 3201 3315; x_wconf 79' lang='lat' dir='ltr'><strong>dicere</strong></span> <span class='ocrx_word' id='word_1_464' title='bbox 3230 3247 3466 3315; x_wconf 87' lang='lat' dir='ltr'><strong>debeat</strong></span> <span class='ocrx_word' id='word_1_465' title='bbox 3494 3247 3575 3314; x_wconf 87' lang='lat' dir='ltr'><strong>de</strong></span> <span class='ocrx_word' id='word_1_466' title='bbox 3617 3269 3763 3313; x_wconf 89' lang='lat' dir='ltr'><strong>om·</strong></span> 
     </span>
     <span class='ocr_line' id='line_1_79' title="bbox 2218 3354 3767 3447; baseline -0.003 -23"><span class='ocrx_word' id='word_1_467' title='bbox 2218 3360 2287 3425; x_wconf 90' lang='lat' dir='ltr'><strong>ni</strong></span> <span class='ocrx_word' id='word_1_468' title='bbox 2321 3358 2547 3424; x_wconf 88' lang='lat' dir='ltr'><strong>anima</strong></span> <span class='ocrx_word' id='word_1_469' title='bbox 2591 3356 2885 3424; x_wconf 88' lang='lat' dir='ltr'><strong>naturali</strong></span> <span class='ocrx_word' id='word_1_470' title='bbox 2924 3358 2989 3423; x_wconf 90' lang='lat' dir='ltr'><strong>in</strong></span> <span class='ocrx_word' id='word_1_471' title='bbox 3017 3379 3289 3447; x_wconf 80' lang='lat' dir='ltr'><strong>genere,</strong></span> <span class='ocrx_word' id='word_1_472' title='bbox 3325 3364 3435 3423; x_wconf 87' lang='lat' dir='ltr'><strong>aut</strong></span> <span class='ocrx_word' id='word_1_473' title='bbox 3486 3354 3566 3420; x_wconf 89' lang='lat' dir='ltr'><strong>de</strong></span> <span class='ocrx_word' id='word_1_474' title='bbox 3616 3355 3767 3420; x_wconf 86' lang='lat' dir='ltr'><strong>ani-</strong></span> 
     </span>
     <span class='ocr_line' id='line_1_80' title="bbox 2221 3462 3762 3555; baseline -0.003 -23"><span class='ocrx_word' id='word_1_475' title='bbox 2221 3487 2333 3532; x_wconf 88' lang='lat' dir='ltr'><strong>ma</strong></span> <span class='ocrx_word' id='word_1_476' title='bbox 2371 3464 2598 3555; x_wconf 89' lang='lat' dir='ltr'><strong>aliqua</strong></span> <span class='ocrx_word' id='word_1_477' title='bbox 2663 3463 2986 3554; x_wconf 83' lang='lat' dir='ltr'><strong>singulari</strong></span> <span class='ocrx_word' id='word_1_478' title='bbox 3029 3485 3177 3554; x_wconf 62' lang='lat' dir='ltr'><strong>qua}</strong></span> <span class='ocrx_word' id='word_1_479' title='bbox 3207 3462 3612 3553; x_wconf 86' lang='lat' dir='ltr'><strong>principium</strong></span> <span class='ocrx_word' id='word_1_480' title='bbox 3662 3470 3762 3528; x_wconf 83' lang='lat' dir='ltr'><strong>cst</strong></span> 
     </span>
     <span class='ocr_line' id='line_1_81' title="bbox 2221 3574 3760 3665; baseline -0.004 -23"><span class='ocrx_word' id='word_1_481' title='bbox 2221 3574 2621 3642; x_wconf 89' lang='lat' dir='ltr'><strong>animalium</strong></span> <span class='ocrx_word' id='word_1_482' title='bbox 2651 3583 3125 3665; x_wconf 79' lang='lat' dir='ltr'><strong>generatorum</strong></span> <span class='ocrx_word' id='word_1_483' title='bbox 3158 3580 3218 3638; x_wconf 86' lang='lat' dir='ltr'><strong>et</strong></span> <span class='ocrx_word' id='word_1_484' title='bbox 3253 3579 3760 3662; x_wconf 89' lang='lat' dir='ltr'><strong>corruptorum:</strong></span> 
     </span>
     <span class='ocr_line' id='line_1_82' title="bbox 2222 3678 3762 3773; baseline -0.004 -24"><span class='ocrx_word' id='word_1_485' title='bbox 2222 3682 2547 3773; x_wconf 89' lang='lat' dir='ltr'><strong>quoniam</strong></span> <span class='ocrx_word' id='word_1_486' title='bbox 2587 3681 2644 3748; x_wconf 81' lang='lat' dir='ltr'><strong>si</strong></span> <span class='ocrx_word' id='word_1_487' title='bbox 2674 3679 2859 3772; x_wconf 89' lang='lat' dir='ltr'><strong>loqui</strong></span> <span class='ocrx_word' id='word_1_488' title='bbox 2901 3679 3140 3748; x_wconf 86' lang='lat' dir='ltr'><strong>debeat</strong></span> <span class='ocrx_word' id='word_1_489' title='bbox 3180 3679 3263 3747; x_wconf 88' lang='lat' dir='ltr'><strong>de</strong></span> <span class='ocrx_word' id='word_1_490' title='bbox 3293 3681 3479 3746; x_wconf 90' lang='lat' dir='ltr'><strong>omni</strong></span> <span class='ocrx_word' id='word_1_491' title='bbox 3511 3678 3762 3754; x_wconf 86' lang='lat' dir='ltr'><strong>anima,</strong></span> 
     </span>
     <span class='ocr_line' id='line_1_83' title="bbox 2223 3788 3765 3881; baseline -0.004 -22"><span class='ocrx_word' id='word_1_492' title='bbox 2223 3790 2408 3859; x_wconf 88' lang='lat' dir='ltr'><strong>nulla</strong></span> <span class='ocrx_word' id='word_1_493' title='bbox 2443 3790 2669 3881; x_wconf 88' lang='lat' dir='ltr'><strong>quoad</strong></span> <span class='ocrx_word' id='word_1_494' title='bbox 2708 3788 2837 3858; x_wconf 85' lang='lat' dir='ltr'><strong>boc</strong></span> <span class='ocrx_word' id='word_1_495' title='bbox 2877 3791 2999 3857; x_wconf 88' lang='lat' dir='ltr'><strong>erit</strong></span> <span class='ocrx_word' id='word_1_496' title='bbox 3032 3789 3385 3857; x_wconf 80' lang='lat' dir='ltr'><strong>diversitas</strong></span> <span class='ocrx_word' id='word_1_497' title='bbox 3419 3790 3765 3856; x_wconf 81' lang='lat' dir='ltr'><strong>inteream</strong></span> 
     </span>
     <span class='ocr_line' id='line_1_84' title="bbox 2223 3896 3762 3989; baseline -0.003 -22"><span class='ocrx_word' id='word_1_498' title='bbox 2223 3908 2290 3967; x_wconf 89' lang='lat' dir='ltr'><strong>et</strong></span> <span class='ocrx_word' id='word_1_499' title='bbox 2335 3897 2815 3989; x_wconf 82' lang='lat' dir='ltr'><strong>philosophum</strong></span> <span class='ocrx_word' id='word_1_500' title='bbox 2891 3896 3344 3964; x_wconf 74' lang='lat' dir='ltr'><strong>universalem</strong></span> <span class='ocrx_word' id='word_1_501' title='bbox 3442 3898 3762 3987; x_wconf 86' lang='lat' dir='ltr'><strong>primum,</strong></span> 
     </span>
     <span class='ocr_line' id='line_1_85' title="bbox 2225 4003 3772 4097; baseline -0.001 -26"><span class='ocrx_word' id='word_1_502' title='bbox 2225 4008 2340 4097; x_wconf 88' lang='lat' dir='ltr'><strong>qui</strong></span> <span class='ocrx_word' id='word_1_503' title='bbox 2381 4005 2682 4097; x_wconf 87' lang='lat' dir='ltr'><strong>loquitur</strong></span> <span class='ocrx_word' id='word_1_504' title='bbox 2721 4005 2802 4071; x_wconf 89' lang='lat' dir='ltr'><strong>de</strong></span> <span class='ocrx_word' id='word_1_505' title='bbox 2851 4003 3207 4072; x_wconf 78' lang='lat' dir='ltr'><strong>aninmbus</strong></span> <span class='ocrx_word' id='word_1_506' title='bbox 3238 4004 3445 4082; x_wconf 83' lang='lat' dir='ltr'><strong>orbis,</strong></span> <span class='ocrx_word' id='word_1_507' title='bbox 3476 4027 3556 4071; x_wconf 88' lang='lat' dir='ltr'><strong>eo</strong></span> <span class='ocrx_word' id='word_1_508' title='bbox 3590 4003 3772 4094; x_wconf 86' lang='lat' dir='ltr'><strong>quod</strong></span> 
     </span>
     <span class='ocr_line' id='line_1_86' title="bbox 2226 4112 3769 4203; baseline -0.003 -21"><span class='ocrx_word' id='word_1_509' title='bbox 2226 4114 2605 4182; x_wconf 80' lang='lat' dir='ltr'><strong>intellectus</strong></span> <span class='ocrx_word' id='word_1_510' title='bbox 2634 4112 3018 4203; x_wconf 80' lang='lat' dir='ltr'><strong>philosophi</strong></span> <span class='ocrx_word' id='word_1_511' title='bbox 3052 4113 3252 4202; x_wconf 90' lang='lat' dir='ltr'><strong>primi</strong></span> <span class='ocrx_word' id='word_1_512' title='bbox 3286 4115 3528 4202; x_wconf 65' lang='lat' dir='ltr'><strong>quaerit</strong></span> <span class='ocrx_word' id='word_1_513' title='bbox 3558 4113 3769 4178; x_wconf 80' lang='lat' dir='ltr'><strong>scien-</strong></span> 
     </span>
     <span class='ocr_line' id='line_1_87' title="bbox 2225 4219 3766 4312; baseline -0.003 -22"><span class='ocrx_word' id='word_1_514' title='bbox 2225 4222 2390 4290; x_wconf 83' lang='lat' dir='ltr'><strong>tiam</strong></span> <span class='ocrx_word' id='word_1_515' title='bbox 2447 4244 2684 4289; x_wconf 87' lang='lat' dir='ltr'><strong>eorum</strong></span> <span class='ocrx_word' id='word_1_516' title='bbox 2732 4242 2885 4312; x_wconf 62' lang='lat' dir='ltr'><strong>quae</strong></span> <span class='ocrx_word' id='word_1_517' title='bbox 2926 4219 3331 4288; x_wconf 77' lang='lat' dir='ltr'><strong>intellectiva</strong></span> <span class='ocrx_word' id='word_1_518' title='bbox 3364 4241 3521 4287; x_wconf 83' lang='lat' dir='ltr'><strong>vere</strong></span> <span class='ocrx_word' id='word_1_519' title='bbox 3558 4226 3713 4285; x_wconf 88' lang='lat' dir='ltr'><strong>sunt</strong></span> <span class='ocrx_word' id='word_1_520' title='bbox 3750 4241 3766 4286; x_wconf 78' lang='lat' dir='ltr'><strong><em>z</em></strong></span> 
     </span>
     <span class='ocr_line' id='line_1_88' title="bbox 2226 4324 3768 4418; baseline -0.005 -21"><span class='ocrx_word' id='word_1_521' title='bbox 2226 4336 2293 4397; x_wconf 85' lang='lat' dir='ltr'><strong>et</strong></span> <span class='ocrx_word' id='word_1_522' title='bbox 2329 4328 2384 4395; x_wconf 85' lang='lat' dir='ltr'><strong>si</strong></span> <span class='ocrx_word' id='word_1_523' title='bbox 2411 4328 2646 4396; x_wconf 88' lang='lat' dir='ltr'><strong>eadem</strong></span> <span class='ocrx_word' id='word_1_524' title='bbox 2677 4329 2916 4418; x_wconf 70' lang='lat' dir='ltr'><strong>quaerit</strong></span> <span class='ocrx_word' id='word_1_525' title='bbox 2944 4326 3269 4394; x_wconf 89' lang='lat' dir='ltr'><strong>naturalis</strong></span> <span class='ocrx_word' id='word_1_526' title='bbox 3292 4324 3768 4417; x_wconf 82' lang='lat' dir='ltr'><strong>philosophus,</strong></span> 
     </span>
     <span class='ocr_line' id='line_1_89' title="bbox 2225 4433 3763 4527; baseline -0.003 -21"><span class='ocrx_word' id='word_1_527' title='bbox 2225 4460 2366 4507; x_wconf 89' lang='lat' dir='ltr'><strong>non</strong></span> <span class='ocrx_word' id='word_1_528' title='bbox 2396 4437 2518 4505; x_wconf 89' lang='lat' dir='ltr'><strong>erit</strong></span> <span class='ocrx_word' id='word_1_529' title='bbox 2552 4436 2725 4503; x_wconf 87' lang='lat' dir='ltr'><strong>inter</strong></span> <span class='ocrx_word' id='word_1_530' title='bbox 2759 4459 2880 4503; x_wconf 85' lang='lat' dir='ltr'><strong>eos</strong></span> <span class='ocrx_word' id='word_1_531' title='bbox 2910 4435 3128 4527; x_wconf 89' lang='lat' dir='ltr'><strong>quoad</strong></span> <span class='ocrx_word' id='word_1_532' title='bbox 3199 4433 3329 4503; x_wconf 82' lang='lat' dir='ltr'><strong>hoc</strong></span> <span class='ocrx_word' id='word_1_533' title='bbox 3385 4435 3763 4503; x_wconf 81' lang='lat' dir='ltr'><strong>diversitas.</strong></span> 
     </span>
     <span class='ocr_line' id='line_1_90' title="bbox 2227 4539 3774 4632; baseline -0.004 -19"><span class='ocrx_word' id='word_1_534' title='bbox 2227 4541 2659 4613; x_wconf 76' lang='lat' dir='ltr'><strong>Manifestum</strong></span> <span class='ocrx_word' id='word_1_535' title='bbox 2689 4551 2915 4612; x_wconf 85' lang='lat' dir='ltr'><strong>autem</strong></span> <span class='ocrx_word' id='word_1_536' title='bbox 2957 4552 3051 4609; x_wconf 86' lang='lat' dir='ltr'><strong>est</strong></span> <span class='ocrx_word' id='word_1_537' title='bbox 3093 4564 3178 4609; x_wconf 86' lang='lat' dir='ltr'><strong>ex</strong></span> <span class='ocrx_word' id='word_1_538' title='bbox 3218 4541 3324 4609; x_wconf 80' lang='lat' dir='ltr'><strong>his</strong></span> <span class='ocrx_word' id='word_1_539' title='bbox 3363 4565 3516 4632; x_wconf 78' lang='lat' dir='ltr'><strong>qua·</strong></span> <span class='ocrx_word' id='word_1_540' title='bbox 3571 4543 3638 4609; x_wconf 88' lang='lat' dir='ltr'><strong>in</strong></span> <span class='ocrx_word' id='word_1_541' title='bbox 3684 4539 3774 4607; x_wconf 91' lang='lat' dir='ltr'><strong>li-</strong></span> 
     </span>
     <span class='ocr_line' id='line_1_91' title="bbox 2229 4647 3776 4739; baseline -0.005 -18"><span class='ocrx_word' id='word_1_542' title='bbox 2229 4654 2352 4721; x_wconf 90' lang='lat' dir='ltr'><strong>bro</strong></span> <span class='ocrx_word' id='word_1_543' title='bbox 2382 4652 2466 4720; x_wconf 89' lang='lat' dir='ltr'><strong>de</strong></span> <span class='ocrx_word' id='word_1_544' title='bbox 2494 4653 2746 4720; x_wconf 74' lang='lat' dir='ltr'><strong>Anima</strong></span> <span class='ocrx_word' id='word_1_545' title='bbox 2785 4650 2955 4717; x_wconf 88' lang='lat' dir='ltr'><strong>bene</strong></span> <span class='ocrx_word' id='word_1_546' title='bbox 2985 4648 3161 4718; x_wconf 90' lang='lat' dir='ltr'><strong>dicta</strong></span> <span class='ocrx_word' id='word_1_547' title='bbox 3190 4658 3372 4722; x_wconf 86' lang='lat' dir='ltr'><strong>sunt.</strong></span> <span class='ocrx_word' id='word_1_548' title='bbox 3406 4648 3588 4739; x_wconf 86' lang='lat' dir='ltr'><strong>quod</strong></span> <span class='ocrx_word' id='word_1_549' title='bbox 3622 4647 3776 4738; x_wconf 83' lang='lat' dir='ltr'><strong>pbi-</strong></span> 
     </span>
     <span class='ocr_line' id='line_1_92' title="bbox 2226 4757 3774 4850; baseline -0.002 -23"><span class='ocrx_word' id='word_1_550' title='bbox 2226 4758 2556 4850; x_wconf 84' lang='lat' dir='ltr'><strong>losophus</strong></span> <span class='ocrx_word' id='word_1_551' title='bbox 2619 4757 2947 4827; x_wconf 82' lang='lat' dir='ltr'><strong>naturalis</strong></span> <span class='ocrx_word' id='word_1_552' title='bbox 3014 4758 3259 4848; x_wconf 68' lang='lat' dir='ltr'><strong>quaerit</strong></span> <span class='ocrx_word' id='word_1_553' title='bbox 3361 4779 3774 4848; x_wconf 82' lang='lat' dir='ltr'><strong>cognoscere</strong></span> 
     </span>
     <span class='ocr_line' id='line_1_93' title="bbox 2229 4865 3774 4958; baseline -0.003 -22"><span class='ocrx_word' id='word_1_554' title='bbox 2229 4889 2470 4936; x_wconf 78' lang='lat' dir='ltr'><strong>omnes</strong></span> <span class='ocrx_word' id='word_1_555' title='bbox 2535 4889 2640 4935; x_wconf 86' lang='lat' dir='ltr'><strong>res</strong></span> <span class='ocrx_word' id='word_1_556' title='bbox 2715 4865 3054 4933; x_wconf 85' lang='lat' dir='ltr'><strong>naturales</strong></span> <span class='ocrx_word' id='word_1_557' title='bbox 3083 4889 3204 4956; x_wconf 85' lang='lat' dir='ltr'><strong>per</strong></span> <span class='ocrx_word' id='word_1_558' title='bbox 3258 4889 3380 4932; x_wconf 85' lang='lat' dir='ltr'><strong>sua</strong></span> <span class='ocrx_word' id='word_1_559' title='bbox 3442 4867 3774 4958; x_wconf 85' lang='lat' dir='ltr'><strong>principia</strong></span> 
     </span>
     <span class='ocr_line' id='line_1_94' title="bbox 2228 4976 3780 5065; baseline -0.001 -21"><span class='ocrx_word' id='word_1_560' title='bbox 2228 4976 2583 5045; x_wconf 75' lang='lat' dir='ltr'><strong>formalia:</strong></span> <span class='ocrx_word' id='word_1_561' title='bbox 2629 4985 2691 5044; x_wconf 88' lang='lat' dir='ltr'><strong>et</strong></span> <span class='ocrx_word' id='word_1_562' title='bbox 2724 4977 2870 5065; x_wconf 83' lang='lat' dir='ltr'><strong>ejus</strong></span> <span class='ocrx_word' id='word_1_563' title='bbox 2900 4976 3195 5044; x_wconf 79' lang='lat' dir='ltr'><strong>scicntia·</strong></span> <span class='ocrx_word' id='word_1_564' title='bbox 3229 4985 3323 5042; x_wconf 84' lang='lat' dir='ltr'><strong>est</strong></span> <span class='ocrx_word' id='word_1_565' title='bbox 3384 4976 3780 5042; x_wconf 85' lang='lat' dir='ltr'><strong>considera-</strong></span> 
     </span>
     <span class='ocr_line' id='line_1_95' title="bbox 2230 5083 3772 5174; baseline -0.002 -21"><span class='ocrx_word' id='word_1_566' title='bbox 2230 5110 2299 5154; x_wconf 90' lang='lat' dir='ltr'><strong>re</strong></span> <span class='ocrx_word' id='word_1_567' title='bbox 2331 5086 2412 5152; x_wconf 89' lang='lat' dir='ltr'><strong>de</strong></span> <span class='ocrx_word' id='word_1_568' title='bbox 2455 5085 2797 5153; x_wconf 87' lang='lat' dir='ltr'><strong>intellectu</strong></span> <span class='ocrx_word' id='word_1_569' title='bbox 2839 5091 2905 5152; x_wconf 88' lang='lat' dir='ltr'><strong>et</strong></span> <span class='ocrx_word' id='word_1_570' title='bbox 2952 5084 3291 5151; x_wconf 82' lang='lat' dir='ltr'><strong>intellecto</strong></span> <span class='ocrx_word' id='word_1_571' title='bbox 3325 5106 3443 5174; x_wconf 86' lang='lat' dir='ltr'><strong>per</strong></span> <span class='ocrx_word' id='word_1_572' title='bbox 3476 5083 3772 5174; x_wconf 87' lang='lat' dir='ltr'><strong>aliquem</strong></span> 
     </span>
     <span class='ocr_line' id='line_1_96' title="bbox 2228 5190 3768 5281; baseline -0.001 -20"><span class='ocrx_word' id='word_1_573' title='bbox 2228 5192 2541 5275; x_wconf 87' lang='lat' dir='ltr'><strong>modum,</strong></span> <span class='ocrx_word' id='word_1_574' title='bbox 2575 5192 2723 5261; x_wconf 86' lang='lat' dir='ltr'><strong>licet</strong></span> <span class='ocrx_word' id='word_1_575' title='bbox 2756 5192 2867 5259; x_wconf 90' lang='lat' dir='ltr'><strong>illa</strong></span> <span class='ocrx_word' id='word_1_576' title='bbox 2899 5192 2980 5259; x_wconf 87' lang='lat' dir='ltr'><strong>sit</strong></span> <span class='ocrx_word' id='word_1_577' title='bbox 3013 5196 3321 5281; x_wconf 88' lang='lat' dir='ltr'><strong>separata</strong></span> <span class='ocrx_word' id='word_1_578' title='bbox 3350 5198 3415 5258; x_wconf 91' lang='lat' dir='ltr'><strong>et</strong></span> <span class='ocrx_word' id='word_1_579' title='bbox 3456 5190 3768 5260; x_wconf 80' lang='lat' dir='ltr'><strong>divisiva.</strong></span> 
     </span>
     <span class='ocr_line' id='line_1_97' title="bbox 2231 5298 3769 5387; baseline -0.001 -20"><span class='ocrx_word' id='word_1_580' title='bbox 2231 5300 2530 5369; x_wconf 88' lang='lat' dir='ltr'><strong>Scientia</strong></span> <span class='ocrx_word' id='word_1_581' title='bbox 2570 5301 2752 5367; x_wconf 88' lang='lat' dir='ltr'><strong>enim</strong></span> <span class='ocrx_word' id='word_1_582' title='bbox 2800 5320 2937 5366; x_wconf 86' lang='lat' dir='ltr'><strong>una</strong></span> <span class='ocrx_word' id='word_1_583' title='bbox 2974 5306 3100 5376; x_wconf 82' lang='lat' dir='ltr'><strong>est,</strong></span> <span class='ocrx_word' id='word_1_584' title='bbox 3136 5305 3201 5365; x_wconf 90' lang='lat' dir='ltr'><strong>et</strong></span> <span class='ocrx_word' id='word_1_585' title='bbox 3239 5298 3473 5387; x_wconf 90' lang='lat' dir='ltr'><strong>opinio</strong></span> <span class='ocrx_word' id='word_1_586' title='bbox 3505 5322 3640 5365; x_wconf 82' lang='lat' dir='ltr'><strong>una</strong></span> <span class='ocrx_word' id='word_1_587' title='bbox 3688 5298 3769 5365; x_wconf 84' lang='lat' dir='ltr'><strong>de</strong></span> 
     </span>
     <span class='ocr_line' id='line_1_98' title="bbox 2228 5404 3780 5484; baseline -0.002 -9"><span class='ocrx_word' id='word_1_588' title='bbox 2228 5406 2551 5475; x_wconf 83' lang='lat' dir='ltr'><strong>omnibus</strong></span> <span class='ocrx_word' id='word_1_589' title='bbox 2589 5406 2789 5476; x_wconf 83' lang='lat' dir='ltr'><strong>rebus</strong></span> <span class='ocrx_word' id='word_1_590' title='bbox 2817 5404 3151 5475; x_wconf 83' lang='lat' dir='ltr'><strong>collativis</strong></span> <span class='ocrx_word' id='word_1_591' title='bbox 3189 5404 3273 5472; x_wconf 88' lang='lat' dir='ltr'><strong>ad</strong></span> <span class='ocrx_word' id='word_1_592' title='bbox 3306 5405 3622 5484; x_wconf 80' lang='lat' dir='ltr'><strong>invicem,</strong></span> <span class='ocrx_word' id='word_1_593' title='bbox 3654 5409 3780 5473; x_wconf 82' lang='lat' dir='ltr'><strong>sic-</strong></span> 
     </span>
     <span class='ocr_line' id='line_1_99' title="bbox 2228 5512 3779 5584; baseline -0.001 -1"><span class='ocrx_word' id='word_1_594' title='bbox 2228 5524 2306 5584; x_wconf 87' lang='lat' dir='ltr'><strong>ut</strong></span> <span class='ocrx_word' id='word_1_595' title='bbox 2334 5516 2566 5583; x_wconf 87' lang='lat' dir='ltr'><strong>anima</strong></span> <span class='ocrx_word' id='word_1_596' title='bbox 2595 5513 3070 5583; x_wconf 85' lang='lat' dir='ltr'><strong>intellectualis</strong></span> <span class='ocrx_word' id='word_1_597' title='bbox 3107 5512 3457 5582; x_wconf 75' lang='lat' dir='ltr'><strong>confertur</strong></span> <span class='ocrx_word' id='word_1_598' title='bbox 3488 5523 3558 5581; x_wconf 90' lang='lat' dir='ltr'><strong>ut</strong></span> <span class='ocrx_word' id='word_1_599' title='bbox 3591 5523 3779 5583; x_wconf 88' lang='lat' dir='ltr'><strong>actus</strong></span> 
     </span>
     <span class='ocr_line' id='line_1_100' title="bbox 2229 5619 3781 5714; baseline -0.001 -24"><span class='ocrx_word' id='word_1_600' title='bbox 2229 5621 2315 5690; x_wconf 91' lang='lat' dir='ltr'><strong>ad</strong></span> <span class='ocrx_word' id='word_1_601' title='bbox 2344 5644 2592 5714; x_wconf 89' lang='lat' dir='ltr'><strong>corpus</strong></span> <span class='ocrx_word' id='word_1_602' title='bbox 2628 5621 3016 5714; x_wconf 72' lang='lat' dir='ltr'><strong>physicum,</strong></span> <span class='ocrx_word' id='word_1_603' title='bbox 3047 5622 3174 5688; x_wconf 82' lang='lat' dir='ltr'><strong>erit</strong></span> <span class='ocrx_word' id='word_1_604' title='bbox 3202 5621 3430 5712; x_wconf 88' lang='lat' dir='ltr'><strong>quoad</strong></span> <span class='ocrx_word' id='word_1_605' title='bbox 3485 5619 3616 5690; x_wconf 89' lang='lat' dir='ltr'><strong>hoc</strong></span> <span class='ocrx_word' id='word_1_606' title='bbox 3645 5645 3781 5689; x_wconf 89' lang='lat' dir='ltr'><strong>una</strong></span> 
     </span>
     <span class='ocr_line' id='line_1_101' title="bbox 2231 5726 3784 5819; baseline -0.001 -20"><span class='ocrx_word' id='word_1_607' title='bbox 2231 5730 2542 5815; x_wconf 79' lang='lat' dir='ltr'><strong>scientia,</strong></span> <span class='ocrx_word' id='word_1_608' title='bbox 2580 5727 2687 5797; x_wconf 81' lang='lat' dir='ltr'><strong>vel</strong></span> <span class='ocrx_word' id='word_1_609' title='bbox 2720 5727 2951 5818; x_wconf 86' lang='lat' dir='ltr'><strong>opinio</strong></span> <span class='ocrx_word' id='word_1_610' title='bbox 2990 5726 3045 5794; x_wconf 81' lang='lat' dir='ltr'><strong>si</strong></span> <span class='ocrx_word' id='word_1_611' title='bbox 3076 5750 3160 5796; x_wconf 85' lang='lat' dir='ltr'><strong>ex</strong></span> <span class='ocrx_word' id='word_1_612' title='bbox 3197 5728 3663 5819; x_wconf 89' lang='lat' dir='ltr'><strong>probabilibus</strong></span> <span class='ocrx_word' id='word_1_613' title='bbox 3683 5736 3784 5797; x_wconf 88' lang='lat' dir='ltr'><strong>est</strong></span> 
     </span>
    </p>
   </div>
  </div>
 </body>
</html>
