4919 6371
2036 416 2201 485 121ss.
2256 415 2348 481 lll
2401 416 2516 483 DE
2563 414 3153 493 ANIMALIBUS,
3206 415 3516 484 TRACT.
3571 417 3633 483 ΙΙ

4312 419 4435 484 231

1222 597 1350 663 hoc·
1404 615 1542 660 non
1585 589 1831 658 accidit
1878 590 2003 655 nisi
2040 612 2215 670 raro,
2261 600 2326 657 et
2356 590 2615 680 origin«¹
2657 588 2781 652 ‹le—
2885 588 2951 652 in
2983 595 3349 653 sem-otum.
3388 611 3467 654 co
3501 588 3681 678 quod
3716 589 3902 655 calor
3931 610 4172 654 senum
4203 588 4440 655 humi-

1219 704 1335 768 bili
1371 701 1687 766 oriuntur
1717 699 1771 764 si
1805 699 2154 788 contingat
2185 721 2302 764 eos
2334 698 2520 762 oriri.
2557 694 2632 759 In
2666 715 2780 759 ra-
2880 692 3042 760 dnm
3071 696 3295 784 potius
3334 697 3650 786 propellit
3688 720 3896 787 quam
3929 698 4295 764 consumit.

1219 808 1484 877 dicibus
1525 809 1709 875 enim
1740 808 2303 898 principianlibus
2334 827 2571 872 omncs
2603 802 2777 892 pilos

1218 925 1314 984 est
1348 914 1725 983 humiditas
1763 918 2055 998 viscosa,
2109 935 2258 1003 quae
2299 913 2436 977 exit
2474 931 2629 977 cum
2679 910 2775 976 eis

1217 1023 1496 1114 quando
1550 1023 1772 1091 [luunt
1825 1032 1884 1090 et
1951 1025 2454 1111 regenerantur,
2516 1017 2642 1083 nisi
2707 1018 2773 1082 in

1205 1133 1594 1221 juventutis
1627 1130 2054 1198 humiditate.

1305 1241 1623 1331 Amplius
1672 1246 1905 1305 autem
1959 1256 2161 1301 omne
2209 1233 2461 1300 animal
2527 1242 2772 1324 prseter

1212 1347 1572 1416 hominem
1657 1345 1905 1411 diversi
1990 1341 2235 1410 coloris
2292 1342 2362 1408 in
2427 1341 2604 1431 pilis,
2670 1347 2771 1405 est

1212 1457 1417 1522 ctiam
1468 1452 1717 1520 diversi
1774 1450 2020 1518 coloris
2078 1451 2144 1516 in
2196 1450 2432 1516 corio:
2479 1455 2542 1514 et
2582 1445 2770 1513 color

1210 1562 1407 1652 pellis
1469 1559 1676 1650 longe
1728 1565 1829 1626 est
1872 1558 2190 1628 „diversus
2254 1556 2642 1645 frequenter
2697 1553 2764 1619 in

1209 1669 1361 1736 aliis
1401 1665 1823 1734 animalibus
1853 1666 1938 1732 ab
1969 1663 2271 1730 homine.
2631 1666 2640 1676 '

1292 1772 1542 1841 Adhuc
1573 1781 1803 1841 autem
1834 1768 2199 1861 aliquando
2230 1769 2564 1858 contingit
2593 1765 2764 1833 mul·

1208 1890 1313 1950 tos
1369 1883 1681 1949 virorum
1733 1901 1879 1947 esse
1922 1877 2294 1944 multorum
2338 1875 2633 1965 pilorum
2693 1873 2761 1941 in

1205 1990 1420 2057 barba
1451 1988 1759 2066 inferius,
1795 1995 1862 2055 et
1898 1995 2127 2053 tamen
2177 1983 2585 2051 denudatam
2635 1980 2761 2048 ha·-

1205 2096 1368 2164 bent
1411 2095 1765 2163 maxillam
1805 2116 1955 2185 quae
1991 2101 2092 2159 est
2128 2095 2304 2160 inter
2333 2102 2601 2182 tempus
2639 2112 2761 2158 eo-

1205 2227 1355 2271 rum
1400 2211 1465 2270 et
1516 2209 1852 2280 mentum,
1905 2210 1972 2268 et
2023 2209 2292 2290 tompus
2347 2221 2584 2266 eorum
2641 2198 2762 2264 itc-

1205 2334 1352 2378 rum
1387 2309 1592 2378 habet
1633 2309 1886 2377 multos
1918 2307 2091 2399 pilos
2126 2330 2140 2373 ε
2176 2308 2327 2374 etin
2351 2305 2755 2395 quibusdam

1201 2429 1300 2486 est
1332 2441 1367 2486 e
1417 2440 1779 2494 conversm
1824 2415 2079 2483 multos
2129 2414 2309 2481 enim
2350 2413 2601 2480 habent
2649 2436 2760 2480 su-

1200 2530 1433 2618 perius
1470 2533 1537 2592 et
1577 2525 1861 2593 inferius
1891 2525 1959 2591 in
1991 2523 2197 2589 barba
2228 2545 2505 2612 paucos.
2540 2521 2757 2588 Causa

1200 2645 1428 2701 autem
1486 2633 1690 2724 primi
1759 2630 2123 2700 accidentis
2184 2639 2308 2709 est,
2362 2632 2517 2719 quia
2574 2629 2758 2696 calor

1202 2745 1559 2810 reflectens
1624 2738 1985 2807 humidum
2047 2746 2150 2805 cst
2205 2740 2417 2805 sortis.
2481 2746 2543 2804 et
2615 2739 2754 2827 ipsa

1202 2850 1576 2917 humiditas
1633 2857 1734 2917 cst
1803 2848 2055 2937 graviS,
2128 2856 2187 2912 nt
2270 2846 2419 2914 ideo
2490 2846 2756 2912 festinat

1201 2953 1615 3021 descendere
1647 2977 1803 3022 cum
1833 2954 2080 3030 calore,
2116 2965 2176 3022 et
2210 2956 2540 3044 praecipuc
2568 2955 2646 3021 ad
2691 2955 2754 3020 id

1200 3061 1384 3151 quod
1418 3085 1500 3129 ex
1534 3071 1726 3151 parte
1764 3065 2060 3154 gutturis
2099 3070 2195 3128 est
2228 3063 2353 3127 sub
2397 3061 2754 3128 mandibu-

1201 3171 1286 3237 la.
1326 3169 1402 3238 ln
1445 3179 1756 3262 tempore
1787 3180 2014 3239 autem
2047 3180 2267 3238 manet
2303 3171 2628 3262 pilositas,
2671 3193 2753 3239 eo

1199 3278 1385 3369 quod
1434 3287 1536 3346 est
1575 3279 1795 3347 multa
1834 3290 1900 3347 rt
1960 3288 2097 3348 tota
2156 3277 2559 3346 descendere
2616 3302 2754 3347 non

1198 3387 1474 3476 poterit.
1520 3386 1816 3466 Quando
1857 3396 2085 3455 autem
2117 3395 2212 3455 est
2254 3387 2521 3456 subtilis
2550 3396 2615 3455 et
2646 3411 2756 3456 ro-

1199 3497 1403 3563 llo-xio
1444 3520 1480 3563 a
1513 3496 1741 3564 calore
1780 3496 1953 3566 facta
1991 3506 2088 3564 est
2130 3496 2471 3564 debilitata
2503 3520 2586 3564 ex
2626 3497 2756 3564 ali-

1196 3626 1327 3694 qua
1369 3626 1599 3683 rausa,
1627 3612 1794 3673 tunc
1829 3612 2146 3675 causatur
2172 3605 2481 3673 accidens
2507 3629 2755 3674 serun-

1195 3711 1388 3778 dum.
1458 3752 1468 3761 ·

1283 3818 1531 3888 Adhuc
1559 3830 1793 3890 autem
1825 3824 1937 3913 qui
1990 3821 2187 3890 habet
2240 3822 2520 3890 barbam
2566 3822 2754 3890 evul-

1193 3949 1368 4005 sam,
1421 3949 1561 3995 non
1610 3929 1735 3996 orit
1788 3929 2022 3997 calvus
2077 3931 2204 3998 nisi
2257 3954 2524 4021 parum,
2585 3953 2752 4022 quo-

1194 4036 1379 4101 niam
1412 4035 1595 4124 viget
1641 4038 1709 4103 in
1751 4059 1834 4103 eo
1875 4035 2225 4127 frigidum,
2277 4038 2458 4128 quod
2502 4037 2750 4128 inspis-

1191 4148 1289 4207 sat
1342 4148 1408 4207 ct
1463 4141 1721 4209 inducit
1773 4139 2131 4209 humidum
2182 4143 2494 4211 medullae
2525 4144 2751 4211 visco-

1189 4267 1371 4325 sum,
1406 4245 1593 4336 quod
1619 4246 1888 4314 fortiter
1904 4247 2198 4315 adina-rrt
2232 4250 2551 4316 anteriori
2575 4250 2744 4339 parti

1189 4353 1455 4443 rapitis,
1503 4354 1571 4421 in
1612 4377 1751 4445 qua
1779 4364 1879 4423 ost
1909 4357 2256 4445 generatio
2290 4358 2523 4447 ipsius.
2560 4368 2616 4422 vt
2656 4358 2742 4423 ibi

1190 4461 1253 4526 in
1288 4459 1468 4550 pilos
1506 4464 1928 4530 convertitur
1966 4473 2028 4531 ot
2066 4487 2202 4531 non
2252 4464 2620 4531 descendit.
2666 4468 2745 4533 151

1189 4566 1329 4634 lucr
1388 4575 1488 4635 est
1546 4590 1778 4647 causa,
1853 4570 2035 4661 quod
2121 4570 2439 4638 mulien-s·
2524 4595 2743 4662 noque

1186 4674 1469 4743 barbam
1535 4673 1791 4744 habent
1847 4699 2068 4768 neque
2130 4676 2544 4754 calvi-scunt,
2615 4680 2741 4748 nisi

1186 4807 1457 4873 parum.

1273 4995 1593 5086 Amplius
1624 5005 1853 5064 auu-m
1893 4997 2300 5088 quandoque
2340 4997 2576 5065 accidit
2625 5020 2744 5065 ca-

1182 5103 1386 5194 pillus
1427 5102 1868 5194 multiplicari
1901 5112 1963 5171 ct
2012 5126 2308 5172 crescere
2357 5106 2424 5171 in
2466 5108 2741 5191 wgritu-

1180 5210 1455 5280 dinibus
1506 5235 1679 5303 quas
1730 5211 1987 5279 Arabes
2044 5211 2410 5279 asseclmub
2467 5222 2734 5292 vocant,

1180 5319 1310 5386 hoc
1377 5328 1506 5397 ost,
1578 5318 1834 5409 pilosas
1898 5342 1913 5385 :
1986 5327 2049 5386 ot
2090 5329 2241 5387 sunt
2303 5321 2738 5409 wgritudinns

1179 5453 1328 5519 quae
1373 5429 1735 5497 humidum
1788 5429 2126 5494 viscosum
2171 5454 2205 5494 a
2266 5437 2409 5495 toto
2453 5452 2735 5520 corpure

1176 5536 1257 5603 aul
1308 5560 1518 5627 poros
1566 5536 1945 5629 expellunt.
2009 5536 2189 5627 quod
2251 5537 2497 5604 ibidem
2550 5537 2736 5605 ralor

1175 5645 1546 5723 consumit,
1586 5644 1708 5712 sed
1752 5667 1876 5736 per
1920 5666 2242 5733 vaporem
2292 5645 2621 5711 convertit
2661 5645 2730 5713 in

1176 5752 1350 5841 pilos
1396 5775 1412 5820 :
1447 5758 1514 5820 et
1542 5752 1790 5820 accidit
1821 5751 1950 5820 hoc
1988 5749 2299 5819 accidens
2345 5751 2695 5842 frequente

2967 801 3281 891 Amplius
3339 812 3568 869 autem
3616 804 3840 892 capilli
3899 813 3964 870 ct
4026 827 4292 895 ungues
4350 826 4434 870 ex

2877 909 3241 1000 frigiditate
3305 908 3707 998 congelante
3776 909 4137 976 humidum
4214 913 4432 1001 magis

2876 1017 3277 1083 indurantur
3325 1024 3477 1104 post
3526 1025 3844 1095 mortem,
3898 1040 4107 1108 quam
4165 1019 4431 1085 fuerant

2875 1132 3054 1190 ante.

2962 1231 3275 1321 Amplius
3322 1231 3440 1320 pili
3489 1233 3605 1322 qui
3656 1235 3861 1300 etiam
3920 1243 4429 1301 connascuntur

2873 1362 2953 1405 ex
2994 1339 3455 1430 generatione,
3490 1339 3711 1429 magis
3742 1340 3964 1407 ssuuut
4004 1341 4075 1407 in
4104 1340 4429 1431 frequen-

2870 1455 2973 1513 ter
3001 1446 3401 1514 coeuntibus
3434 1469 3449 1512 :
3485 1448 3678 1534 cujus
3705 1469 3909 1513 causa
3928 1449 4074 1536 jam
4105 1449 4314 1516 scitur
4342 1471 4426 1515 ex

2868 1555 3255 1644 praemissiS.
3319 1554 3393 1620 ln
3452 1553 3864 1644 quibusdam
3923 1564 4156 1623 autem
4198 1557 4431 1623 oriun-

2869 1668 2979 1727 tur
3005 1662 3120 1752 pili
3152 1670 3307 1752 post
3335 1664 3617 1742 coitum,
3662 1669 3728 1728 et
3768 1663 4108 1752 praecipue
4140 1664 4209 1730 in
4259 1664 4426 1732 locis

2867 1795 3282 1862 organorum
3320 1772 3562 1848 coitus,
3607 1794 3689 1839 co
3731 1772 3915 1860 quod
3945 1772 4031 1840 ad
4069 1773 4187 1840 illa
4225 1772 4426 1842 decli·

2865 1888 2982 1946 nat
3044 1879 3428 1946 humidum.
3492 1878 3564 1946 Si
3625 1888 3856 1947 autem
3920 1879 4082 1948 alibi
4142 1890 4420 1971 propter

2863 1988 3119 2054 coitum
3160 1988 3472 2053 oriuntur
3511 1986 3653 2077 pili,
3707 1988 3961 2054 mirum
3998 1989 4292 2067 videtur,
4349 1997 4417 2056 et

2863 2116 3067 2162 causa
3094 2117 3214 2184 pro
3246 2102 3431 2161 certo
3456 2096 3608 2176 crit,
3654 2094 3840 2184 quod
3867 2095 3939 2161 in
3976 2094 4094 2162 tali
4138 2094 4416 2163 homine

2864 2212 3015 2272 ant«-
3064 2205 3316 2269 coitnm
3357 2204 3543 2269 calor
3585 2202 3713 2269 suit
3760 2206 4049 2293 sopitus,
4102 2212 4169 2271 et
4219 2206 4285 2270 in
4321 2204 4420 2271 vi·

2862 2333 3058 2379 scoso
3087 2311 3399 2377 detentus
3431 2309 3740 2387 humido,
3777 2311 3891 2400 qui
3925 2333 4047 2401 per
4074 2313 4329 2380 coitum
4352 2323 4417 2379 et

2864 2429 3126 2487 motum
3178 2421 3395 2487 coitus
3442 2420 3777 2486 excitatur
3812 2428 3879 2486 et
3930 2419 4282 2497 liberatur,
4355 2430 4422 2487 et

2864 2536 3025 2595 tunc
3048 2527 3355 2594 dissolvit
3387 2528 3454 2593 in
3488 2526 3662 2617 pilos
3701 2526 4090 2594 humidum.
4127 2526 4420 2607 Quidam

2863 2643 3088 2701 autem
3130 2644 3502 2723 temperate
3559 2635 3954 2702 coeuntium
3996 2635 4232 2701 minus
4278 2635 4423 2702 cal-

2863 2751 3169 2819 vescunt,
3206 2768 3285 2805 vu
3318 2742 3498 2831 qnod
3534 2766 3667 2808 non
3700 2750 3921 2810 totum
3964 2767 4001 2809 a
4035 2746 4258 2833 capite
4290 2745 4422 2810 vir-

2864 2860 3002 2916 tute
3092 2849 3561 2916 testiculorum
3647 2849 3941 2917 trahitur
4025 2850 4410 2918 humidum.

2863 2959 3155 3038 Quidam
3206 2966 3432 3025 tamen
3482 2956 3845 3026 hominum
3895 2957 4067 3026 fiunt
4106 2960 4304 3038 calvi,
4349 2971 4415 3027 ct

2861 3089 3015 3133 cum
3056 3065 3444 3157 frequenter
3471 3075 3744 3144 coeunt,
3790 3073 4240 3135 renascuntur
4292 3067 4408 3156 pili

2865 3176 2930 3241 in
2961 3174 3292 3265 capitibus
3330 3195 3567 3240 eorum
3614 3193 3629 3238 :
3684 3182 3746 3240 et
3790 3171 3994 3264 hujus
4031 3195 4237 3241 causa
4266 3175 4410 3262 jam

2861 3283 3035 3349 dicta
3075 3292 3175 3350 est
3219 3302 3235 3347 t
3280 3291 3342 3348 nt
3393 3280 3524 3348 hor.
3567 3279 3766 3348 valdo
3807 3303 3961 3348 raro
4021 3281 4287 3355 accidit,
4351 3291 4416 3350 et

2865 3393 2928 3458 in
2971 3394 3202 3483 paucis
3230 3388 3649 3459 hominihus.
3688 3388 3932 3456 Nullus
3981 3399 4209 3457 autem
4261 3413 4419 3457 om-

2864 3498 3025 3565 nino
3066 3496 3359 3587 pilorum
3391 3496 3704 3563 recrescit
3733 3516 3773 3561 a
3811 3504 4000 3585 parte
4032 3495 4148 3585 pili
4190 3517 4230 3562 a
4279 3517 4415 3587 qua

2859 3603 3036 3671 radit
3084 3611 3197 3669 aut
3247 3601 3632 3692 praeciditur
3691 3610 3969 3692 propter
4015 3601 4414 3670 substantiae

2859 3709 3155 3802 pilorum
3231 3711 3631 3787 siccitatem,
3717 3708 3839 3777 sed
3915 3711 4412 3778 incrementum

2858 3822 3005 3907 ejus
3052 3828 3152 3887 est
3198 3841 3238 3886 a
3276 3818 3499 3886 radice
3538 3827 3605 3886 et
3651 3818 4043 3886 extenditur
4086 3819 4409 3886 continue

2858 3950 3213 4019 usquequo
3260 3927 3757 4017 magnificatur.
3820 3926 4124 3994 Cortices
4177 3935 4407 3993 autem

2856 4039 3204 4127 squamosi
3232 4037 3519 4125 piscium
3543 4035 3901 4123 juniorum
3952 4042 4109 4125 post
4151 4043 4404 4102 statum

2856 4146 3070 4210 aetatis
3143 4141 3418 4233 quando
3471 4141 3810 4209 declinare
3870 4142 4229 4232 incipiunt,
4308 4143 4408 4208 in·

2856 4259 3253 4341 grossantur
3281 4259 3345 4317 et
3368 4249 3737 4317 durescunt
3767 4257 4043 4340 propter
4070 4248 4405 4317 defectum

2858 4359 3094 4421 valoris
3161 4368 3220 4422 rt
3282 4356 3544 4424 humidi
3603 4354 3872 4423 subtilis
3939 4365 4005 4423 ot
4061 4358 4404 4424 unctuosi.

2855 4464 3332 4554 Quadi-inpediit
3363 4473 3591 4530 autem
3624 4470 3777 4552 post
3804 4469 4058 4529 statum
4106 4465 4172 4530 in
4212 4470 4409 4529 aetate

2855 4570 3350 4660 proficientium
3417 4567 3798 4656 producunt
3880 4564 4411 4634 abundantiores

2855 4675 3028 4766 pilos
3075 4683 3140 4743 et
3178 4673 3395 4752 lanas,
3437 4675 3493 4741 si
3532 4672 3838 4764 lanigera
3884 4674 4048 4752 sint,
4098 4696 4183 4742 eo
4222 4675 4405 4766 quod

2853 4794 3010 4851 tunc
3066 4782 3287 4873 magis
3333 4781 3681 4850 abundare
3747 4783 3979 4874 incipit
4036 4781 4395 4851 humidum

2852 4893 3218 4967 viscosum,
3252 4891 3449 4977 cujus
3477 4891 3641 4957 stimi
3664 4890 4045 4957 substantia
4065 4912 4139 4956 sc
4160 4898 4400 4956 tenens

2854 5023 2988 5067 nnn
3055 4999 3420 5074 evanescit,
3483 5020 3634 5089 qua·
3691 4997 3970 5064 evanuit
4037 4997 4108 5063 in
4176 4996 4398 5064 calore

2849 5106 3065 5173 oetatis
3096 5105 3405 5180 minoris,
3441 5127 3521 5172 eo
3572 5102 3753 5195 quod
3798 5101 4119 5170 subtilius
4169 5101 4407 5170 humi-

2850 5214 3011 5281 dum
3042 5212 3189 5300 ejus
3220 5210 3343 5279 suit
3374 5212 3682 5280 mate-ria.

2940 5319 3013 5386 ln
3047 5319 3275 5409 paucis
3307 5326 3533 5386 autom
3564 5316 3981 5385 animalibus
4010 5318 4410 5408 quadrupe·-

2848 5428 3045 5494 dilms
3107 5429 3409 5496 variatur
3471 5426 3650 5517 pilus
3706 5424 4082 5493 secundum
4129 5449 4408 5516 procus-

2846 5559 2993 5602 sum
3026 5540 3242 5603 :etatis
3281 5538 3349 5603 in
3388 5534 3640 5612 rolorr,
3686 5532 3811 5601 uisi
3867 5535 3934 5601 in
3984 5533 4282 5625 speriolo
4340 5539 4407 5599 et

2849 5669 3032 5713 mar(-
3065 5645 3368 5713 musti-lte
3406 5666 3560 5734 qua·
3592 5642 3854 5732 missale
3891 5650 4177 5709 vocatur
4209 5665 4225 5710 ε
4258 5664 4408 5732 spe·

2846 5751 3056 5819 riolus
3083 5752 3264 5818 enim
3323 5751 3545 5843 primo
3602 5758 3702 5818 est
3771 5751 3840 5818 in
3893 5749 4103 5817 dorso
4178 5746 4396 5839 niger,
