4919 6371
1984 426 2153 493 LlB.
2202 425 2299 491 VI
2347 424 2467 491 DE
2515 425 3105 510 ANlMALlBUS,
3152 425 3461 493 TRACT.
3516 424 3576 491 11
4215 421 4344 489 353

1125 598 1193 662 in
1235 599 1539 675 matrice,
1578 598 1753 662 sieut
1779 597 1985 662 ctiam
2016 595 2166 661 aliis
2197 594 2440 662 accidit
2479 597 2688 686 pisei-
2795 597 2945 665 loco
2996 619 3287 664 ovorum
3347 594 3598 661 habent
3644 595 3927 660 multam
3980 590 4349 683 pinguedi-

1123 703 1250 770 hus
1283 727 1297 770 t
1340 704 1457 770 sed
1498 724 1654 770 cum
1686 709 2041 792 ponuntur
2078 725 2281 792 super
2310 704 2567 795 ignem,
2601 705 2689 771 li-
2796 727 2977 780 nem,
3024 711 3088 770 et
3118 725 3256 769 non
3286 700 3540 767 habent.
3585 724 3713 767 ova
3762 701 4012 790 aliqua.
4050 698 4346 779 Quidam

1125 819 1458 901 quesount
1487 810 1711 900 primo
1753 810 2078 887 extoriuS,
2114 810 2231 877 ubi
2262 811 2562 880 adhaeret
2592 815 2686 880 eis
2797 818 3020 875 autem
3080 807 3334 876 habent
3391 831 3425 873 e
3475 830 3800 874 converso
3860 829 4013 883 ova,
4076 815 4143 874 et
4209 830 4349 874 non

1121 916 1469 1006 pinguedo
1533 938 1548 982 :
1613 925 1681 984 et
1737 918 2014 1007 quando
2075 919 2438 986 invaluerit
2477 918 2682 997 calor,
2795 918 3308 1009 pinguedinem,
3343 941 3423 985 eo
3456 917 3639 1007 quod
3678 939 3815 983 non
3847 916 4347 984 nutrimentum

1123 1045 1329 1112 super
1358 1045 1436 1089 ea
1464 1023 1825 1092 induratur
1850 1025 2072 1116 pellis,
2108 1034 2174 1094 et
2206 1027 2277 1092 in
2308 1026 2456 1116 ipsa
2483 1048 2688 1114 vapo-
2797 1048 3033 1093 eorum
3067 1026 3309 1094 transit
3341 1028 3408 1092 in
3440 1048 3591 1092 ova.
4142 1041 4145 1042 ’

1124 1136 1227 1195 rat
1256 1127 1618 1198 humidum
1651 1133 2101 1213 seminale,et
2120 1155 2429 1225 quaerens
2459 1131 2685 1199 locum
2884 1133 3043 1201 Haec
3100 1133 3306 1224 igitur
3361 1133 3537 1201 dicta
3594 1135 3729 1199 sint
3783 1132 3862 1198 «le
3908 1130 4345 1220 generatione

1125 1236 1528 1326 ampliorem
1587 1241 1833 1309 dissilit
1904 1264 2114 1310 ovum
2173 1264 2327 1308 eum
2403 1240 2685 1329 strepitu
2796 1240 3178 1309 volatilium
3235 1248 3300 1307 et
3339 1240 3743 1316 natatilium,
3789 1247 3854 1306 ot
3906 1259 4142 1304 eorum
4194 1258 4346 1325 quae

1123 1366 1377 1435 magno
1425 1369 1439 1414 :
1477 1356 1543 1415 et
1576 1348 1707 1416 hoc
1747 1352 2088 1440 praecipue
2119 1348 2375 1415 faciunt
2413 1371 2546 1415 ova
2583 1347 2688 1415 al-
2794 1348 3147 1416 ambulant
3183 1355 3248 1414 et
3278 1356 3513 1414 natant
3550 1346 3775 1422 simul,
3814 1354 3879 1413 et
3910 1347 3990 1412 ‹le
4021 1345 4202 1411 coitu
4235 1366 4344 1410 co-

1124 1449 1308 1518 leeis.
1358 1450 1535 1519 Sunt
1575 1461 1804 1521 autern
1856 1454 2137 1544 quidam
2181 1455 2399 1543 pisces
2458 1453 2683 1523 Graecc
2795 1479 2946 1523 rum
2995 1463 3061 1524 et
3129 1461 3320 1545 partu
3377 1461 3443 1521 et
3495 1453 3980 1544 pullilieationo
4046 1458 4341 1517 matrum

1049 1640 1073 1664 ,ῃ
1125 1560 1396 1647 onaqm',
1441 1559 1678 1628 Latine
1729 1570 1960 1629 autem
2000 1560 2206 1628 aselli
2259 1562 2508 1640 vocati,
2569 1566 2684 1653 qui
2794 1564 3049 1632 dictum
3080 1564 3167 1630 sit
3194 1563 3279 1630 ad
3307 1587 3626 1653 praesens.

1433 5895 1492 5937 x·
4017 5873 4086 5926 23
