4919 6371
530 385 650 451 124

528 567 883 628 moventur
910 553 1364 625 latitudinales
1406 546 1551 616 villi
1617 538 1953 611 stomachi
1984 539 2068 606 ad

525 666 748 735 cibum
778 663 1206 755 ejiciendum.

611 774 961 843 Secundus
1016 767 1274 838 modus·
1361 768 1488 844 est,
1570 758 1755 850 quod
1828 755 2071 823 dicitur

522 883 901 951 membrum
932 872 1436 947 communicare
1465 891 1622 936 cum
1652 866 1814 948 alio,
1847 884 2070 954 quan-

517 993 602 1063 do
654 989 928 1083 expellit
981 985 1067 1053 ad
1123 985 1347 1071 ipsum
1406 976 1929 1069 superfluitateS,
1984 993 2064 1039 eo

518 1099 699 1192 quod
727 1094 1039 1185 dirigitur
1068 1089 1152 1157 ad
1192 1089 1415 1179 ipsum
1474 1092 1544 1155 et
1600 1083 2062 1157 continuatur,

516 1205 689 1269 sicut
767 1196 1081 1263 dicuntur
1170 1188 1433 1259 ascellae
1560 1183 2067 1253 communicare

519 1305 727 1389 cordi,
761 1310 828 1373 et
854 1325 1010 1394 pars
1037 1325 1190 1394 quae
1235 1306 1394 1391 post
1422 1317 1662 1365 aurem
1706 1299 1838 1378 est,
1893 1291 2064 1359 dici-

518 1423 628 1483 tur
655 1411 1106 1481 communiter
1135 1406 1435 1477 cerebro,

605 1520 866 1589 Tertius
906 1516 1176 1597 moduS,
1211 1509 1486 1605 quando
1518 1531 1590 1577 se
1620 1507 1914 1576 invicem
1944 1506 2069 1596 ju-

513 1632 676 1695 vant
703 1632 770 1694 et
807 1621 1184 1713 impediunt
1222 1615 1535 1686 membra
1582 1611 1869 1682 diversis
1900 1631 2070 1701 ope-

517 1731 893 1802 rationibus
921 1729 1087 1804 suis,
1131 1727 1306 1795 sicut
1336 1722 1585 1792 dicitur
1637 1721 1825 1790 frons
1872 1741 2069 1788 com-

516 1842 860 1910 municare
899 1858 1055 1905 cum
1086 1833 1388 1912 cerebro,
1435 1831 1597 1922 quia
1656 1828 1832 1897 bene
1899 1850 2070 1918 ope-

521 1969 699 2026 rane,
734 1946 928 2035 juvat
966 1943 1215 2033 ipsum,
1261 1946 1329 2008 et
1365 1938 1436 2006 in
1466 1936 1617 2006 aliis
1674 1932 2068 2004 stomachus

521 2053 802 2123 destruit
856 2049 1262 2119 cerebrum:
1331 2055 1399 2114 et
1454 2045 1550 2114 ita
1597 2051 1699 2113 est
1755 2042 1961 2113 etiam
2031 2063 2067 2108 e

515 2181 869 2237 converso,
928 2154 1113 2249 quod
1186 2154 1544 2224 cerebrum
1619 2150 1878 2219 malum
1950 2169 2071 2240 per

518 2264 777 2333 fluxum
833 2258 1209 2329 rheumatis
1281 2255 1567 2350 impedit
1632 2263 1696 2324 et
1779 2251 2069 2322 destruit

520 2367 971 2441 stomachum.

992 3353 1285 3423 CAPUT
1330 3353 1590 3422 XXVl.

522 4106 628 4175 De
668 4103 1022 4174 anatomia
1058 4102 1520 4195 posteriorum
1579 4099 2068 4181 membrorum,

698 4219 764 4279 ee
785 4211 1185 4301 symmetria
1220 4218 1286 4278 et
1317 4208 1885 4301 physiognomia.

615 5078 814 5151 Nunc
838 5084 1069 5151 autem
1103 5074 1595 5168 consequentia
1649 5067 1935 5141 rationis
1962 5088 2078 5136 ex·

531 5187 772 5282 poscit,
815 5185 1004 5279 quod
1063 5186 1270 5256 etiam
1320 5181 1703 5277 posteriora
1764 5174 2079 5248 membra

529 5295 861 5366 exteriora
898 5301 968 5363 et
987 5290 1294 5362 lateralia
1338 5288 1895 5362 determinemus.

621 5400 949 5469 Dicamus
974 5398 1205 5491 igitur,
1237 5396 1424 5492 quod
1450 5404 1672 5466 totum
1695 5389 1862 5463 illud
1893 5389 2079 5483 quod

1512 374 1593 441 D.
1645 370 1847 438 ALB.
1901 364 2118 432 MAG.
2175 363 2383 433 ORD.
2435 364 2735 434 PRAED.

2182 534 2524 602 ethorum
2560 536 2832 627 quidem
2899 542 3303 629 compositio
3372 541 3579 607 scitur
3643 564 3727 608 ex

2180 646 2530 711 anatomia
2568 647 2824 712 ossium
2856 655 2922 713 et
2960 670 3326 714 nervorum
3354 657 3420 713 et
3451 672 3728 716 muscu-

2178 749 2404 816 lorum
2463 759 2531 819 et
2602 774 2932 820 venarum
2969 776 3120 843 quae
3175 762 3332 820 sunt
3398 756 3466 820 in
3536 757 3720 844 ipsis.

2179 857 2420 955 Latera
2450 869 2677 960 autem
2716 870 2876 929 sunt
2929 864 3323 931 communia
3397 864 3597 931 dorso
3663 872 3728 932 et

2178 970 2437 1059 pectori
2475 993 2491 1037 ε
2560 974 2886 1061 quoniam
2961 974 3471 1041 communicant
3555 974 3730 1041 inter

2181 1075 2461 1144 dorsum
2492 1085 2559 1145 et
2586 1088 2841 1169 pectus»,
2877 1088 2944 1147 et
3005 1087 3164 1147 sunt
3190 1089 3393 1149 costae
3461 1103 3725 1158 eorum,

2178 1191 2254 1250 ut
2285 1182 2447 1251 dicit
2474 1183 2897 1283 AristoteleS,
2949 1194 3101 1255 octo
3143 1207 3226 1254 ex
3275 1195 3563 1277 utroque
3628 1185 3733 1253 la-

2179 1300 2345 1372 tere,
2390 1300 2544 1361 octo
2583 1292 2899 1363 videlicet
2951 1293 3134 1374 hinc,
3178 1303 3245 1363 et
3291 1302 3443 1363 octo
3511 1294 3666 1363 inde
3710 1315 3725 1360 :

2180 1408 2247 1500 et
2275 1400 2528 1468 veritas
2565 1407 2690 1481 est,
2734 1401 2918 1494 quod
2944 1424 3081 1471 non
3101 1409 3263 1471 sunt
3292 1402 3420 1469 nisi
3443 1410 3727 1493 septem,

2178 1507 2357 1576 sicut
2392 1530 2518 1577 nos
2548 1510 2859 1600 superius
2906 1510 3255 1578 diximus:
3308 1508 3425 1579 sed
3477 1510 3735 1578 Aristo-

2128 1645 2134 1655 ’
2176 1615 2345 1686 teles
2373 1627 2824 1687 connumerat
2841 1623 3047 1689 costis
3087 1642 3242 1689 ossa
3260 1619 3549 1687 duarum
3587 1618 3734 1686 fur-

2178 1723 2516 1806 cularum,
2551 1747 2704 1817 quae
2741 1733 2902 1795 sunt
2927 1749 3131 1818 super
3186 1748 3265 1794 ea
3295 1733 3360 1795 et
3416 1747 3557 1794 non
3605 1746 3734 1792 vo-

2178 1841 2287 1903 cat
2332 1841 2584 1914 costas,
2618 1833 2751 1902 nisi
2780 1841 3002 1902 costas
3038 1857 3236 1903 veras
3270 1855 3285 1900 :
3325 1842 3392 1901 et
3447 1835 3519 1900 in
3574 1854 3732 1900 cor-

2174 1963 2343 2034 pore
2371 1938 2677 2009 hominis
2712 1938 3078 2032 plusquam
3117 1941 3200 2032 in
3238 1937 3523 2027 alicujus
3573 1935 3738 2006 alte-

2179 2050 2320 2118 rius
2349 2048 2668 2118 animalis
2713 2071 2996 2140 corpore
3058 2055 3218 2117 sunt
3264 2046 3731 2116 distinctiones

2177 2158 2463 2238 situum,
2509 2159 2602 2227 ita
2643 2158 2825 2251 quod
2873 2158 2945 2226 in
2991 2179 3072 2227 eo
3125 2163 3227 2225 est
3269 2143 3426 2247 pars
3476 2153 3736 2246 simpli-

2178 2267 2345 2336 citer
2382 2266 2718 2358 superior,
2798 2274 2864 2334 et
2916 2287 3071 2356 pars
3137 2263 3271 2332 alia
3333 2262 3736 2354 simpliciter

2179 2373 2485 2470 inferior,
2539 2380 2607 2443 et
2661 2394 2818 2465 pars
2872 2371 3269 2462 simpliciter
3328 2370 3592 2451 dextra,
3669 2375 3736 2437 et

2177 2501 2337 2571 pars
2390 2476 2792 2570 simpliciter
2852 2478 3148 2557 sinistra,
3217 2485 3284 2545 et
3351 2497 3508 2567 pars
3573 2496 3734 2567 qua!

2177 2588 2579 2680 simpliciter
2606 2596 2711 2657 est
2744 2596 2925 2666 ante,
2956 2595 3024 2656 et
3047 2608 3203 2677 pars
3243 2607 3394 2677 quae
3421 2583 3738 2652 similiter

2178 2705 2280 2767 est
2307 2697 2676 2790 posterior,
2709 2698 2883 2767 sicut
2916 2717 3043 2766 nos
3070 2695 3144 2764 in
3179 2693 3374 2762 libris
3412 2693 3495 2762 de
3546 2692 3730 2762 Coelo

2177 2818 2241 2875 et
2267 2805 2536 2876 Mundo
2566 2805 3189 2875 determinavimus.
3265 2800 3400 2870 Sed
3455 2824 3535 2886 ea
3587 2821 3738 2890 quae

2177 2902 2337 2983 sunt
2358 2912 2597 2983 dextra
2614 2921 2685 2984 et
2702 2912 2998 2991 sinistra,
3020 2916 3178 2978 sunt
3196 2906 3447 2978 similia
3466 2908 3538 2975 in
3557 2905 3741 2998 {igu-

2178 3045 2278 3100 rn,
2303 3019 2463 3090 licet
2488 3018 2844 3089 dissimilia
2861 3017 3092 3086 sintin
3120 3017 3368 3084 virtute
3395 3037 3412 3083 ε
3442 3021 3508 3082 et
3535 3034 3738 3082 causa

2179 3129 2385 3227 hujus
2415 3135 2545 3212 est,
2576 3125 2761 3221 quod
2788 3124 2935 3196 haec
2969 3124 3203 3194 omnia
3240 3121 3585 3215 pertinent
3642 3119 3730 3190 ad

2178 3259 2398 3306 unum
2436 3242 2704 3305 motum
2733 3233 2788 3301 si
2839 3239 2999 3301 sunt
3057 3227 3368 3299 membra
3441 3226 3726 3306 motiva,

2180 3344 2342 3436 quia
2369 3350 2534 3412 tunc
2559 3339 2794 3412 dextra
2830 3345 2931 3409 est
2975 3334 3158 3406 unde
3204 3343 3305 3404 est
3351 3341 3605 3413 motus,
3661 3341 3729 3402 et

2179 3452 2456 3521 sinistra
2482 3471 2606 3544 per
2640 3468 2846 3543 quam
2881 3445 2958 3515 fit
2982 3442 3324 3538 regyratio
3370 3439 3480 3535 vel
3509 3448 3726 3510 retra·

2180 3560 2317 3631 ctio
2345 3565 2578 3628 motus
2604 3554 2933 3647 ejusdem.
2969 3552 3048 3624 Si
3093 3558 3321 3622 autem
3372 3571 3515 3620 non
3568 3554 3730 3617 suut

2182 3666 2445 3739 motiva
2471 3662 2807 3742 membra,
2848 3669 3013 3731 tunc
3037 3661 3381 3752 pertinent
3434 3654 3521 3726 ad
3547 3677 3733 3725 eam·

2184 3777 2342 3846 dem
2401 3774 2896 3869 operationem,
2973 3769 3150 3837 sicut
3209 3764 3347 3835 duo
3400 3763 3609 3843 oculi,
3665 3771 3734 3833 et

2182 3886 2335 3957 duae
2374 3903 2602 3970 aures,
2631 3887 2700 3950 et
2725 3878 2878 3949 dum
2907 3897 3176 3955 manus,
3224 3881 3294 3944 et
3345 3873 3443 3943 sic
3504 3879 3608 3941 est
3661 3871 3730 3939 in

2183 3990 2361 4062 aliis.
2390 3987 2730 4058 Dextrum
2765 3992 2995 4053 tamen
3041 3986 3108 4050 et
3152 3978 3505 4048 sinistrum
3561 3977 3736 4045 sim-

2181 4095 2450 4189 pliciter
2478 4089 2822 4185 pertinent
2857 4075 2949 4157 ad
2971 4092 3238 4155 motum
3279 4079 3594 4152 localem.

2272 4198 2583 4271 Membra
2620 4203 2847 4268 autem
2875 4191 3253 4287 posteriora
3281 4209 3433 4281 quoe
3472 4194 3632 4255 sunt
3663 4186 3733 4254 in

2180 4287 3446 4398 dorso,nequeinliguranequevirtute
3474 4292 3723 4363 similia

2182 4422 2345 4486 sunt
2371 4410 2700 4482 membris
2739 4405 3215 4496 auwrioribus,
3248 4428 3332 4474 eo
3379 4400 3563 4496 quod
3592 4424 3733 4471 non

2182 4523 2526 4617 pertinent
2552 4518 2642 4591 ad
2694 4515 2930 4590 eadem
2994 4514 3241 4587 cilicia.
3303 4511 3440 4583 Sed
3506 4512 3735 4606 potius

2182 4632 2566 4725 posteriora
2627 4634 2790 4698 sunt
2837 4623 3032 4718 quasi
3101 4619 3542 4690 fundamenta
3613 4640 3738 4688 su-

2181 4736 2577 4815 stentantis,
2636 4742 2706 4804 et
2787 4730 3125 4802 anteriora
3174 4734 3341 4796 sunt
3403 4724 3735 4817 principia

2185 4845 2605 4916 alto-rationis
2667 4838 3030 4911 sensibilis.
3117 4834 3450 4904 Similiter
3501 4840 3734 4903 autem

2187 4983 2309 5027 uec
2357 4956 2711 5047 superiora
2751 4960 2903 5017 suut
2937 4946 3181 5013 situilia
3210 4940 3643 5011 inferioribus
3662 4941 3735 5010 in

2184 5067 2407 5157 ligura
2441 5067 2560 5131 aut
2586 5058 2837 5128 virtute
2864 5059 3144 5147 propter
3191 5071 3469 5122 causam
3524 5069 3734 5141 quam

2185 5171 2513 5250 diximus,
2544 5166 2710 5260 qnia
2735 5160 3051 5259 videlicet
3073 5181 3216 5230 non
3234 5156 3621 5227 formantur
3645 5151 3733 5223 ad

2187 5276 2428 5350 eadem
2465 5270 2691 5344 officia
2719 5277 2787 5342 et
2812 5267 3268 5361 operationes,
3298 5263 3461 5355 quia
3524 5282 3736 5351 supe-

2188 5387 2403 5456 riores
2430 5370 2594 5452 sunt
2653 5378 2740 5449 ad
2803 5376 3046 5447 animo
3098 5370 3529 5463 operationes
3583 5388 3737 5460 quae

532 5515 635 5578 est
658 5504 1018 5598 posterius,
1071 5503 1423 5574 communi
1498 5502 1780 5571 nomine
1833 5496 2084 5566 dicitur
2188 5495 2510 5563 dicuntur
2546 5486 2898 5564 animales,
2957 5481 3273 5551 inferiora
3338 5486 3563 5547 autem
3621 5475 3740 5544 cli·

531 5615 836 5693 dorsum,
877 5619 946 5680 et
971 5609 1347 5680 secundum
1389 5612 1591 5679 istam
1620 5606 2083 5678 communita·
2189 5599 2353 5669 bani
2377 5604 2539 5667 sunt
2574 5593 2850 5688 quidem
2905 5583 3337 5656 naturalium·
3375 5584 3731 5652 virtutum.

531 5731 670 5793 tem
705 5716 1219 5814 comprehendit
1244 5715 1548 5809 spatulas
1575 5724 1644 5786 et
1679 5710 2025 5808 spondilos
2058 5731 2076 5777 ε

2193 5706 2529 5778 Inferiore
2555 5710 2786 5803 autem
2813 5694 3019 5767 totius
3073 5692 3376 5787 corporis
3430 5700 3590 5792 sunt
3654 5686 3740 5756 ad
