4919 6371
491 392 623 459 438

493 561 885 650 frequenter
915 556 1136 623 solent
1166 556 1399 623 vivere
1446 556 1753 646 quinque
1802 553 2052 643 viginti

493 665 719 731 annis:
766 671 831 729 et
862 670 1001 729 toto
1040 661 1157 729 illo
1192 669 1498 754 tempore
1530 661 1931 753 pullisicant.

579 763 823 834 Adhuc
852 775 1080 835 autem
1110 776 1436 851 turtures,
1472 779 1537 839 et
1586 770 1654 836 id
1704 768 1890 860 quod
1922 790 2055 835 vo-

491 887 680 947 catur
708 900 942 956 cane-z,
979 880 1164 968 quod
1205 890 1307 947 est
1364 879 1755 971 palumbuS,
1790 878 2054 945 faciunt

488 986 685 1052 nidos
725 1008 883 1053 suos
914 986 983 1052 in
1015 1010 1153 1056 uno
1180 996 1452 1056 tantum
1485 988 1662 1056 loco.
1711 983 2052 1053 Columba

485 1102 713 1161 autem
767 1093 974 1162 habet
1029 1096 1230 1162 nidos
1282 1098 1352 1163 in
1384 1095 1553 1164 locis
1586 1093 1883 1171 duohuS,
1931 1100 2050 1158 aut

483 1203 686 1269 etiam
717 1202 786 1269 in
815 1201 1148 1293 pluribus.
1198 1203 1282 1269 Ut
1336 1203 1405 1268 in
1444 1199 1759 1291 pluribus
1810 1207 2048 1266 autem

480 1309 764 1377 masculi
785 1309 1014 1375 avium
1039 1309 1263 1373 solent
1292 1306 1550 1372 diutius
1570 1306 1802 1372 vivere
1835 1327 2045 1396 quam

480 1417 803 1496 foeminae,
835 1421 1085 1503 praeter
1112 1412 1460 1479 masculos
1491 1412 1778 1479 turturis
1809 1419 1874 1479 et
1917 1435 2048 1502 pa-

480 1524 717 1600 lumbi,
763 1524 843 1590 de
877 1520 1124 1612 quibus
1155 1521 1403 1590 dicitur
1434 1521 1624 1613 quod
1666 1521 1895 1588 minus
1935 1522 2049 1587 vi-

479 1640 651 1699 vunt
679 1652 883 1721 quam
921 1630 1218 1698 foeminae
1249 1653 1528 1698 eorum:
1567 1637 1637 1698 et
1670 1627 1805 1696 hoc
1834 1629 2047 1696 scitur

482 1762 568 1807 ex
594 1738 699 1806 his
738 1761 889 1830 quae
919 1739 1312 1807 domestica·-
1346 1747 1505 1807 sunt
1557 1746 1624 1806 et
1669 1744 2048 1805 nascuntur

480 1849 551 1914 in
582 1846 919 1914 domibus,

566 1939 832 2022 Dicitur
860 1955 1093 2038 etiam,
1129 1953 1314 2043 quod
1357 1976 1583 2021 mares
1615 1953 1851 2019 avium
1893 1973 2044 2041 quae

472 2086 775 2156 passeres
837 2069 1195 2144 vocantur,
1258 2063 1488 2128 minus
1544 2063 1791 2128 vivunt
1831 2082 2042 2150 quam

475 2171 791 2239 foeminoe.
829 2169 1076 2236 Dicunt
1116 2169 1301 2236 enim
1344 2168 1529 2258 quod
1573 2189 1795 2235 mares
1834 2165 2045 2257 hujus

478 2276 623 2343 avis
651 2300 790 2345 non
836 2277 1080 2344 vivunt
1140 2298 1178 2342 a
1231 2283 1542 2366 tempore
1576 2275 1821 2357 coituS,
1858 2273 2046 2365 quod

478 2392 579 2452 est
639 2384 1048 2475 principium
1109 2383 1391 2451 secundi
1449 2385 1639 2460 anni,
1703 2382 1832 2449 nisi
1901 2404 2043 2449 uno

478 2514 701 2560 anno:
736 2499 801 2560 et
819 2490 1024 2580 hujus
1055 2492 1333 2582 signum
1365 2500 1491 2569 est,
1539 2489 1728 2582 quod
1768 2489 1837 2556 in
1878 2512 2043 2558 vere

477 2599 751 2668 secundi
817 2602 975 2668 anni
1034 2623 1173 2668 non
1232 2601 1682 2669 inveniuntur
1734 2623 2046 2692 passeres

478 2708 824 2797 nigrarum
866 2708 1323 2774 mascularum
1364 2710 1544 2775 circa
1594 2715 1920 2785 rostrum,
1978 2714 2046 2775 et

478 2813 576 2881 illi
659 2821 815 2881 sunt
873 2837 1115 2881 mareS.
1170 2814 1499 2881 Foeminoe
1543 2822 1775 2881 autem
1814 2837 2047 2905 passe-

478 2945 628 2989 rum
691 2924 927 2989 vivunt
1003 2922 1287 2996 «liutius,
1354 2921 1543 3013 quod
1615 2930 1898 3012 apparet
1960 2947 2044 2990 ex

476 3028 690 3095 multa
744 3027 986 3097 duritie
1054 3037 1440 3096 rostrorum
1503 3047 1817 3107 suorum,
1879 3053 2036 3120 quae

477 3119 716 3201 accidit
744 3156 828 3202 ex
855 3141 1191 3201 vetustate
1225 3156 1491 3202 earum.
1538 3132 1594 3199 Ε
1624 3141 1867 3202 contra
1916 3158 2042 3203 au·

476 3249 614 3308 tem
645 3240 896 3308 animal
938 3240 1200 3308 dictum
1247 3241 1620 3318 claeeatleire,
1668 3242 1737 3308 in
1803 3249 2042 3311 aestate

478 3356 781 3416 mutatur
844 3347 927 3415 ad
994 3347 1138 3415 loca
1180 3346 1399 3414 calida
1449 3356 1516 3416 et
1562 3348 1632 3415 in
1674 3345 1905 3416 hieme
1955 3349 2041 3416 ad

479 3454 629 3524 loca
654 3454 918 3546 frigida.

570 3562 900 3630 Similiter
925 3570 1154 3629 autem
1184 3565 1453 3631 astutiae
1485 3560 1835 3654 quoddam
1869 3563 2045 3631 indi·

479 3670 659 3738 cium
690 3678 813 3750 est,
847 3668 1031 3760 quod
1049 3677 1350 3737 turtures
1380 3669 1451 3737 in
1494 3677 1731 3737 {estate
1761 3677 2043 3739 mutan-

474 3785 588 3845 tur
623 3776 705 3845 ad
735 3776 883 3844 loca
911 3776 1195 3867 frigida:
1240 3785 1306 3844 et
1337 3777 1509 3844 forte
1576 3799 1783 3846 causa
1829 3776 2041 3868 hujus

474 3891 600 3963 est,
643 3884 825 3975 quod
853 3884 984 3953 hoc
1019 3884 1276 3953 animal
1319 3895 1422 3954 est
1489 3883 2037 3977 phlegmaticum

469 3993 690 4071 valde,
734 4000 798 4060 et
837 3994 903 4060 in
933 4001 1165 4060 oestate
1199 3995 1266 4061 in
1308 3993 1479 4061 locis
1508 3992 1748 4061 calidis
1804 3992 2039 4062 disso-

467 4101 799 4170 lutionem
864 4108 931 4168 et
984 4101 1546 4191 evaporationem
1606 4102 1850 4191 quoerit
1928 4103 2035 4169 sui

469 4206 878 4297 phlegmatis
916 4214 1196 4298 propter
1241 4207 1655 4274 sanitatem:
1692 4207 1764 4274 in
1801 4204 2035 4277 hieme

472 4322 697 4383 autem
728 4322 1002 4407 propter
1028 4314 1587 4383 constrictionem
1617 4322 1683 4381 et
1712 4315 2039 4406 spissitu-

472 4423 699 4493 dinem
739 4424 933 4516 pellis
982 4448 1123 4492 non
1166 4426 1374 4494 sentit
1417 4422 1639 4492 ullum
1679 4423 1922 4517 frigus,
1966 4435 2033 4495 et

467 4531 622 4599 ideo
660 4534 901 4622 quaerit
924 4530 1153 4599 locum
1176 4530 1526 4621 frigidum.

553 4637 798 4707 Adhuc
828 4645 1055 4707 autem
1076 4640 1347 4707 astutiae
1376 4642 1657 4730 signum
1679 4647 1807 4717 est,
1843 4641 2031 4732 quod

464 4769 625 4816 aves
662 4748 889 4839 gravis
924 4745 1220 4823 volatus,
1256 4750 1431 4814 sicut
1474 4747 1755 4838 ortiges,
1799 4756 1865 4815 et
1914 4772 2031 4817 co-

463 4859 780 4936 turnices,
822 4880 959 4926 non
998 4855 1254 4926 babent
1293 4857 1493 4926 nidos
1532 4858 1604 4924 in
1634 4855 2024 4928 arboribus.

460 4963 547 5033 Et
573 4963 883 5032 similiter
907 4963 1153 5032 cubetlu
1189 4963 1374 5055 quod
1401 4972 1503 5033 est
1530 4964 1795 5055 species
1823 4964 2021 5055 pulli.

460 5070 648 5141 ldem
680 5079 907 5140 autem
946 5071 1028 5140 de
1067 5072 1349 5140 fasianis
1378 5079 1444 5140 et
1501 5071 1655 5139 aliis
1691 5070 2024 5163 gravibus

457 5182 688 5248 avium
754 5189 852 5248 est
900 5180 1466 5271 intelligendum:
1523 5177 1629 5247 bae
1670 5180 1856 5248 enim
1894 5205 2024 5250 va-

454 5287 624 5355 dunt
651 5286 737 5355 ad
772 5287 923 5355 loca
974 5288 1180 5379 plana
1227 5297 1292 5357 et
1352 5287 1620 5367 mollia,
1665 5287 1736 5356 in
1767 5286 2022 5380 quibus

450 5400 550 5464 est
589 5392 846 5484 aliquid
881 5394 1327 5484 stipularum:
1361 5404 1427 5463 et
1467 5402 1630 5463 sunt
1660 5394 1925 5464 devexa
1953 5405 2016 5465 et

450 5503 631 5572 fossa
683 5509 752 5570 et
816 5501 911 5571 ibi
975 5503 1231 5573 faciunt
1279 5505 1409 5573 sibi
1452 5506 1914 5584 mansionem,
1950 5514 2017 5575 et

449 5606 816 5701 aliquando
864 5610 1186 5678 muniunt
1232 5633 1387 5679 eam
1446 5611 1667 5703 spinis
1731 5618 2020 5702 propter

447 5715 833 5807 accipitrem
898 5724 963 5785 et
1027 5715 1320 5808 aquilas,
1363 5727 1441 5786 ut
1497 5719 1585 5786 sit
1629 5718 1838 5786 etiam
1880 5717 2017 5786 ali-

1475 384 1565 452 D.
1610 381 1808 451 ALB.
1858 379 2081 448 MAG.
2127 379 2330 455 om).
2383 384 2676 456 PRAED.

2169 557 2439 644 quando
2483 563 2576 626 eis
2608 569 2837 627 contra
2879 568 3159 627 ventos:
3197 569 3260 628 et
3319 563 3410 629 ibi
3459 563 3710 631 cubant

2167 684 2296 730 ova
2352 687 2472 731 sua
2539 689 2748 757 usque
2814 667 2897 735 ad
2973 669 3225 736 exitum
3314 669 3702 759 pullorum:

2167 768 2406 836 deinde
2474 773 2630 859 quia
2685 780 2997 861 parentes
3035 783 3192 841 sunt
3236 777 3463 865 gravis
3512 776 3707 843 vola-

2167 881 2297 953 tuS‚
2358 884 2423 941 et
2480 897 2615 943 non
2664 884 2975 967 potentes
3022 881 3554 975 circumquaque
3605 883 3709 950 af-

2164 978 2335 1047 ferre
2391 980 2625 1048 cibum
2674 982 2903 1072 pullis,
2946 985 3231 1054 contulit
3270 997 3514 1057 natura
3554 989 3711 1081 pul·-

2162 1085 2269 1170 lis,
2315 1087 2494 1177 quod
2542 1091 2768 1156 statim
2817 1099 3141 1158 exeuntes
3171 1093 3253 1160 ‹le
3283 1096 3431 1162 ovis
3471 1119 3592 1185 per
3633 1120 3704 1164 se

2162 1195 2336 1260 circa
2374 1216 2443 1261 se
2519 1198 2854 1286 accipiunt
2912 1198 3166 1276 cibum,
3211 1207 3275 1266 et
3321 1203 3507 1291 quod
3546 1211 3705 1270 sunt

2159 1299 2321 1365 boni
2342 1310 2567 1369 motus
2596 1303 2664 1369 in
2697 1303 3135 1382 ambulando,
3172 1328 3331 1375 aves
3362 1309 3544 1376 enim
3567 1308 3704 1376 hu-

2150 1405 2449 1493 jusmodi
2491 1412 2706 1501 magis
2762 1412 3108 1480 confidunt
3150 1415 3217 1479 in
3280 1416 3696 1485 ambulando

2159 1535 2360 1602 quam
2391 1516 2462 1582 in
2499 1516 2790 1585 volando
2827 1539 2841 1584 :
2877 1527 2946 1586 et
2981 1519 3131 1587 ideo
3187 1524 3413 1588 statim
3444 1546 3700 1612 paren-

2156 1627 2259 1687 tes
2293 1621 2516 1711 pullos
2555 1625 2829 1713 ejiciunt
2863 1625 2945 1693 de
2977 1625 3161 1705 nido,
3198 1635 3264 1696 et
3308 1630 3701 1698 circumdu-

2157 1737 2316 1797 cunt
2344 1752 2462 1797 eos
2487 1731 2556 1798 in
2586 1733 2948 1822 quaerendo
2982 1734 3232 1813 cibum,
3271 1745 3336 1805 et
3365 1739 3698 1829 gratando

2159 1835 2485 1906 effodiunt
2532 1840 2748 1929 ipsum
2788 1840 2870 1908 de
2925 1841 3201 1932 pulvere
3250 1867 3373 1935 per
3401 1869 3693 1937 ungues,

2156 1943 2325 2010 sicut
2388 1945 2678 2035 gallinae,
2714 1955 2780 2015 et
2834 1951 3107 2040 ortiges‚
3143 1958 3208 2018 et
3261 1951 3590 2041 perdices,
3628 1962 3695 2022 et

2159 2058 2410 2134 anateS,
2444 2062 2512 2121 et
2564 2076 2857 2136 ansereS,
2883 2064 2950 2124 et
3004 2079 3242 2125 omnes
3271 2058 3406 2127 fere
3440 2059 3691 2149 hujus-

2156 2158 2339 2225 modi
2385 2182 2544 2227 aves
2591 2161 2889 2230 adunant
2926 2163 3008 2231 de
3037 2172 3233 2232 nocte
3263 2166 3488 2257 pullos
3530 2191 3694 2236 suos

2155 2263 2279 2331 sub
2310 2288 2378 2332 se
2407 2268 2581 2334 sicut
2608 2268 2875 2358 galliam
2903 2293 2917 2338 :
2952 2270 3071 2338 sed
3109 2273 3176 2338 in
3210 2270 3342 2341 hoc
3381 2274 3702 2345 dill'erunt

2154 2395 2191 2440 a
2221 2372 2496 2464 gallina,
2539 2376 2719 2466 quod
2767 2400 2906 2445 non
2953 2376 3202 2447 babent
3254 2381 3491 2449 nidum
3548 2405 3703 2452 cer-

2153 2489 2297 2549 tum
2329 2491 2391 2550 et
2429 2482 2736 2552 stabilem
2775 2509 2897 2577 per
2950 2508 3165 2555 annos
3213 2489 3468 2558 multos
3518 2493 3706 2562 sieut

2154 2590 2427 2680 gallina,
2462 2592 2580 2660 sed
2613 2616 2750 2662 uno
2790 2616 2969 2663 anno
3001 2604 3206 2664 ovant
3248 2598 3314 2665 in
3345 2596 3496 2667 loco
3530 2624 3697 2686 uno,

2155 2706 2220 2766 et
2250 2697 2317 2764 in
2347 2698 2645 2767 alioloco
2677 2701 2745 2767 in
2776 2700 2944 2770 alio:
2978 2711 3041 2770 et
3073 2702 3201 2771 hoc
3231 2704 3382 2773 ideo
3417 2705 3694 2788 faciunt,

2155 2830 2235 2874 ne
2292 2819 2572 2876 venator
2605 2819 2966 2901 cognosc-at
3018 2810 3250 2880 nidum
3293 2815 3440 2902 ejus
3482 2839 3498 2882 ε
3536 2825 3596 2884 et
3640 2817 3695 2883 si

2153 2914 2558 3007 quandoque
2591 2917 3021 2986 inveniantur
3058 2918 3222 3010 pulli
3263 2923 3452 3012 parvi
3494 2946 3535 2990 a
3563 2947 3691 2990 ve-

2154 3033 2409 3106 natore,
2444 3035 2659 3094 mater
2686 3027 2876 3117 lingit
2906 3051 2977 3095 se
3017 3051 3152 3095 non
3191 3052 3389 3119 posse
3425 3032 3687 3115 volare,

2154 3138 2217 3198 et
2254 3131 2600 3200 volitando
2629 3135 2908 3226 cespitat
2924 3135 3098 3204 circa
3118 3145 3540 3218 venatorem,
3575 3140 3694 3207 do·

2151 3261 2274 3306 nec
2298 3238 2558 3331 fugiant
2622 3240 2812 3332 pulli,
2856 3250 2922 3310 et
2975 3251 3135 3312 tunc
3190 3244 3358 3336 fugit
3399 3257 3461 3314 et
3495 3250 3684 3339 ipsa:

2151 3353 2214 3413 et
2261 3369 2414 3413 cum
2473 3349 2742 3417 recessit
2788 3358 3097 3432 venator,
3135 3351 3380 3421 clamat
3423 3377 3691 3422 convo-

2150 3454 2362 3521 cando
2418 3454 2662 3546 pullos,
2706 3464 2772 3524 et
2825 3458 3263 3527 circumducit
3320 3483 3439 3530 eos
3471 3463 3556 3531 ad
3587 3466 3693 3532 ei-

2148 3559 2311 3629 bum
2375 3563 2808 3654 quaerendum
2874 3567 3046 3633 sicut
3113 3567 3301 3657 prius
3344 3591 3360 3635 ε
3431 3578 3497 3637 et
3554 3570 3686 3641 boc

2148 3668 2397 3738 faciunt
2453 3671 2587 3739 l'ere
2641 3693 2880 3740 omnes
2917 3694 3102 3752 aves,
3145 3676 3470 3766 quamdiu
3509 3677 3675 3769 pulli

2149 3800 2380 3847 earum
2412 3781 2848 3849 inveniuntur
2874 3805 2913 3849 a
2941 3792 3288 3853 venatore.

2236 3897 2382 3968 lloc
2431 3908 2658 3967 autem
2722 3924 2937 3992 genus
2991 3900 3155 3993 pulli
3209 3902 3392 3994 quod
3439 3904 3679 3974 cubelh

2145 4015 2448 4091 vocatur,
2510 4029 2643 4074 non
2703 4007 2930 4076 minus
2994 4018 3152 4077 ovat
3198 4033 3403 4101 quam
3436 4011 3674 4081 decem

2144 4134 2299 4190 ova,
2341 4120 2408 4181 et
2435 4112 2796 4204 aliquando
2828 4121 2987 4182 ovat
3017 4113 3309 4184 sedecim
3339 4126 3467 4196 zet,
3496 4120 3679 4187 sicut

2146 4218 2213 4284 in
2268 4216 2796 4308 praecedentibus
2863 4218 3182 4302 diximus,
3241 4220 3368 4288 ista
3425 4222 3573 4290 avis
3607 4224 3675 4292 in

2145 4323 2374 4392 multis
2412 4332 2513 4392 est
2539 4322 2700 4391 mali
2731 4326 2967 4403 moris,
3003 4333 3066 4393 et
3110 4333 3329 4395 astuta
3354 4327 3576 4410 valde,
3612 4337 3679 4397 et

2142 4429 2290 4498 licet
2339 4430 2409 4498 in
2473 4429 2696 4499 hieme
2744 4433 3076 4524 gregatim
3103 4432 3312 4511 volet,
3347 4443 3574 4505 tamen
3608 4438 3676 4506 in

2141 4545 2441 4628 tempore
2468 4538 2644 4605 veris
2674 4561 2806 4607 una
2838 4549 3233 4632 segregatur
3268 4541 3352 4609 ab
3410 4542 3567 4629 alia,
3611 4553 3677 4613 et

2139 4644 2613 4713 combinantur
2642 4668 2786 4713 mas
2824 4654 2890 4714 et
2918 4647 3196 4715 immina
3229 4657 3335 4717 :et
3363 4656 3522 4719 tunc
3543 4675 3677 4744 pn-

2137 4759 2344 4842 gnant
2374 4774 2497 4843 pro
2535 4751 2710 4820 nidis
2747 4758 2810 4821 et
2831 4753 3012 4821 coitu
3054 4776 3273 4823 mares
3331 4756 3507 4824 inter
3570 4780 3666 4837 se,

2136 4859 2348 4928 donec
2423 4858 2705 4950 quilibet
2775 4881 2922 4927 mas
2990 4864 3246 4953 accepit
3319 4862 3670 4933 scr-minam

2134 4988 2351 5046 suam,
2385 4974 2450 5035 et
2479 4969 2692 5059 ipsam
2740 4970 3046 5061 sequitur
3079 4970 3385 5039 coeundo
3423 4974 3672 5063 saepius

2131 5096 2287 5141 cum
2317 5073 2464 5165 ipsa
2504 5096 2521 5142 ε
2554 5072 2697 5143 haec
2724 5075 2907 5143 enim
2946 5076 3090 5143 avis
3118 5076 3338 5169 diligit
3368 5079 3665 5147 coitum:

2133 5187 2197 5247 et
2227 5181 2376 5249 ideo
2405 5182 2607 5250 etiam
2638 5181 2911 5273 quando
2941 5206 3090 5252 mas
3137 5185 3396 5252 invenit
3436 5183 3669 5253 smmi-

2130 5309 2287 5355 nam
2317 5310 2523 5381 super
2575 5310 2730 5374 ova,
2771 5291 2907 5358 coit
2970 5312 3126 5359 cum
3173 5311 3278 5370 ea,
3311 5295 3377 5357 et
3405 5289 3660 5384 frangit

2129 5418 2284 5476 ova,
2334 5397 2462 5464 nisi
2529 5396 2799 5465 foemina
2857 5398 2941 5465 sit
2994 5395 3281 5466 sollicita
3325 5401 3505 5468 circa
3535 5424 3669 5471 ova

2127 5502 2455 5587 cubanda,
2490 5515 2551 5575 et
2583 5506 2732 5575 ideo
2757 5506 3034 5575 immina
3072 5504 3425 5578 abscondit
3453 5533 3584 5580 ova
3625 5535 3667 5581 a

2125 5616 2427 5685 masculo
2468 5638 2485 5684 ε
2544 5625 2609 5684 et
2636 5619 2694 5685 si
2732 5616 2976 5709 aliquis
3023 5615 3232 5688 homo
3282 5622 3663 5714 appropin-

2124 5732 2289 5813 quat
2330 5725 2499 5802 ovis,
2567 5722 3007 5795 circumvolat
3056 5722 3405 5797 hominem
3461 5727 3658 5798 illum
