4919 6371
599 408 727 475 240

597 594 835 642 omnes
878 566 975 634 illi
1008 562 1125 652 qui
1151 554 1516 624 virtutihus
1547 547 2018 640 praecellebant
2038 543 2154 611 he-

596 682 819 755 roiciS,
857 675 1031 742 sicut
1064 669 1339 742 Hector,
1393 671 1459 730 et
1498 660 1777 737 AEneas‚
1834 668 1898 725 et
1949 656 2150 722 Pria—

596 809 773 864 muS,
817 790 884 848 et
932 777 1074 859 alii,
1109 780 1303 842 erant
1368 772 1450 838 de
1500 769 1615 837 tali
1659 763 2141 834 melancholia.

595 892 849 958 Dicunt
869 885 1078 961 enim,
1096 880 1281 974 quod
1306 865 1454 947 talis
1478 873 1930 945 melancholia
1949 869 2154 936 habet

597 1005 912 1066 naturam
951 991 1097 1061 vini
1139 990 1358 1068 rubei,
1394 985 1578 1078 quod
1625 984 1971 1050 fumosum
2023 983 2147 1049 est,

598 1115 664 1174 et
693 1103 1254 1171 confirmatorum
1295 1103 1362 1164 et
1398 1091 1745 1162 stabilium
1787 1084 2149 1174 spirituum

599 1212 1097 1302 generativum.

683 1319 844 1386 Ilaec
863 1318 1076 1408 igitur
1104 1313 1186 1378 de
1218 1300 1674 1375 melancholia
1695 1322 1735 1366 a
1756 1296 1953 1364 nobis
1975 1295 2150 1361 dicta

602 1434 787 1496 sunt.

1149 2388 1444 2459 CAPUT
1492 2384 1611 2452 tv.

602 3140 695 3206 ΙιἸ
725 3146 820 3203 est
858 3154 1190 3201 otenessto
1230 3128 1591 3197 declarans
1618 3125 1864 3192 horum
1903 3123 2153 3190 Ιιιιηιο-

687 3266 842 3311 rum
890 3238 1354 3308 substantiam
1393 3244 1455 3301 et
1499 3256 1742 3301 causas
1769 3240 1831 3298 et
1873 3252 2153 3319 (senem-

692 3353 970 3419 tionem.

695 4211 819 4278 llis
855 4216 1086 4277 autem
1117 4204 1217 4271 sic
1246 4196 1624 4267 distributis
1658 4200 1928 4283 oportet
1987 4191 2157 4256 scire

607 4318 917 4389 hmuoris
982 4308 1299 4382 animalis
1340 4302 1648 4395 corporis
1706 4298 2159 4367 substantiam

605 4437 669 4495 et
726 4423 1265 4515 generationem.
1327 4413 1504 4481 Dicit
1556 4416 1785 4478 autem
1835 4404 2155 4480 Galenus,

607 4532 790 4626 quod
831 4532 1247 4621 quicumque
1277 4523 1441 4593 dicit
1467 4541 1682 4588 unum
1721 4522 1987 4584 tantum
2028 4510 2163 4580 hu-

606 4661 870 4707 morem
921 4657 1067 4702 esse
1129 4629 1244 4722 qui
1294 4626 1507 4694 nutrit
1557 4642 1844 4712 corpora
1905 4617 2167 4685 anima·

608 4744 803 4828 lium,
837 4765 978 4811 non
1008 4759 1251 4808 verum
1284 4732 1470 4803 dicit.
1508 4729 1683 4798 Cum
1724 4728 1907 4795 enim
1950 4747 2166 4792 mem·

607 4855 725 4922 bra
761 4850 1076 4944 quaedam
1129 4847 1263 4916 sint
1320 4839 1712 4921 durissima,
1754 4836 1924 4904 sicut
1959 4857 2157 4902 ossa:

609 4960 922 5054 quaedam
975 4966 1222 5025 :autem
1282 4949 1714 5023 mollissima,
1766 4944 1939 5013 sicut
1972 4965 2164 5011 cere-

608 5068 831 5145 brum,
877 5075 944 5133 et
1004 5062 1360 5132 medullae:
1438 5064 1505 5125 et
1559 5053 1872 5145 quaedam
1913 5050 2158 5128 media,

610 5176 780 5243 sicut
811 5196 970 5242 caro
1000 5195 1015 5240 :
1050 5176 1319 5262 oportet
1348 5174 1415 5233 et
1447 5164 1669 5255 ipsum
1700 5158 2006 5227 nutriens
2062 5155 2165 5224 di-

610 5305 964 5351 versarum
995 5304 1142 5350 esse
1171 5272 1729 5366 complexionum
1769 5275 1836 5336 et
1867 5264 2165 5357 qualita-

613 5400 783 5461 tum.
846 5390 995 5459 Hoc
1059 5397 1290 5458 autem
1345 5381 1511 5450 satis
1567 5376 1853 5469 planum
1915 5382 2015 5442 est
2080 5396 2168 5440 ex

614 5497 1178 5594 pratcedentibuS.
1214 5489 1702 5584 Experimento
1731 5490 1965 5552 autem
2004 5482 2168 5549 artis

613 5612 793 5680 idem
842 5606 1173 5701 probatur
1212 5628 1228 5673 :
1290 5598 1619 5694 quoniam
1678 5593 1736 5661 si
1777 5591 2056 5683 sanguis
2084 5589 2168 5657 de

608 5742 786 5789 vena
813 5724 1164 5789 extractus
1201 5709 1579 5780 adtentum
1612 5702 1848 5793 ignem
1881 5700 1951 5767 in
2007 5721 2169 5768 vase

1595 382 1679 448 D.
1737 377 1929 445 ALB.
1985 369 2199 440 MAG.
2253 366 2454 437 ORD.
2510 367 2802 436 PRAED.

2254 548 2569 629 ponatur,
2604 539 2830 607 statim
2862 544 2937 603 ut
2976 536 3269 603 caletieri
3310 533 3576 624 incipit,
3624 533 3803 599 lente.

2259 673 2564 740 spumam
2597 647 2915 737 gracilem
2947 652 3012 712 ct
3041 645 3219 711 clarc
3253 652 3657 711 vernantem
3687 665 3807 708 su-

2218 757 2479 845 'perius
2511 750 2766 828 ebullit,
2802 773 2952 840 quae
2992 757 3091 817 est
3121 749 3396 817 cholera
3465 749 3698 827 rubea,
3736 755 3804 815 et

2256 862 2323 928 id
2361 859 2543 949 quod
2590 858 2670 924 de
2728 880 2806 922 ea
2871 856 3191 921 adustum
3231 864 3335 922 est
3367 878 3505 922 non
3535 877 3804 945 separa-

2255 976 2398 1033 tum
2475 987 2513 1031 a
2576 962 2828 1042 subtili,
2872 970 2971 1028 est
3027 959 3306 1028 cholera
3369 961 3797 1028 innaturalis,

2257 1075 2438 1142 Idem
2470 1075 2670 1142 etiam
2694 1072 2968 1162 sanguis
2990 1070 3222 1137 statim
3253 1069 3536 1136 inferius
3575 1069 3803 1137 subsi-

2256 1183 2472 1252 dendo
2504 1181 2922 1274 hypostasim
2954 1179 3319 1246 obscuram
3343 1177 3526 1256 facit,
3557 1186 3623 1244 et
3653 1177 3797 1244 haec

2256 1304 2355 1361 est
2395 1289 2886 1359 melancholia:
2921 1297 2985 1353 et
3018 1287 3203 1377 quod
3245 1286 3669 1353 incineratur
3705 1307 3792 1352 ex

2257 1401 2397 1480 illo,
2440 1408 2540 1467 est
2569 1395 2964 1464 innaturalis
3002 1392 3504 1460 melancholia:
3542 1401 3612 1460 et
3640 1400 3803 1457 tunc

2255 1503 2814 1592 constareincipit
2853 1503 2920 1567 in
2944 1524 3024 1567 eo
3058 1500 3407 1590 quoddam
3447 1500 3795 1566 viscosum

2255 1616 2424 1681 sicut
2470 1612 2783 1678 albumen
2834 1608 2971 1688 ovi,
3015 1615 3082 1673 et
3141 1607 3277 1674 hoc
3318 1612 3419 1672 est
3445 1604 3794 1695 phlegma.

2255 1721 2497 1787 Enatat
2532 1727 2755 1786 autem
2785 1725 3030 1807 praeter
3057 1714 3202 1782 haec
3242 1714 3593 1804 aquositas
3631 1734 3802 1802 pura

2255 1836 2319 1894 et
2346 1827 2566 1893 tenuis
2595 1847 2743 1915 qua*
2792 1822 3018 1890 nullus
3048 1822 3334 1888 omnino
3385 1819 3644 1887 humor
3673 1826 3798 1896 est,

2255 1957 2334 2002 eo
2364 1932 2545 2025 quod
2575 1940 2673 1998 est
2708 1929 3053 2020 aquositas
3082 1927 3322 2005 bibita,
3349 1948 3501 2017 quae
3530 1947 3800 1993 currere

2253 2043 2406 2110 facit
2432 2042 2684 2120 cibum,
2708 2039 2823 2106 sed
2844 2037 3012 2104 nihil
3035 2037 3275 2116 nutrit,
3302 2059 3385 2104 eo
3426 2035 3613 2126 quod
3643 2057 3802 2102 cor-

2253 2173 2378 2241 pus
2408 2148 2700 2216 hominis
2731 2147 3185 2236 compositum
3214 2153 3316 2212 est
3365 2144 3544 2212 sicut
3574 2152 3642 2212 et
3668 2164 3802 2209 cae-

2252 2266 2551 2324 terorum
2583 2251 3003 2326 animalium,
3042 2261 3108 2318 et
3145 2250 3439 2341 simplici
3491 2273 3633 2317 non
3664 2272 3800 2315 nu-

2254 2366 2470 2430 tritur.
2514 2361 2878 2453 Aquositas
2926 2369 3160 2427 autem
3203 2358 3322 2425 illa
3351 2367 3473 2425 aut
3506 2354 3808 2446 simplex

2254 2482 2377 2555 est,
2395 2482 2512 2540 aut
2530 2470 2814 2561 simplici
2840 2469 3238 2536 substantia:
3266 2466 3522 2542 vicina,
3549 2474 3616 2533 et
3647 2464 3799 2531 ideo

2255 2604 2498 2672 corpus
2550 2602 2630 2646 ex
2684 2587 2974 2668 quatuor
3004 2577 3462 2643 commixtum
3506 2572 3815 2640 elemen-

2258 2689 2339 2755 tis
2406 2688 2656 2753 nutrire
2717 2683 3099 2750 nullatenus
3178 2689 3404 2772 potest
3454 2703 3469 2745 :
3539 2688 3816 2770 propter

2256 2795 2438 2886 quod
2477 2817 2693 2884 neque
2735 2791 2984 2858 humor
3014 2791 3146 2857 «lici
3190 2800 3514 2857 meretur.

2346 2903 2727 2969 llumurum
2776 2909 3001 2966 autem
3055 2898 3397 2964 dictorum
3453 2895 3815 2986 generatio

2257 3020 2356 3078 est
2418 3034 2537 3100 per
2597 3007 2727 3074 cibi
2785 3007 3260 3092 digestionem.
3316 3002 3814 3094 Digestionum

2260 3127 2484 3185 autem
2515 3118 2644 3184 alia
2719 3124 2818 3181 est
2891 3112 3282 3204 imperfecta
3360 3118 3426 3178 et
3484 3111 3757 3201 incepta
3792 3129 3808 3174 :

2258 3227 2388 3296 alia
2425 3236 2649 3294 autem
2679 3223 3014 3314 completa
3057 3230 3122 3289 et
3153 3222 3475 3311 perfecta.
3560 3218 3816 3309 lmper·

2257 3336 2427 3403 fecta
2465 3342 2691 3402 autem
2730 3342 2853 3408 est,
2896 3354 3045 3421 quae
3080 3330 3314 3419 incipit
3347 3331 3416 3395 in
3473 3350 3617 3396 ore.
3682 3325 3805 3392 ln-

2259 3443 2461 3510 ferior
2498 3463 2788 3530 namque
2840 3439 2978 3505 oris
3034 3436 3428 3527 superficies
3475 3433 3813 3503 continua

2262 3558 2356 3617 est
2399 3546 2697 3617 interiori
2730 3543 3059 3613 stomachi
3100 3553 3167 3611 et
3197 3543 3391 3620 meri,
3454 3550 3521 3610 et
3569 3562 3807 3631 super·

2264 3659 2459 3733 ticiei,
2520 3666 2585 3724 et
2639 3654 2789 3722 ideo
2842 3655 3166 3720 virtutem
3217 3650 3427 3720 habet
3461 3647 3816 3741 digerendi

2261 3766 2376 3833 sed
2410 3762 2930 3852 incompletam:
2966 3767 3247 3850 propter
3275 3757 3462 3849 quod
3515 3757 3812 3824 triticum

2267 3871 2733 3940 authen-deum
2789 3870 3140 3935 nuisticata
3194 3867 3555 3934 conferunt
3588 3872 3818 3932 matu-

2265 3979 2489 4047 randis
2517 3973 3070 4067 apostmnatihus.
3128 3998 3338 4065 quam
3373 3982 3605 4041 tanwn
3663 3994 3817 4037 ma-

2266 4087 2666 4154 turationem
2736 4105 2872 4149 non
2940 4082 3091 4148 facit
3159 4081 3460 4148 triticum
3520 4086 3584 4145 et
3639 4099 3813 4168 aqua

2265 4193 2559 4261 infusum
2614 4200 2679 4258 et
2733 4213 2890 4257 cum
2953 4211 3130 4279 aqua
3189 4195 3488 4256 coctum.
3526 4184 3803 4252 Confert

2266 4310 2492 4367 autem
2526 4297 2962 4365 maturationi
2996 4294 3091 4361 illi
3131 4292 3537 4361 commixtio
3577 4289 3813 4356 saliva·¹

2270 4412 2337 4478 in
2392 4432 2526 4499 qua
2589 4416 2684 4473 est
2738 4405 2949 4471 virtus
3008 4403 3255 4471 caloris
3313 4399 3697 4469 stomachi:
3752 4406 3819 4465 et

2270 4516 2412 4584 lia-c
2443 4515 2715 4607 quidem
2755 4522 2852 4580 est
2877 4512 3166 4601 digestio
3199 4510 3623 4601 imperfecta.

2363 4620 2678 4688 Perfecta·
2711 4628 2935 4685 autem
2978 4616 3395 4707 digestiones
3433 4623 3594 4681 sunt
3637 4635 3815 4704 qua-

2271 4740 2428 4800 tuor
2452 4729 2580 4797 sibi
2611 4726 3066 4803 succedentes,
3112 4747 3405 4817 quarum
3443 4722 3669 4813 prima
3721 4727 3825 4787 est

2275 4841 2341 4907 in
2371 4835 2720 4906 stoumchn
2750 4837 2998 4901 virtute
3036 4831 3282 4899 caloris
3314 4854 3453 4898 non
3485 4824 3822 4897 stomachi

2276 4957 2562 5019 tautum,
2639 4943 2754 5010 sed
2819 4943 3067 5010 virtute
3159 4941 3408 5008 caloris
3503 4936 3819 5005 omnium

2278 5054 2739 5124 membrorum
2801 5072 2952 5140 quie
3005 5046 3366 5116 stomacho
3442 5049 3828 5133 circumpo-

2277 5172 2570 5233 nuntur:
2631 5183 2668 5225 a
2715 5157 2949 5225 dextro
2999 5157 3181 5224 enim
3244 5156 3502 5224 assistit
3531 5152 3593 5219 ei
3633 5149 3827 5220 calor

2279 5268 2587 5361 hepatis:
2645 5290 2681 5333 a
2730 5265 3015 5331 sini-tris·
3064 5275 3290 5330 autem
3325 5262 3514 5329 valor
3543 5259 3822 5349 splenis.

2277 5375 2393 5467 qui
2450 5372 2603 5440 licet
2665 5392 2799 5437 non
2840 5369 2924 5436 sit
2965 5368 3200 5435 calida·
3233 5363 3673 5441 substantiae,
3709 5370 3818 5428 ta-

2280 5505 2435 5551 men
2479 5486 2756 5569 propter
2811 5477 3086 5543 arterias
3143 5485 3210 5543 et
3238 5497 3452 5541 venas
3482 5493 3637 5565 quae
3667 5477 3828 5536 sunt

2282 5593 2352 5659 in
2399 5588 2546 5678 ipso
2618 5583 2941 5654 calefacit.
3003 5581 3080 5649 ln
3123 5581 3412 5651 circuitu
3442 5587 3677 5649 autem
3718 5582 3826 5644 est

2283 5698 2469 5769 calor
2536 5692 2708 5786 girbi
2773 5690 2855 5759 de
2923 5712 3059 5781 quo
3116 5689 3415 5758 diximus
3482 5685 3818 5777 superius,
