4919 6371
1917 415 2088 485 LIB.
2142 411 2266 482 Vll
2320 406 2435 480 DE
2483 409 3070 500 ANIMALOEUS,
3118 413 3430 488 'rRAC'i·.
3489 419 3508 486 l

1106 594 1431 662 eradicari
1501 618 1539 660 a
1592 593 1757 659 locis
1800 595 1964 659 suis.
2026 592 2198 658 Cum
2258 592 2664 660 animalibus

1107 710 1333 768 autem
1375 702 1791 768 conveniunt
1863 701 1930 764 in
1973 699 2203 788 aliquo
2245 702 2491 791 exiguo
2522 725 2669 768 mo-

1108 817 1182 876 tu
1213 809 1719 877 constrictionis
1770 808 1837 872 in
1891 814 2072 874 tactu
2103 812 2433 889 nocentiS,
2470 817 2530 877 et
2564 811 2669 877 di-

1106 917 1452 985 latationis
1477 919 1546 982 in
1587 923 1770 982 tactu
1813 918 2305 986 convenientis.
2342 919 2424 986 Et
2471 919 2669 985 simi-

1107 1025 1262 1092 liter
1291 1028 1363 1092 in
1395 1025 1631 1092 multis
1660 1047 1868 1094 omne
1908 1048 2127 1116 genus
2175 1025 2668 1094 conchiliorum

1105 1133 1372 1201 corium
1431 1137 1727 1201 testeum
1795 1132 2223 1211 habentium,
2283 1142 2382 1200 est
2447 1132 2666 1199 simile

1103 1240 1354 1329 plantae
1415 1242 1693 1333 quando
1754 1250 2192 1332 comparatur
2256 1238 2338 1307 ad
2415 1239 2667 1305 animal

1102 1348 1483 1437 perfectum
1513 1349 1917 1440 gressibile:
1990 1346 2304 1437 quaedam
2353 1347 2533 1414 enim
2566 1370 2673 1413 os-

1105 1467 1412 1526 treorum
1454 1469 1637 1535 sunt,
1675 1480 1828 1548 quae
1862 1459 2147 1525 omnino
2180 1465 2408 1526 carent
2438 1480 2664 1533 sensu,

1109 1563 1487 1633 secundum
1543 1564 1730 1655 quod
1786 1586 2027 1632 sensus
2095 1571 2197 1631 est
2250 1565 2465 1631 virtus
2523 1563 2674 1629 ani-

1114 1695 1267 1750 mae,
1312 1678 1380 1738 et
1408 1672 1825 1763 principium
1875 1671 2141 1739 notitiae
2171 1669 2551 1739 sensibilis:
2588 1669 2674 1736 li-

1107 1784 1210 1847 cet
1266 1775 1519 1846 habeat
1555 1795 1861 1856 sensum,
1913 1772 2290 1846 secundum
2331 1774 2510 1868 quod
2572 1785 2674 1845 est

1105 1887 1322 1954 virtus
1390 1885 1747 1964 naturaliS‚
1822 1893 1889 1954 et
1969 1881 2378 1975 principium
2454 1887 2675 1952 nutri-

1106 1984 1344 2061 menti.
1447 1989 1784 2072 Qua‘dam
1879 2000 2041 2060 sunt
2123 1992 2519 2083 perfectiora
2569 1991 2674 2059 his

1105 2123 1259 2191 quae
1346 2115 1629 2168 sensum
1709 2099 1968 2168 habent
2052 2099 2345 2169 debilem
2433 2099 2675 2168 debilis

1121 2206 1533 2298 cognitionis
1609 2203 2039 2274 sensibilium
2114 2207 2562 2298 principium:
2612 2215 2678 2275 et

1119 2315 1434 2406 quaedam
1492 2338 1575 2383 ex
1649 2317 1747 2383 eis
1824 2314 2046 2383 adhuc
2102 2314 2212 2383 his
2277 2312 2674 2406 perfectiora

1113 2427 1274 2489 sunt
1313 2442 1626 2498 carnosa,
1684 2417 2010 2489 habentia
2075 2421 2456 2511 subjectum
2520 2442 2677 2512 per-

1115 2528 1272 2597 fecti
1351 2532 1573 2597 tactus
1644 2529 2031 2597 nuntiantis
2104 2530 2352 2596 anima·
2438 2530 2679 2619 cogni-

1112 2634 1374 2702 tionem
1451 2632 1915 2724 tangibilium,
1987 2631 2145 2702 licet
2209 2633 2525 2702 deficiant
2609 2635 2675 2701 in

1113 2763 1403 2810 numero
1434 2742 1728 2809 aliorum
1769 2759 2100 2811 sensuum
2142 2744 2362 2834 magis
2416 2742 2676 2811 forma-

1113 2848 1508 2927 lium,sicnt
1566 2851 1632 2917 id
1691 2849 1879 2941 quod
1934 2859 2222 2917 vocatur
2280 2852 2504 2941 tycho,
2560 2852 2674 2941 qui

1114 2957 1334 3046 aperit
1379 2964 1446 3025 et
1476 2956 1731 3024 claudit
1761 2957 2097 3026 concham
2152 2981 2370 3032 suam,
2443 2967 2504 3024 et
2574 2965 2675 3026 est

1115 3063 1338 3131 bonus
1378 3064 1464 3132 ad
1510 3083 1706 3134 esum
1744 3075 2026 3156 propter
2068 3067 2294 3134 carnis
2331 3084 2468 3134 suoe
2498 3073 2677 3134 tem-

1118 3178 1623 3259 peramentum.
1672 3170 1982 3264 Spongia
2017 3189 2183 3241 vero
2208 3174 2544 3263 pra-cipue
2606 3174 2674 3239 ia

1117 3278 1531 3369 quibusdam
1572 3280 1656 3348 de
1698 3283 1842 3348 suis
1877 3281 2237 3372 speciebus
2268 3281 2679 3350 assimilatur

1118 3386 1519 3477 simpliciter
1548 3386 1842 3478 plantis:
1890 3396 1959 3456 et
2007 3390 2186 3457 inter
2242 3396 2469 3456 inatus
2510 3392 2679 3456 isto-

1116 3514 1271 3561 rum
1349 3501 1451 3562 est
1505 3510 1717 3585 parva
1783 3496 2191 3573 differentia,
2230 3496 2679 3587 [diversantur

1116 3602 1302 3669 enim
1378 3602 1661 3693 quidam
1731 3604 1802 3670 in
1871 3613 2064 3673 motu
2133 3603 2547 3673 dilatationis
2611 3615 2677 3675 et

1110 3710 1618 3778 constrictionis
1667 3712 2043 3779 secundum
2077 3714 2299 3805 magis
2326 3719 2389 3780 et
2425 3714 2670 3781 minus.

1113 3815 1296 3884 inter
1331 3815 1601 3906 plantas
1630 3838 1799 3908 ergo
1841 3825 1909 3886 et
1949 3820 2077 3886 ista
2133 3818 2296 3887 talia
2341 3826 2442 3887 est
2495 3842 2679 3911 qua·-

1110 3922 1267 3991 ‹lam
1308 3923 1379 3990 in
1404 3925 1733 4015 operibns
1771 3927 2352 3995 communicatio:
2384 3927 2675 4018 perfecta

1108 4031 1290 4097 enim
1322 4031 1643 4099 animalis
1667 4034 2002 4122 operatio.
2066 4039 2130 4101 et
2172 4054 2326 4125 qua·
2367 4040 2466 4100 est
2532 4035 2676 4122 ejus

1109 4136 1291 4227 quod
1360 4139 1650 4208 omnino
1688 4148 1796 4208 est
1853 4140 2135 4219 animal,
2199 4162 2336 4209 non
2399 4151 2672 4233 apparet

1107 4243 1238 4313 nisi
1273 4246 1344 4313 in
1374 4269 1459 4315 eo
1489 4246 1771 4315 animali
1805 4247 1992 4340 quod
2021 4256 2299 4341 generat
2331 4247 2459 4316 sibi
2490 4252 2678 4317 simi·

1115 4351 1175 4418 le
1212 4370 1335 4442 per
1398 4356 1658 4421 coitum
1701 4352 2003 4422 animal:
2067 4363 2135 4425 et
2174 4353 2347 4423 han«-
2424 4354 2669 4446 planta*

1105 4460 1487 4547 imitantur,
1524 4463 1642 4554 qui
1710 4479 1796 4531 ex
1852 4463 2232 4533 seminibus
2289 4465 2434 4532 sim·
2491 4466 2671 4532 coitu

1106 4582 1437 4659 ‘generant
1466 4569 1597 4640 sibi
1637 4569 1937 4641 similia:
1972 4579 2035 4640 et
2069 4572 2384 4664 quiedam
2416 4574 2674 4641 anima·

1068 4673 1199 4743 'lia
1239 4677 1635 4768 imperfecta
1686 4701 1827 4747 non
1906 4678 2157 4747 habeut
2203 4681 2669 4771 operationem

1103 4783 1234 4852 nisi
1266 4778 1457 4855 illam
1489 4802 1647 4879 quae
1683 4794 1785 4856 est
1818 4783 2100 4878 plantae,
2136 4788 2461 4858 radicitus
2489 4788 2672 4859 vide-

1106 4891 1256 4962 licet
1288 4894 1502 4984 pasci,
1546 4899 1614 4962 et
1644 4895 1791 4964 sine
1832 4899 2018 4966 coitu
2046 4896 2176 4967 sibi
2206 4896 2432 4968 simile
2463 4918 2676 4990 gene-

1108 5017 1292 5069 rare:
1338 5010 1404 5070 et
1460 5001 1615 5072 ideo
1683 4997 2017 5086 dicemus,
2072 5005 2255 5098 quod
2296 5006 2468 5076 tales
2508 5028 2675 5099 ope-

1110 5103 1409 5178 rationes
1456 5109 1782 5179 omnibus
1832 5112 2153 5182 animatis
2197 5119 2357 5182 sunt
2394 5117 2676 5182 univer-

1110 5216 1311 5285 sales.

4196 423 4326 491 367

3335 1564 3629 1633 CAPUT
3679 1567 3763 1634 ll.

2778 2291 2883 2356 De
2915 2290 3303 2381 diffie-mnia
3332 2295 3753 2362 meirnalimn
3790 2319 3995 2386 penes·
4024 2300 4338 2366 nean-rin-

2939 2422 3055 2465 πω·
3091 2422 3323 2467 eorum
3350 2402 3420 2466 in
3450 2422 3635 2492 aqua
3665 2403 3776 2469 rel
3804 2405 3874 2470 in
3898 2415 4105 2474 lema.

2870 3271 2986 3339 Est
3017 3278 3243 3341 autem
3273 3282 3520 3364 printer
3574 3273 3748 3342 lianc
3789 3295 3940 3365 quae
3989 3276 4168 3344 dicta
4208 3285 4337 3361 est,

2780 3381 3179 3449 animalium
3221 3381 3578 3449 diversitas
3618 3402 3634 3449 ε
3706 3384 4033 3474 quoniam
4084 3383 4343 3453 haben-

2781 3492 2952 3559 tium
2981 3512 3257 3558 sensum
3286 3490 3758 3580 perfectionum
3783 3502 3843 3559 et
3872 3494 4191 3561 coeuntia
4221 3492 4345 3562 dir·

2782 3600 3000 3666 ierunt
3035 3599 3327 3667 multum
3371 3599 3442 3666 in
3489 3612 3620 3666 usu
3663 3601 3886 3666 coitus
3925 3606 3993 3668 et
4047 3600 4348 3670 delecta-

2781 3708 3012 3785 tionis,
3055 3714 3119 3774 et
3156 3720 3280 3797 per
3312 3721 3743 3798 consequens
3771 3707 4208 3776 diversantur
4269 3710 4343 3777 ia

2782 3814 3229 3907 regiminibus
3258 3816 3417 3882 vita·
3486 3824 3549 3881 et
3608 3812 4127 3907 participatione
4156 3810 4346 3885 tilio-

2782 3941 2961 4007 rum‚
3002 3930 3066 3990 et
3100 3925 3471 3991 nutritione
3492 3946 3758 3990 eorum.
3793 3923 4124 4002 Quaedam
4156 3926 4343 3993 euim

2781 4028 3100 4098 animalia
3130 4031 3200 4098 in
3244 4038 3388 4097 toto
3419 4031 3624 4099 simul
3671 4030 4020 4121 complent
4050 4051 4350 4119 genera-

2780 4141 3036 4207 tionem
3066 4158 3287 4214 suam,
3333 4139 3426 4206 ita
3463 4138 3648 4229 quod
3681 4144 3912 4228 postea
3946 4136 4114 4205 nihii
4143 4139 4345 4206 solli—

2780 4248 3075 4315 citantur
3110 4247 3193 4313 ‹ie
3230 4254 3428 4337 partu
3469 4248 3644 4315 sicut
3683 4245 3954 4336 plante.
4010 4247 4339 4326 Quoedam

2781 4352 3271 4446 incompletum
3312 4353 3520 4421 edunt
3582 4360 3884 4445 partum,
3928 4362 3992 4420 et
4044 4354 4200 4424 ieleo
4256 4355 4344 4424 de

2777 4463 3178 4531 educatione
3243 4461 3542 4530 tiliorum
3605 4462 4063 4530 sollicitantur
4121 4462 4342 4532 «innoc

2777 4569 3273 4663 coinpleantur‚
3306 4577 3372 4637 et
3404 4576 3566 4638 tunc
3595 4569 3935 4639 dimittent
3966 4593 4111 4650 eos,
4144 4579 4211 4639 et
4241 4569 4343 4639 ul-

2774 4679 2987 4747 terius
3038 4677 3325 4747 omnino
3403 4698 3543 4745 noa
3601 4677 4125 4747 associabuntur
4178 4697 4338 4748 cum

2776 4788 2899 4854 eis.
2931 4785 3259 4865 Qua-«iani
3300 4794 3531 4854 autem
3579 4788 3757 4856 eirca
3794 4787 3974 4857 tilios
4022 4786 4339 4856 stabilio-

2779 4917 2885 4963 res
2915 4893 3163 4962 hala-nt
3206 4901 3578 4986 conceptus
3607 4902 3668 4964 et
3720 4896 4234 4975 aestimationes,
4270 4904 4337 4963 et

2779 5004 3030 5073 habent
3060 5018 3382 5095 magnam
3432 5011 3692 5095 partem
3721 5004 4076 5072 memoria·
4106 5009 4172 5071 et
4209 5000 4345 5070 ior·

2777 5120 2843 5183 te
2882 5112 3256 5205 prudentiae
3287 5111 3627 5179 tiliorum:
3673 5113 3736 5180 et
3769 5110 3884 5180 illa
3927 5113 4103 5180 circa
4159 5110 4343 5179 tilios

2778 5222 2984 5291 etiam
3012 5216 3470 5288 diversimode
3500 5218 3953 5288 sollicitantur
3980 5218 4236 5287 diutius
4273 5225 4342 5287 et

2779 5326 3061 5410 tardius,
3093 5334 3159 5396 et
3187 5326 3476 5419 provide
3505 5334 3572 5395 et
3602 5328 3833 5396 minus
3853 5324 4160 5419 provide.

2866 5438 3014 5505 Cibi
3054 5438 3261 5506 etiam
3307 5434 3710 5504 animalium
3751 5435 4187 5505 diversantur
4221 5455 4341 5503 se-

2780 5543 3079 5614 cundum
3120 5540 3439 5610 materias
3470 5564 3552 5608 cx
3593 5542 3843 5634 quibus
3887 5549 3987 5609 cst
4016 5539 4344 5610 snbstan-

2782 5652 2878 5721 tia
2899 5647 3205 5741 corporis
3233 5665 3520 5716 eorum:
3570 5652 3901 5741 quoniam
3948 5650 4342 5718 incremen-

2776 5768 2929 5827 tum
2986 5750 3299 5825 omnium
3355 5770 3497 5823 nou
3556 5765 3660 5826 est
3704 5756 3835 5827 uisi
3874 5780 3959 5827 ex
4003 5753 4158 5826 cibo
4195 5768 4340 5822 suo
