4919 6371
1968 320 2139 388 Lm.
2194 320 2292 387 111
2340 319 2461 387 DE
2507 317 3098 403 ANmALIBUS,
3150 320 3463 390 TRACT.
3517 321 3546 389 1
3638 286 3649 296 ’

1163 502 1490 574 rationes,
1553 514 1844 582 quarum
1890 493 2110 581 prima
2139 500 2241 558 est
2289 490 2435 557 haee
2481 512 2494 555 ε
2560 490 2718 577 quia

1162 629 1339 673 vena
1389 624 1538 693 quae
1583 608 1684 666 est
1741 600 1915 667 inter
1952 623 2069 668 cor
2116 608 2183 666 et
2247 598 2485 688 hepar,
2519 594 2715 663 oculo

1164 712 1436 779 videtur
1465 731 1612 776 esse
1669 730 1898 775 ramus
1947 729 2140 776 venae
2164 708 2310 794 jam
2369 705 2600 771 divisae
2648 702 2716 765 in

1170 818 1377 908 gibbo
1408 817 1674 908 hepatis
1710 839 1724 884 ε
1762 817 1986 884 omnis
2015 822 2242 881 autem
2283 831 2717 898 ramustnas-

1168 927 1342 992 citur
1380 923 1465 991 ab
1496 924 1630 991 alio
1664 923 1907 1009 maiori
1947 942 2017 987 se
2061 926 2125 985 et
2156 918 2364 1008 priori
2395 917 2588 1004 cujus
2619 921 2718 981 est

1163 1055 1416 1099 ramus.
1456 1030 1678 1118 Majus
1699 1036 1925 1095 autem
1959 1024 2125 1092 illud
2161 1032 2264 1093 est
2293 1024 2477 1114 quod
2508 1022 2720 1090 colle-

1163 1149 1346 1207 ctum
1379 1147 1478 1205 est
1509 1161 1591 1204 ex
1614 1136 1821 1203 ramis
1851 1131 2312 1200 dividentibus
2343 1134 2567 1221 ipsum
2603 1152 2618 1196 :
2655 1138 2720 1197 et

1163 1245 1296 1315 hoc
1337 1247 1539 1312 estin
1587 1241 1855 1331 hepate,
1903 1247 1968 1307 et
2004 1263 2143 1307 non
2196 1241 2263 1306 in
2295 1238 2495 1306 corde
2534 1261 2548 1305 :
2592 1238 2718 1328 igi-

1165 1362 1274 1419 tur
1313 1353 1523 1439 stipes
1557 1348 1738 1415 illius
1783 1350 1954 1414 rami
2012 1350 2214 1415 estin
2262 1344 2508 1434 hepate
2544 1366 2558 1409 ε
2595 1343 2719 1410 sub

1163 1460 1387 1548 stipite
1420 1464 1649 1524 autem
1691 1463 1849 1523 sunt
1905 1453 2166 1522 radices
2212 1476 2227 1521 ε
2273 1453 2484 1542 igitur
2529 1451 2720 1518 radix

1063 1644 1070 1651 ,
1163 1587 1496 1633 venarum
1528 1572 1630 1631 est
1662 1564 1729 1630 in
1760 1562 2006 1651 hepate
2051 1584 2065 1628 :
2103 1569 2165 1627 et
2198 1562 2296 1627 sic
2333 1582 2454 1650 per
2483 1581 2721 1626 conse·

1165 1696 1380 1766 quens
1410 1695 1606 1741 venae
1630 1673 1947 1740 oriuntur
1984 1693 2064 1736 ex
2105 1668 2371 1758 hepate.
2419 1667 2583 1735 Etsi
2626 1668 2722 1734 di—

1165 1790 1455 1858 ceretur,
1484 1780 1666 1870 quod
1693 1780 2034 1845 orirentur
2054 1801 2091 1844 a
2114 1776 2341 1854 corde,
2378 1783 2721 1866 oporteret

1164 1888 1420 1959 animal
1452 1898 1517 1956 et
1557 1887 1910 1954 hominem
1963 1907 2110 1953 esse
2158 1886 2227 1952 in
2277 1884 2722 1974 dispositione

1164 2020 1497 2066 venarum
1529 1995 1845 2063 arborem
1881 1997 2250 2069 inversam,
2284 1993 2479 2080 cujus
2516 1994 2722 2081 stipes

1162 2116 1228 2175 et
1268 2107 1458 2175 radix
1510 2128 1594 2174 ex
1655 2125 1846 2170 ramo
1905 2102 2251 2170 orirentur
2285 2124 2301 2168 :
2346 2109 2412 2168 et
2452 2100 2582 2168 hoc
2620 2108 2721 2168 est

1158 2215 1580 2284 eontrarium
1619 2211 1855 2278 virtuti
1902 2209 2297 2301 plantativae
2337 2209 2407 2276 in
2437 2217 2725 2300 vegeta-

1156 2320 1433 2396 bilibus,
1485 2322 1552 2387 in
1586 2340 1721 2408 qua
1755 2315 2076 2384 animalia
2098 2338 2254 2383 cum
2269 2314 2518 2406 plantis
2539 2336 2723 2381 com·

1151 2430 1542 2496 municant.

1241 2534 1348 2602 Ad
1378 2533 1525 2601 haec
1565 2540 1796 2600 autem
1829 2530 2008 2608 «lieo,
2061 2529 2245 2620 quod
2277 2531 2436 2621 quia
2477 2536 2723 2597 anato-

1151 2642 1287 2708 mia
1356 2640 1668 2731 sequitur
1744 2637 2188 2716 divisionem,
2247 2637 2400 2704 ideo
2486 2637 2722 2726 incipit

1153 2747 1239 2814 ab
1282 2746 1550 2836 hepate,
1598 2752 1665 2813 et
1695 2744 1894 2834 ponit
1933 2741 2146 2833 lit-par
2181 2743 2591 2832 principium
2623 2765 2724 2808 es-

1153 2877 1225 2923 se
1273 2852 1631 2921 divisionis
1689 2874 2025 2919 venarum
2075 2872 2089 2916 :
2154 2849 2273 2917 sed
2302 2857 2530 2917 tamen
2582 2870 2720 2915 non

1158 2971 1258 3029 est
1322 2962 1622 3052 primum
1676 2960 1742 3024 in
1803 2959 2065 3026 ratione
2164 2956 2475 3047 principii
2547 2978 2562 3022 :
2599 2978 2721 3024 nec

1156 3067 1472 3136 similiter
1514 3074 1826 3135 crescunt
1874 3088 2066 3134 venae
2107 3067 2176 3132 in
2217 3061 2627 3131 animalibus
2655 3072 2722 3130 et

1159 3176 1329 3243 rami
1393 3175 1461 3242 in
1511 3171 1784 3265 plantiS.
1840 3170 2050 3239 Venae
2089 3172 2272 3239 enim
2341 3170 2724 3239 extendun-

1157 3292 1269 3352 tur
1337 3292 1515 3352 recte
1591 3291 1657 3350 et
1714 3281 1963 3349 ressexe
2029 3289 2093 3348 et
2173 3287 2419 3371 gyrant
2486 3279 2554 3345 in
2599 3279 2725 3347 eir-

1161 3391 1401 3459 cuitu:
1454 3398 1521 3457 et
1568 3387 1700 3456 boc
1747 3409 1887 3455 non
1953 3388 2027 3454 tit
2075 3388 2145 3454 in
2204 3387 2412 3454 ramis
2452 3385 2725 3477 planta-

1157 3522 1338 3568 rum.
1382 3499 1469 3567 Et
1512 3497 1736 3566 adhue
1764 3496 1818 3563 si
1869 3496 2169 3576 daretur,
2203 3495 2389 3588 quod
2441 3503 2614 3563 esset
2637 3495 2720 3561 si·

1160 3606 1326 3675 mile
1365 3612 1789 3675 crementum
1828 3625 2160 3671 venarum
2209 3611 2275 3672 et
2307 3599 2719 3694 plantarum,

1155 3737 1294 3782 non
1322 3713 1581 3781 valeret
1608 3711 1793 3803 quod
1816 3711 1977 3780 dicit
2006 3735 2022 3779 ;
2063 3710 2226 3803 quia
2256 3734 2383 3779 nos
2411 3709 2724 3777 videmus

1157 3822 1227 3889 in
1260 3820 1514 3913 plantis
1557 3817 1996 3909 quibusdam,
2048 3817 2234 3909 quod
2285 3817 2726 3885 inveniuntur

1161 3927 1404 3995 ramuli
1435 3926 1633 3994 valde
1665 3926 1990 4003 tortuosi,
2032 3924 2207 3993 sicut
2256 3925 2324 3992 in
2366 3946 2724 3993 cucumere

1120 4043 1224 4114 ,et
1270 4036 1408 4103 vite
1463 4056 1479 4101 z
1549 4042 1621 4101 et
1676 4054 1907 4100 ramus
1964 4030 2332 4123 aliquando
2385 4031 2726 4099 invenitur

1151 4142 1458 4230 grossior
1533 4139 1755 4207 radice
1845 4142 1912 4207 in
1974 4136 2380 4229 quibusdam
2446 4137 2719 4229 plantis,

1158 4246 1433 4341 quando
1492 4245 1815 4316 videlicet
1876 4269 2033 4337 pars
2091 4246 2235 4335 agri
2295 4269 2449 4337 qua·
2509 4247 2724 4338 tangit

1161 4382 1460 4440 ramum,
1510 4356 1685 4424 sorte
1746 4354 2064 4422 subtilius
2101 4364 2166 4423 et
2213 4353 2477 4422 facilius
2518 4355 2728 4422 mini-

1161 4472 1329 4534 strat
1353 4465 1887 4544 nutrimentum,
1911 4469 1973 4529 et
2020 4459 2191 4529 forte
2234 4483 2467 4528 ramus
2504 4462 2724 4530 rario-

1164 4571 1254 4639 ris
1302 4570 1701 4638 substantiae
1743 4576 1845 4637 est
1903 4591 2111 4660 quam
2170 4568 2389 4647 radix,
2440 4577 2507 4637 et
2559 4575 2722 4639 tunc

1162 4678 1403 4747 crescit
1434 4700 1663 4745 ramus
1719 4675 1896 4745 ultra
1935 4675 2392 4768 quantitatem
2451 4675 2717 4744 radicis.

1171 4788 1314 4856 lloc
1356 4797 1586 4856 autem
1618 4787 1802 4879 quod
1842 4785 2261 4855 sensibiliter
2295 4786 2421 4856 fert
2458 4788 2725 4855 instan-

1167 4896 1329 4964 tiam
1372 4902 1612 4963 contra
1652 4893 1908 4962 dictum
1959 4892 2200 4962 Galeni
2240 4903 2368 4979 est,
2401 4895 2585 4987 quod
2612 4897 2724 4964 vi-

1167 5004 1411 5073 demus
1442 5003 1511 5070 in
1540 5025 1758 5092 grano
1788 5000 2053 5083 bordei,
2088 5001 2275 5093 quod
2304 5026 2462 5071 cum
2470 5003 2722 5092 jacitur

1176 5114 1244 5179 in
1284 5120 1561 5186 terram,
1613 5110 1861 5178 emittit
1894 5132 1933 5177 a
1979 5132 2052 5177 se
2080 5108 2445 5201 parvulum
2485 5134 2720 5178 ramu-

1169 5217 1338 5295 lum,
1393 5243 1430 5286 a
1482 5242 1620 5310 quo
1650 5218 1995 5307 spargitur
2024 5238 2236 5308 parva
2266 5217 2456 5286 radix
2488 5226 2551 5286 et
2580 5240 2722 5286 cre·

1171 5325 1302 5394 scit
1332 5347 1417 5392 ex
1456 5322 1589 5391 hoe
1618 5343 1838 5391 canna
1868 5323 2113 5393 calami
2145 5348 2397 5418 magna
2439 5336 2506 5395 et
2533 5327 2719 5418 spira

1161 5431 1380 5500 multo
1410 5430 1634 5520 major
1656 5452 1866 5522 quam
1898 5431 2115 5500 radix.
2142 5431 2300 5503 Non
2320 5441 2550 5502 autem
2569 5442 2719 5504 tan-

1160 5545 1307 5606 tum
1340 5538 1409 5605 in
1451 5534 1581 5605 boc
1607 5538 1795 5628 quod
1832 5560 2026 5607 venae
2063 5539 2381 5608 oriuntur
2406 5562 2447 5607 a
2485 5541 2714 5625 corde,

4258 329 4385 397 217

2834 488 2900 553 in
2925 487 3078 568 hoc,
3116 491 3302 579 quod
3325 493 3634 560 oriantur
3663 516 3702 560 a
3723 493 3957 561 dextro
3990 496 4208 562 cordis
4229 520 4391 564 ven-

2832 594 3100 661 triculo.
3148 596 3324 663 Nam
3357 599 3667 688 quaedam
3713 603 4058 683 animalia,
4093 612 4168 671 ut
4196 603 4382 683 (licit,

2832 722 2972 767 non
3010 699 3267 770 habent
3313 704 3816 774 distinctionem
3869 710 3937 775 in
3978 711 4201 780 corde.
4251 710 4388 780 Sed

2831 806 2963 875 hoc
2990 809 3313 878 frivolum
3346 820 3447 879 est
3482 838 3498 881 ε
3534 815 3695 897 quia
3726 817 4121 886 Aristoteles
4164 821 4391 888 inten-

2832 917 2930 984 dit
2976 918 3161 1008 quod
3218 941 3258 985 a
3302 920 3507 989 eorde
3557 923 3891 1003 oriuntur,
3946 932 4011 992 et
4067 950 4107 994 a
4146 927 4380 997 dextro

2832 1026 3171 1108 oriuntur,
3236 1033 3552 1118 quamvis
3620 1031 3961 1102 distinctio
4016 1034 4378 1126 aliquando

2832 1156 2971 1200 non
3001 1144 3349 1224 appareat.
3418 1138 3536 1205 Est
3597 1142 3780 1206 enim
3832 1144 3900 1207 in
3972 1165 4194 1209 rerum
4261 1166 4389 1211 na-

2832 1251 2980 1310 tura
3011 1244 3281 1332 saepiuS,
3314 1247 3499 1335 quod
3539 1256 3815 1338 propter
3852 1252 4253 1340 parvitatem
4278 1252 4380 1319 ef-

2830 1350 3004 1440 fugit
3043 1374 3348 1423 sensum.

2922 1457 3308 1528 Redeamus
3338 1472 3570 1530 autem
3617 1463 3703 1530 ad
3739 1464 4213 1554 probationem
4245 1490 4380 1559 qua

2833 1564 3047 1629 utitur
3094 1558 3569 1647 Aristoteles,‘
3604 1568 4133 1639 demonstrando
4199 1572 4381 1663 quod

2832 1670 3110 1759 sanguis
3167 1682 3535 1762 generatur
3581 1676 3650 1741 in
3696 1676 3948 1744 eorde:
4002 1675 4150 1745 haec
4205 1679 4387 1745 enim

2832 1786 2933 1843 est
2980 1778 3251 1868 triplex.
3320 1780 3469 1848 Una
3520 1782 3793 1872 quidem
3842 1791 3945 1851 est
3987 1806 4002 1849 :
4059 1786 4383 1874 quoniam

2832 1885 2945 1952 ubi
2987 1895 3089 1954 est
3109 1888 3326 1955 virtus
3355 1888 3617 1968 cibalis,
3656 1888 3745 1958 ibi
3781 1900 3882 1959 est
3909 1893 4258 1983 generatio
4289 1894 4391 1961 ci-

2832 1994 2897 2060 bi
2930 1994 3339 2062 universalis
3371 1996 3839 2064 membrorum
3875 2021 3890 2065 :
3926 1999 3996 2066 in
4027 2000 4227 2067 eorde
4255 2023 4382 2068 au-

2831 2111 2965 2170 tem
3000 2112 3101 2170 est
3140 2104 3359 2171 virtus
3394 2104 3658 2183 cibalis,
3717 2115 3792 2174 ut
3837 2106 4001 2175 dicit
4037 2108 4378 2178 Aristote-

2830 2210 2952 2289 leS,
2988 2220 3055 2278 et
3101 2234 3186 2280 ex
3236 2213 3772 2302 praecedentibus
3811 2224 3911 2283 est
3961 2217 4322 2307 probatum
4360 2240 4376 2285 :

2831 2320 3039 2410 igitur
3069 2319 3321 2388 ibidem
3353 2330 3455 2390 est
3491 2325 3840 2413 generatio
3870 2326 4222 2415 sauguinis
4263 2328 4379 2417 qui

2829 2436 2931 2496 est
2986 2428 3396 2497 universalis
3451 2429 3644 2499 cibus
3700 2432 4192 2500 membrorum.
4252 2433 4385 2502 Se-

2829 2534 3048 2603 cunda
3079 2543 3309 2603 autem
3341 2545 3444 2604 est
3480 2536 3625 2606 haec
3657 2560 3674 2605 :
3712 2541 4037 2629 quoniam
4069 2541 4250 2631 quod
4288 2550 4391 2609 est

2829 2642 3241 2733 principium
3272 2666 3491 2725 venoe,
3526 2654 3628 2714 est
3664 2647 4072 2738 principium
4108 2651 4379 2739 sangui-

2829 2752 2983 2817 nis:
3065 2752 3183 2818 sed
3240 2775 3359 2820 cor
3416 2763 3517 2822 est
3572 2756 3978 2847 principium
4036 2779 4256 2842 vente,
4308 2766 4383 2826 ut

2827 2867 3094 2927 constat
3162 2882 3246 2927 ex
3277 2860 3691 2952 praehabitis.
3764 2864 4062 2932 Galenus
4100 2888 4383 2934 conces-

2828 2969 2914 3034 sit
2975 2967 3253 3058 quidem
3329 2970 3623 3060 primam
3683 2973 4217 3062 propositionem
4258 2975 4391 3065 pri-

2830 3099 2958 3145 mae
3023 3077 3487 3168 probationis,
3556 3089 3621 3149 et
3695 3082 4008 3150 similiter
4078 3084 4389 3153 concedit

2830 3184 3163 3276 majorem
3233 3185 3512 3254 secundi
3570 3189 3976 3280 syllogismi,
4046 3198 4112 3259 et
4177 3199 4384 3283 negat

2829 3312 3070 3358 omnes
3127 3290 3321 3359 alias.
3394 3291 3532 3361 Sed
3584 3316 3667 3362 ex
3724 3296 3924 3363 tertia
3980 3295 4384 3387 probatione

2827 3400 3285 3479 convincitur,
3318 3422 3471 3492 quae
3488 3400 3643 3469 talis
3669 3410 3771 3471 est
3804 3425 3820 3471 ε
3854 3405 4179 3495 quoniam
4202 3407 4386 3498 quod

2830 3514 2931 3574 est
2967 3508 3383 3601 principium
3422 3531 3780 3586 venarum,
3825 3534 3963 3580 non
4012 3512 4211 3582 debet
4252 3536 4387 3581 nu-

2831 3617 2975 3683 triri
3007 3638 3093 3683 ex
3125 3617 3319 3683 venis
3365 3639 3519 3708 qum
3566 3626 3724 3686 sunt
3772 3618 3842 3686 in
3882 3619 4056 3711 ipso,
4107 3621 4223 3688 sed
4254 3644 4389 3712 po-

2829 3723 2963 3791 tius
2991 3723 3397 3813 sanguinem
3449 3722 3625 3793 infra
3672 3725 4090 3817 receptacula
4125 3749 4251 3794 sua
4279 3727 4388 3795 di-

2830 3839 3100 3921 gestum
3162 3832 3355 3898 venis
3421 3830 3917 3922 deportandum
3972 3834 4383 3902 ministrare.

2831 3938 3003 4003 Cum
3035 3958 3203 4027 ergo
3234 3958 3373 4004 non
3404 3937 3492 4004 sit
3517 3938 3655 4006 tale
3685 3935 3918 4030 hepar,
3951 3939 4066 4007 sed
4097 3962 4237 4018 cor,
4278 3963 4389 4008 so-

2828 4041 2973 4110 lum
3014 4043 3141 4111 erit
3174 4067 3294 4110 cor
3329 4045 3741 4136 principium
3770 4068 4100 4115 venarum
4130 4055 4198 4116 et
4233 4070 4388 4116 san·

2830 4153 3085 4243 guinis.

2919 4257 3221 4328 Galenus
3278 4269 3505 4329 autem
3557 4285 3595 4330 e
3634 4272 3867 4331 contra
3936 4263 4137 4331 instat
4189 4274 4255 4332 et
4283 4266 4405 4359 ‚si--

2826 4366 2982 4455 gnis
3019 4365 3291 4458 probat,
3336 4366 3522 4459 quod
3564 4371 3845 4460 sanguis
3901 4380 4266 4460 generetur
4312 4374 4382 4439 in

2829 4470 3074 4563 hepate
3100 4475 3468 4564 :quoniam
3499 4497 3663 4543 vasa
3690 4475 4010 4567 deputata
4032 4479 4387 4569 superflui·

2828 4579 3084 4647 tatibus
3123 4581 3481 4671 sanguinis
3517 4590 3674 4650 sunt
3707 4583 3776 4651 in
3795 4583 4080 4652 circuitu
4120 4582 4385 4677 hepatis

2827 4694 2888 4754 et
2924 4709 3062 4753 non
3107 4687 3360 4769 cordis,
3403 4689 3577 4757 sicut
3626 4689 3925 4760 diximus
3970 4691 4039 4758 in
4086 4693 4382 4784 capitulo

2830 4814 3018 4861 nono
3038 4791 3125 4862 «le
3154 4796 3544 4864 rationibus
3586 4797 3858 4867 Galem‘.

2911 5003 3158 5075 Adbuc
3187 5017 3417 5076 autem
3447 5008 3635 5089 dicit,
3660 5010 3845 5101 quod
3876 5010 4139 5080 nullum
4170 5034 4384 5081 mem·

2825 5112 3022 5180 brnm
3059 5115 3408 5184 invenitur
3434 5117 3678 5186 nutriri
3702 5141 3786 5185 ex
3824 5108 4156 5211 sangui’ne
4192 5119 4383 5190 dela-

2824 5228 2895 5285 to
2935 5243 2973 5287 a
3012 5223 3243 5301 eorde,
3278 5224 3408 5291 nisi
3450 5222 3638 5291 solus
3677 5223 3938 5315 pulmo,
3985 5227 4104 5294 sed
4150 5229 4382 5297 omnia

2826 5329 3276 5398 inveniuntur
3326 5332 3571 5399 nutriri
3638 5334 3969 5423 sanguine
4025 5336 4246 5406 delato
4293 5339 4380 5406 ab

2824 5433 3119 5525 hepate:
3162 5432 3295 5505 hoc
3351 5442 3583 5504 autem
3633 5445 3736 5506 eat
3771 5440 4182 5532 principium
4218 5464 4385 5511 san-

2826 5542 3083 5633 guinis,
3127 5566 3169 5611 a
3198 5564 3338 5634 quo
3366 5543 3651 5635 sanguis
3700 5538 4174 5618 universaliter
4198 5549 4384 5618 deri-

1162 5641 1563 5711 contradicit
1593 5641 1893 5712 Galenus
1926 5644 2338 5724 Aristotelis,
2371 5646 2491 5714 aed
2510 5648 2714 5716 etiam
2821 5657 3025 5718 vatur
3050 5650 3140 5718 ad
3169 5651 3669 5721 nutrimentum
3698 5653 4193 5725 membrorum.
4219 5655 4383 5728 Haec
