4919 6371
1900 361 2069 434 LIB.
2120 360 2280 429 VIlI
2326 358 2444 426 DE
2490 356 3076 437 ANIMALIBUS,
3125 361 3436 434 TRACT.
3489 365 3585 432 VI

1092 529 1221 600 bus
1288 556 1411 623 per
1472 555 1597 600 nos
1662 533 1734 598 in
1784 537 1926 598 arte
1984 532 2089 596 vel
2154 527 2481 608 moribus,
2539 524 2648 593 vel

1093 643 1298 708 etiam
1341 642 1425 709 de
1465 637 1975 707 conserentibus
2005 638 2089 704 ad
2128 660 2271 705 esse
2323 633 2645 703 naturalis

1090 751 1715 817 conservationem.
1792 745 2183 814 Secundum
2253 754 2478 813 autem
2546 750 2646 812 est

1093 858 1335 947 organi
1387 857 1683 936 bonitaS‚
1740 857 1808 923 in
1849 879 1986 948 quo
2025 855 2192 925 tales
2238 856 2643 924 intentiones

1092 965 1473 1033 formarum
1532 966 1995 1058 depinguntur
2038 991 2055 1035 ε
2107 965 2249 1034 baec
2296 967 2480 1033 enim
2521 984 2645 1030 sua

1094 1072 1431 1161 opacitate
1463 1081 1582 1141 aut
1609 1073 1978 1166 frigiditate
2008 1083 2125 1142 aut
2160 1071 2490 1139 caliditate
2530 1081 2645 1134 aut

1093 1179 1500 1250 humiditate
1533 1190 1652 1251 aut
1681 1182 1889 1251 etiarn
1920 1182 2132 1250 nimia
2173 1181 2494 1256 siccitate,
2529 1182 2642 1242 aut

1090 1288 1489 1359 obscuraret
1534 1297 1653 1358 aut
1708 1287 2136 1359 contraheret
2194 1295 2311 1354 aut
2355 1284 2642 1353 commi-

1088 1404 1307 1466 sceret
1335 1396 1471 1465 alia
1498 1397 1571 1464 in
1618 1397 1801 1488 ipsas
1838 1395 2246 1464 intentiones
2286 1391 2634 1467 elevand0,

1092 1512 1211 1571 aut
1268 1503 1478 1573 etiam
1528 1503 1995 1594 superfluitate
2045 1525 2167 1572 sua
2212 1499 2632 1576 distraheret,

1089 1617 1209 1676 aut
1237 1610 1487 1678 duritia
1517 1610 2033 1680 immobilitaret
2066 1610 2471 1678 intentiones
2508 1606 2643 1675 for·

1089 1739 1386 1785 marum.
1448 1718 1756 1788 Tertium
1798 1727 2025 1788 autem
2084 1717 2267 1810 quod
2321 1718 2642 1808 supposi-

1086 1836 1236 1894 tum
1269 1810 1545 1907 est,'est
1593 1826 1774 1897 bona
1823 1835 1890 1896 et
1928 1828 2192 1919 optima
2236 1825 2637 1916 compositio

1086 1943 1153 2003 et
1184 1936 1431 2005 divisio
1462 1936 1844 2005 formarum
1881 1960 1921 2005 a
1951 1959 2085 2028 qua
2117 1938 2276 2027 ipsae
2314 1933 2642 2002 intentio-

1091 2064 1212 2111 nes
1243 2042 1634 2124 eliciuntur,
1669 2052 1785 2112 aut
1814 2043 1897 2112 de
1929 2043 2107 2112 mala
2138 2053 2201 2112 et
2233 2044 2434 2112 etiam
2474 2039 2640 2108 falsa

1090 2157 1210 2218 aut
1256 2154 1467 2220 etiam
1505 2150 1802 2220 absurda
1847 2153 2339 2244 compositione
2382 2148 2493 2219 vel
2529 2148 2642 2217 di·-

1089 2256 1356 2326 visione
1396 2280 1538 2326 non
1584 2259 2072 2327 convenientes
2125 2257 2486 2326 eliciuntur
2531 2256 2642 2322 in-

1086 2365 1458 2433 tentiones.
1558 2351 1563 2354 ⁷

1175 2468 1381 2540 Omni
1416 2481 1651 2541 autem
1692 2471 1938 2541 eodem
1984 2472 2187 2541 modo
2226 2472 2311 2541 ad
2362 2471 2636 2539 bonita-

1084 2587 1225 2646 tem
1257 2579 1629 2671 quamdam
1661 2590 1729 2650 et
1758 2580 2182 2650 nobilitatem
2230 2579 2426 2648 bonis
2465 2602 2635 2649 con-

1089 2685 1466 2754 ditionibus
1496 2686 1837 2755 adunatur
1860 2689 2192 2757 memoria
2224 2710 2238 2753 :
2275 2686 2417 2755 hoec
2455 2688 2635 2755 enim

1089 2794 1268 2862 sicco
1301 2797 1715 2886 competenti
1757 2804 1939 2864 tenet
1970 2804 2036 2863 et
2065 2794 2287 2863 lucido
2325 2796 2636 2885 spiritum

1091 2899 1263 2969 bene
1311 2901 1577 2993 digesto
1617 2910 1684 2970 et
1724 2901 1956 2970 subtili
1999 2924 2081 2970 ea
2118 2924 2265 2993 quae
2314 2909 2634 2984 reservat,

1089 3009 1297 3075 etiam
1338 3007 1638 3077 ostendit
1696 3030 1711 3075 ε
1756 3017 1825 3077 et
1861 3009 2214 3077 contrariis
2259 3007 2531 3088 horum,
2573 3017 2638 3077 et

1090 3115 1389 3182 maxime
1420 3114 1666 3208 frigido
1701 3122 1770 3185 et
1815 3114 2100 3185 humido
2144 3114 2530 3196 destruitur,
2572 3124 2638 3184 et

1088 3223 1284 3313 quasi
1337 3223 1785 3305 annihilatur,
1857 3224 2020 3318 quia
2083 3224 2402 3315 trigidum
2463 3247 2636 3293 con-

1084 3332 1362 3422 stringit
1440 3354 1690 3423 porum
1776 3332 2079 3423 spiritus,
2129 3341 2195 3401 et
2274 3328 2633 3400 humidum

1081 3434 1624 3530 phlegmaticum
1677 3437 1866 3532 quod
1935 3460 2075 3508 non
2136 3447 2240 3508 est
2294 3439 2624 3519 nutriens,

1080 3544 1202 3613 sed
1238 3546 1665 3616 extrinsecus
1688 3547 2008 3640 operiens
2043 3544 2378 3627 membra,
2424 3543 2636 3616 oblit-

1082 3657 1260 3721 terat
1293 3652 1555 3724 formas
1614 3660 1689 3724 ‘et
1751 3653 1957 3732 delet,
2010 3654 2072 3722 si
2110 3675 2261 3745 qun
2304 3664 2463 3724 sunt
2498 3655 2635 3724 im-

1084 3782 1339 3851 pressae
1399 3783 1417 3830 ε
1481 3769 1763 3853 propter
1798 3761 1982 3853 quod
2028 3783 2223 3831 senes
2273 3784 2512 3831 omnes
2566 3773 2633 3833 et

1082 3866 1538 3959 plegmaticos
1577 3868 1778 3938 malai
1823 3868 2135 3938 videmus
2181 3892 2328 3940 esse
2365 3892 2634 3939 memo-

1084 3975 1227 4045 riae.
1260 3976 1677 4069 Ilaec-igitur
1716 3986 1882 4049 sunt
1918 4001 2070 4071 quae
2110 3978 2182 4047 in
2223 3977 2631 4049 animalibus

1080 4081 1392 4154 diversos
1426 4084 1685 4177 gradus
1718 4107 1807 4155 ex
1853 4095 2044 4179 parte
2107 4084 2445 4156 sensibilis
2490 4087 2633 4155 aui·

1079 4213 1213 4258 mre
1250 4191 1510 4262 faciunt
1549 4191 2112 4285 apprehensionis
2139 4192 2623 4265 diversitatem.

1165 4298 1416 4371 Adhuc
1442 4310 1676 4372 autem
1703 4310 1809 4373 est
1835 4325 2053 4372 unum
2090 4302 2272 4395 quod
2310 4302 2629 4372 omnibus

1075 4406 1420 4497 proedictis
1465 4408 1623 4501 plus
1657 4418 1764 4480 est
1815 4409 2328 4494 attendendum,
2376 4419 2443 4479 et
2497 4409 2630 4480 boc

1078 4525 1183 4585 est
1210 4516 1506 4609 qualitas
1536 4515 2066 4610 complexionis,
2099 4527 2167 4588 et
2195 4541 2497 4589 recessus
2539 4518 2625 4588 ab

1077 4624 1482 4695 excellentia
1563 4627 2092 4713 contrariorum,
2166 4650 2320 4720 qum
2378 4638 2481 4698 est
2556 4629 2627 4695 in

1078 4730 1820 4821 complexionantibus,
1872 4739 1943 4803 et
1990 4756 2298 4804 accessus
2343 4731 2429 4802 ad
2474 4731 2623 4803 coeli

1076 4836 1544 4930 {equalitatem
1583 4862 1603 4909 :
1647 4840 1979 4934 quoniam
2023 4840 2181 4912 licet
2231 4843 2461 4913 anima
2503 4863 2629 4911 nec

1076 4945 1166 5014 sit
1201 4943 1567 5015 harmonia
1624 4948 2351 5042 complexionantium,
2408 4971 2625 5041 neque

1015 5103 1023 5111 -
1073 5053 1303 5147 aliqua
1332 5056 1556 5125 torma
1583 5057 1959 5149 corporalis
1987 5057 2411 5129 harmoniam
2456 5079 2629 5126 con·-

1071 5185 1368 5254 sequens
1408 5171 1697 5235 :tamen
1744 5166 1907 5257 quia
1942 5164 2265 5257 perfectio
2310 5175 2412 5235 est
2464 5187 2624 5235 cor-

1069 5269 1284 5360 poris.
1334 5279 1407 5342 et
1447 5269 1659 5342 habet
1712 5274 2090 5365 potentiam
2141 5275 2303 5344 vito
2341 5273 2627 5367 organi-

1072 5398 1254 5457 cam,
1286 5375 1585 5448 multum
1631 5386 2043 5471 cooperatur
2073 5378 2393 5449 nobilitas
2427 5402 2627 5449 com-

1072 5479 1418 5573 plexionis
1445 5483 1804 5554 nobilibus
1830 5483 2339 5576 operationibus
2376 5484 2617 5578 ipsius.

1076 5589 1200 5660 Est
1236 5598 1468 5661 autem
1504 5590 1825 5683 quaedam
1854 5590 2280 5662 nobilissima
2319 5594 2624 5684 operatio

1077 5700 1296 5794 ipsius
1319 5722 1481 5793 quae
1504 5719 1919 5790 cognoscere
1946 5708 2014 5771 et
2032 5701 2338 5793 judicare
2363 5701 2448 5770 de
2471 5722 2627 5770 sen-

4174 369 4300 440 491

2749 525 3058 594 sibilibus
3114 533 3431 621 acceptiS,
3492 542 3560 601 et
3635 533 3750 600 illa
3807 537 4187 627 simplicior
4243 547 4314 606 et

2747 633 3098 703 formalior
3147 639 3352 704 estin
3410 640 3735 708 nobiliori
3788 643 4299 733 complexione,

2747 751 2815 810 et
2844 743 3214 834 ignobilior
3240 756 3308 813 et
3346 747 3824 837 particularior
3869 760 3936 818 et
3976 757 4306 820 materia-

2744 848 2877 918 lior
2906 852 2973 918 in
3005 875 3086 920 ea
3114 875 3266 945 quae
3297 862 3396 922 est
3428 857 3658 922 minus
3685 857 3935 926 nobilis
3971 882 3988 925 :
4023 869 4306 951 propter

2747 955 2932 1045 quod
2969 961 3325 1050 contingit,
3371 963 3555 1051 quod
3603 962 3847 1054 frigida
3885 964 4307 1058 phlegmati-

2745 1086 2825 1132 ca
2859 1067 3035 1135 sicut
3061 1071 3398 1159 aquatica,
3433 1073 3661 1140 minus
3703 1066 3956 1142 habent
3986 1076 4069 1143 de
4100 1075 4308 1144 nobi-

2747 1170 3031 1241 lioribus
3075 1175 3588 1264 operationibus
3648 1201 3663 1245 :
3708 1178 4003 1249 leviores
4070 1190 4303 1251 autem

2745 1277 3070 1347 humores
3098 1278 3422 1350 habentia
3452 1292 3517 1351 et
3556 1285 3777 1376 magis
3822 1310 4089 1367 aereoS,
4131 1289 4309 1357 sicut

2745 1409 2933 1465 aves,
2966 1385 3219 1455 habent
3247 1389 3399 1480 plus
3428 1391 3513 1459 de
3550 1393 4008 1464 nobilioribus
4038 1397 4309 1465 virtuti-

2744 1492 2874 1563 bus
2911 1504 2976 1564 et
3005 1500 3542 1587 operationibus
3989 1523 3993 1528 ’
4111 1553 4115 1558 -
4309 1510 4314 1519 ’

2836 1603 3228 1675 Secundum
3262 1609 3469 1698 igitur
3496 1610 3676 1680 dicta
3713 1613 3910 1682 facile
3939 1623 4044 1683 est
4070 1613 4155 1682 de
4194 1638 4309 1683 su·

2742 1733 2863 1801 pra
2891 1711 3186 1780 inductis
3214 1714 3670 1787 determinare
3704 1741 3721 1786 ε
3757 1722 4090 1811 quoniam
4121 1745 4303 1813 quae·

2742 1841 3034 1911 cumque
3070 1822 3397 1892 animalia
3434 1836 3594 1894 sunt
3631 1829 4091 1918 perfectorum
4143 1852 4308 1900 sen-

2742 1949 2970 2007 suum,
3004 1926 3258 1998 habent
3293 1932 3502 2000 etiam
3531 1946 4035 2027 consequenter
4082 1941 4314 2008 sensi-·

2744 2033 2985 2110 bilium
3025 2034 3328 2128 aliquam
3380 2042 3953 2132 compositionem
4001 2051 4071 2112 et
4110 2044 4315 2134 judi-

2741 2142 2947 2210 cium.
3001 2142 3468 2238 Quaecumque
3508 2157 3739 2217 autom
3796 2149 4056 2220 habent
4095 2152 4310 2222 audi-

2743 2257 2888 2319 tum
2936 2252 3311 2322 secundum
3364 2258 3550 2348 quod
3604 2281 3811 2328 voces
3875 2270 4040 2330 sunt
4102 2263 4304 2353 signa

2742 2381 2998 2444 rerum,
3047 2369 3117 2429 et
3177 2383 3336 2430 cum
3385 2359 3518 2433 hoc
3569 2366 3982 2435 memoriam
4046 2367 4297 2436 talium

2741 2470 3098 2560 signorum
3128 2477 3195 2538 et
3226 2471 3706 2559 intentionem,
3757 2473 3909 2545 baec
3962 2478 4306 2569 recipiunt

2741 2575 3168 2667 disciplinam
3200 2576 3283 2645 de
3309 2579 3523 2670 signis
3563 2589 3633 2649 et
3662 2580 3889 2650 rebus.

2830 2679 2932 2750 Ex
2989 2680 3095 2751 his
3168 2685 3376 2753 etiam
3442 2695 3651 2777 patet,
3722 2688 3909 2780 quod
3974 2690 4303 2759 animalia

2743 2791 3051 2881 quaedam
3095 2791 3252 2862 licet
3298 2818 3662 2864 numerum
3711 2820 4039 2867 sensuum
4079 2800 4301 2890 parti-

2739 2901 2964 2990 cipent
3020 2901 3397 2992 aequaliter,
3458 2913 3525 2972 et
3572 2905 3889 2975 similiter
3920 2909 4102 2976 vires
4147 2931 4306 2976 me-

2740 3006 2885 3074 dias
2932 3008 3286 3077 sensibiles
3325 3019 3391 3078 et
3439 3018 3807 3095 extremas,
3868 3036 4012 3082 non
4068 3022 4305 3085 tamen

2734 3114 2978 3206 (equali
3010 3117 3213 3185 modo
3244 3120 3674 3211 participant.
3724 3121 3820 3191 De
3867 3120 4294 3215 speculatio-

2736 3246 2820 3292 ne
2858 3233 3088 3293 autem
3154 3235 3221 3293 et
3283 3228 3721 3316 speculativis
3787 3230 4077 3299 omnino
4120 3229 4291 3300 nihil

2733 3331 3161 3423 participant,
3213 3355 3297 3402 eo
3363 3335 3550 3427 quod
3610 3336 3723 3404 illa
3781 3336 3857 3405 nt
3911 3337 4292 3408 secundum

2734 3437 3205 3508 omnimodam
3236 3441 3726 3512 universalium
3774 3466 3816 3512 a
3853 3444 4298 3514 sensibilibus

2733 3545 3258 3616 abstractionem
3303 3570 3319 3616 ε
3356 3555 3424 3618 et
3458 3546 3608 3618 haec
3645 3550 4013 3620 abstractio
4046 3574 4188 3622 non
4220 3552 4297 3620 fit

2733 3652 2879 3723 sine
2918 3654 3180 3723 ratione
3210 3663 3277 3723 et
3305 3655 3678 3725 intellectu.
3713 3655 4154 3729 Conferentia
4180 3682 4302 3729 au-

2733 3768 2870 3831 tem
2903 3762 3076 3832 tiunt
3102 3761 3483 3832 secundum
3512 3766 4102 3857 comparationem
4158 3767 4300 3836 t'or·

2735 3892 2864 3937 111oe
2893 3869 2981 3939 ad
3010 3892 3153 3937 rem
3194 3870 3702 3960 particularem,
3742 3880 3811 3941 et
3839 3870 4023 3942 banc
4048 3872 4300 3943 melius

2732 3986 3019 4070 possunt
3055 3978 3485 4069 participare.
3517 3977 3776 4048 Tamen
3808 4002 3892 4049 ea
3930 4002 4084 4072 quae
4130 3990 4293 4049 sunt

2732 4084 3148 4156 conferentia
3270 4084 3633 4178 dupliciter
3740 4087 4290 4158 considerantur.

2733 4190 2887 4260 Uno
2926 4191 3203 4283 quidem
3244 4192 3451 4263 modo
3479 4202 3685 4286 prout
3714 4201 3971 4264 exeunt
3998 4216 4040 4263 a
4079 4217 4292 4287 regu-

2731 4296 2815 4367 lis
2858 4306 2925 4366 et
2971 4299 3320 4391 principiis
3357 4302 3529 4390 juris
3568 4300 4074 4371 universalibus
4137 4324 4156 4372 ε
4225 4311 4299 4373 et

2730 4403 2863 4473 boc
2911 4404 3117 4475 modo
3174 4428 3312 4474 non
3390 4407 3891 4498 participantur
3944 4430 3988 4476 a
4042 4407 4291 4478 brutis.

2730 4512 2888 4582 Alio
2929 4512 3138 4583 modo
3166 4520 3371 4604 prout
3396 4523 3569 4608 ’sunt
3597 4515 3668 4584 in
3714 4515 3883 4608 ipsis
3918 4515 4299 4608 particula-

2729 4618 2919 4688 ribus
2954 4616 3524 4690 convenientibus
3559 4642 3577 4690 ε
3618 4628 3688 4690 et
3730 4618 3867 4690 boc
3902 4621 4117 4691 modo
4155 4644 4298 4692 non

2729 4734 3240 4819 cognoscuntur
3265 4726 3394 4795 nisi
3434 4749 3557 4818 per
3586 4735 3848 4797 naturae
3881 4730 4306 4799 convenien-

2729 4833 2918 4902 tiam.
2973 4831 3473 4904 Convenientia
3518 4834 3706 4903 enim
3753 4842 4016 4905 natum
4046 4843 4118 4905 et
4164 4835 4300 4905 sibi

2728 4942 3205 5012 convenientia
3263 4950 3691 5035 cognoscunt
3755 4942 4001 5012 omnia
4030 4944 4305 5014 anima·-

2727 5048 2818 5117 lia
2874 5072 2891 5118 ε
2943 5059 3007 5119 et
3065 5049 3199 5121 hoc
3234 5051 3443 5121 modo
3495 5049 3900 5141 judicantur
3962 5074 4004 5121 a
4041 5050 4286 5136 brutis,

2715 5158 2979 5251 judicio
3046 5170 3275 5230 tamen
3342 5159 3706 5240 ditl'erenti,
3787 5162 3968 5231 sicut
4033 5161 4294 5234 dictum

2727 5275 2850 5339 est.

2815 5374 2958 5446 Nec
3021 5373 3383 5446 attendunt
3445 5374 4019 5447 communitatem
4085 5384 4294 5468 prout

2726 5490 2828 5551 est
2854 5479 3315 5551 communitas
3344 5479 3415 5545 in
3444 5498 3517 5545 se
3556 5486 3859 5570 accepta,
3900 5480 4021 5551 sed
4056 5482 4291 5574 potius

2723 5595 2929 5681 prout
2965 5595 3070 5659 est
3105 5585 3484 5658 similitudo
3523 5584 3845 5678 quaedam
3893 5594 4172 5680 accepta
4217 5589 4291 5657 in

2727 5696 3041 5792 siugulis,
3081 5705 3151 5767 et
3186 5697 3284 5768 sic
3311 5694 3706 5767 custodiunt
3751 5719 3905 5768 eam
3945 5704 4015 5768 et
4050 5694 4293 5768 defen·-
4327 5700 4328 5703 ’
