4919 6371
1996 441 2159 506 Lm.
2214 439 2275 503 V
2329 439 2442 504 DE
2492 436 3078 519 ANJMMABUS,
3131 443 3442 513 TRACT.
3498 445 3526 510 1

1141 620 1417 700 propter
1447 610 1740 676 calorem
1785 609 1896 698 qui
1951 618 2049 674 est
2099 609 2165 672 iu
2202 609 2295 672 cis
2328 607 2683 692 maiorem,

1140 725 1207 783 et
1264 717 1559 782 maxime
1599 738 1967 804 parvorum
2018 715 2328 805 piscium,
2392 717 2509 806 qui
2547 740 2689 783 era-

1134 847 1326 890 sceon
1370 823 1705 899 dicuntur,
1752 832 1818 890 et
1857 821 1985 890 hoc
2039 848 2254 914 genus
2284 826 2486 916 piscis
2527 834 2687 892 ovat

1135 952 1338 1018 super
1358 929 1642 997 fundum
1678 931 1745 995 in
1813 937 1986 999 terra
2028 933 2202 1000 iuter
2241 932 2486 1001 herbas
2525 956 2687 1022 gra-

1133 1037 1292 1104 ciles
1331 1037 1581 1104 virides
1612 1041 1977 1129 aquaticas.
2026 1041 2235 1108 Piscis
2274 1048 2505 1108 autem
2566 1041 2678 1129 qui

1132 1147 1364 1214 Graece
1421 1157 1708 1216 vocatur
1741 1150 2181 1225 salamorem,
2226 1156 2387 1216 ovat
2427 1150 2496 1214 in
2529 1147 2680 1213 loco

1130 1255 1339 1321 maris
1372 1257 1486 1345 qui
1529 1256 1774 1324 dicitur
1800 1258 2091 1351 Luc-hor,
2137 1263 2202 1323 et
2249 1257 2316 1320 in
2358 1253 2495 1321 alio
2535 1276 2675 1320 non

1127 1362 1271 1430 vult
1312 1387 1540 1432 ovare.
1588 1365 1802 1431 Piscis
1858 1373 2084 1430 autem
2123 1367 2404 1428 vocatus
2441 1364 2676 1450 sas-ta-

1123 1495 1300 1550 cum,
1334 1482 1400 1541 et
1430 1473 1678 1553 lebraS,
1727 1481 1791 1540 et
1849 1471 2265 1561 hujusmodi,
2328 1480 2539 1539 ovant
2604 1472 2672 1537 in

1123 1582 1290 1649 mari
1325 1582 1503 1671 apud
1542 1605 1779 1650 cursus
1813 1582 2176 1649 fluviorum
2207 1581 2321 1648 ubi
2355 1583 2676 1650 miscetur

1118 1711 1296 1777 aqua
1327 1688 1541 1757 dulcis
1579 1711 1735 1757 cum
1775 1690 1973 1758 salsa.
2029 1690 2243 1757 Piscis
2289 1699 2519 1757 autem
2568 1689 2676 1756 di-

1118 1804 1268 1863 ctus
1300 1795 1668 1865 alxtilbem
1707 1807 1771 1865 et
1796 1799 2148 1889 stilpidem
2189 1805 2395 1865 ovant
2428 1821 2465 1864 e
2503 1820 2675 1865 con-

1116 1926 1314 1972 verso
1357 1906 1426 1973 in
1467 1906 1711 1996 pelago
1769 1906 2082 1995 profundi
2142 1906 2352 1971 maris
2383 1906 2451 1971 in
2493 1913 2672 1972 tem-

1117 2034 1279 2101 pore
1307 2015 1512 2082 veriS.
1550 2014 1627 2080 In
1668 2023 1997 2082 autumno
2019 2021 2246 2081 autem
2288 2036 2427 2080 non
2459 2022 2668 2081 ovant

1116 2122 1242 2187 nisi
1275 2122 1498 2210 pauci,
1534 2130 1607 2190 ut
1635 2122 1831 2212 pelax
1864 2130 1925 2189 et
1953 2131 2214 2212 ten-gom
2248 2130 2312 2189 et
2341 2130 2607 2188 tet-nom
2649 2145 2663 2189 ε

1117 2226 1392 2315 quando
1458 2230 1641 2294 enim
1719 2230 2199 2318 aequinoctium
2243 2236 2339 2296 est
2391 2236 2670 2296 autum-

1117 2332 1292 2409 nale,
1355 2339 1515 2401 tunc
1573 2342 1782 2401 ovant
1840 2334 2013 2402 dicta
2053 2335 2339 2424 piscium
2385 2358 2659 2426 genera.

1115 2435 1411 2514 Quidam
1444 2446 1671 2505 autem
1724 2438 1837 2506 alii
1896 2439 2180 2528 piscium
2240 2441 2661 2507 marinorum

1113 2551 1322 2611 ovant
1370 2543 1594 2613 hieme
1627 2552 1694 2612 et
1732 2553 1986 2622 aestate,
2031 2546 2203 2613 sicut
2224 2546 2520 2612 diximus
2557 2569 2663 2613 su·

1114 2650 1365 2738 perius.
1406 2651 1482 2718 In
1523 2651 1748 2719 hieme
1809 2653 2080 2743 quidem
2134 2655 2306 2721 sicut
2348 2653 2568 2720 lebras
2598 2661 2664 2719 et

1108 2755 1491 2824 bascurom.
1557 2759 1632 2826 ln
1686 2766 1917 2827 aestate
2005 2769 2233 2826 autem
2296 2761 2656 2837 barabom,

1107 2872 1174 2929 et
1212 2863 1324 2930 hic
1362 2868 1563 2955 piscis
1610 2867 1810 2933 simul
1846 2877 2005 2935 ovat
2037 2869 2170 2934 fere
2209 2870 2658 2959 quantitatem

1107 2972 1275 3038 utris
1315 2973 1549 3063 parvi:
1612 2983 1678 3041 et
1746 2975 1811 3041 in
1873 2975 1987 3042 illo
2036 2984 2190 3042 sunt
2249 2976 2463 3043 multa
2528 3000 2654 3042 ova

1108 3102 1319 3169 parva
1375 3080 1443 3148 in
1502 3081 1676 3171 pelle
1744 3092 2086 3164 contenta,
2144 3083 2319 3151 sicut
2386 3084 2450 3150 in
2510 3092 2658 3150 utre

1106 3189 1433 3277 quodam.
1492 3192 1722 3258 Genus
1776 3201 2001 3259 autem
2036 3194 2318 3282 piscium
2354 3194 2469 3283 qui
2535 3196 2660 3283 sa-

1100 3305 1359 3363 storum
1431 3306 1739 3376 vocatur,
1812 3298 2121 3388 quaedam
2177 3322 2335 3389 pars
2392 3308 2551 3367 ovat
2588 3302 2655 3368 in

1101 3400 1349 3480 hieme,
1374 3411 1439 3471 et
1468 3404 1783 3494 qua-dam
1809 3428 1961 3495 pars
1992 3408 2059 3471 in
2084 3413 2339 3472 aestate.
2414 3404 2654 3497 Chysel

1098 3517 1328 3577 autem
1359 3519 1427 3578 et
1464 3509 1873 3602 cheagarom
1915 3521 1980 3579 et
2021 3535 2282 3579 marom
2342 3513 2657 3581 similiter

1097 3624 1310 3683 ovant
1358 3639 1481 3706 per
1519 3620 1796 3709 triginta
1853 3618 2019 3686 dies.
2090 3619 2383 3700 Quidam
2425 3628 2652 3688 tamen

1095 3723 1311 3812 pisces
1356 3726 1472 3815 qui
1508 3733 1669 3817 sunt
1723 3734 1792 3793 et
1833 3726 2150 3793 «licuntur
2186 3725 2467 3817 quidam
2513 3751 2657 3796 mo-

1095 3828 1222 3895 ‹lus
1251 3852 1398 3897 esse
1442 3829 1798 3910 fastorum,
1870 3855 2004 3899 non
2070 3842 2483 3920 generantur
2536 3858 2656 3924 per

1094 3936 1382 4021 coitum,
1415 3938 1532 4005 sed
1589 3962 1672 4005 ex
1721 3960 1910 4007 camo
1968 3948 2033 4007 et
2079 3938 2244 4006 limo
2303 3941 2448 4008 sive
2482 3940 2647 4008 luto.

1090 4043 1245 4110 ,lam
1276 4053 1505 4113 autem
1562 4045 1884 4118 diximus,
1946 4045 2129 4138 quod
2186 4046 2379 4114 multi
2437 4048 2652 4137 pisces

1093 4161 1301 4219 ovant
1332 4152 1401 4219 in
1432 4175 1615 4231 vere,
1647 4161 1715 4221 et
1744 4147 2021 4244 quidam
2051 4155 2260 4222 etiam
2295 4155 2361 4221 in
2393 4163 2647 4235 aestate,

1093 4267 1160 4327 vt
1226 4259 1510 4350 quidam
1570 4260 1640 4327 in
1689 4267 2046 4340 autumno,
2117 4270 2180 4328 et
2243 4262 2525 4352 quidam
2586 4264 2651 4331 in

1085 4367 1355 4435 hieme:
1401 4368 1517 4435 secl
1570 4376 1804 4436 tamen
1873 4368 2099 4435 nullus
2159 4369 2448 4437 istorum
2511 4396 2656 4438 mo-

1086 4473 1331 4541 ‹lorum
1362 4476 1704 4542 ovatinnis
1742 4475 1862 4541 erit
1920 4475 1987 4540 in
2044 4473 2377 4541 omnibus
2405 4499 2653 4543 secun-

1086 4582 1248 4648 ‹lum
1290 4603 1504 4648 unum
1533 4590 1597 4648 et
1629 4580 1948 4649 eumdem
1988 4580 2305 4648 modum.

1176 4686 1459 4777 Oportet
1497 4697 1726 4755 autem
1757 4689 1952 4761 scire,
1987 4687 2166 4777 qumi
2210 4689 2383 4757 sieut
2414 4691 2648 4757 ‹liver-

1086 4799 1247 4862 sitas
1282 4797 1639 4885 regionum
1685 4797 1973 4862 multum
2015 4797 2419 4863 diversificat
2468 4799 2649 4888 plan·

1086 4909 1190 4967 tas
1217 4907 1284 4967 et
1313 4900 1617 4979 arbores,
1654 4900 1746 4967 ita
1778 4900 1982 4966 etiam
2017 4899 2308 4968 multum
2360 4901 2655 4970 diversi-

1087 5009 1240 5076 ticat
1325 5006 1649 5076 animalia
1741 5029 1879 5074 non
1971 5004 2196 5074 solum
2263 5009 2648 5078 secundum

1088 5116 1575 5187 abundantiam
1614 5116 1775 5194 cibi,
1810 5114 1927 5184 sed
1966 5117 2171 5183 etiam
2214 5118 2283 5183 in
2331 5118 2653 5187 multitu-

1084 5224 1241 5293 ‹line
1278 5227 1502 5294 coitus
1537 5233 1602 5294 et
1644 5232 1877 5315 partus
1907 5232 1973 5291 et
2012 5225 2578 5316 impraegnatinne
2626 5250 2642 5294 ε

1082 5343 1147 5401 et
1178 5335 1494 5405 similiter
1547 5333 2001 5403 diversificant
2079 5333 2295 5424 pisces
2363 5336 2432 5403 in
2495 5337 2643 5404 istis

1082 5439 1323 5519 tribus,
1356 5442 1543 5511 coitu
1582 5438 1920 5516 videlicet,
1963 5448 2026 5506 et
2080 5449 2303 5529 partu,
2374 5451 2442 5511 et
2514 5444 2648 5511 im-

1091 5550 1562 5640 praegnatione
1613 5572 1629 5617 :
1674 5550 1827 5618 ideo
1893 5547 2160 5614 diversa
2214 5572 2469 5637 genera
2532 5553 2647 5655 pi-

1084 5653 1304 5722 scium
1341 5675 1520 5744 soepe
1600 5660 1813 5721 ovant
1842 5652 1910 5718 in
1975 5650 2383 5741 quibusdam
2448 5653 2644 5733 locis,

1086 5761 1202 5850 qui
1266 5761 1337 5827 in
1392 5758 1545 5828 aliis
1634 5757 1803 5827 locis
1859 5756 2046 5826 nullo
2130 5757 2339 5826 modo
2406 5760 2646 5830 volunt

4238 449 4363 514 309

2807 631 3034 679 ovare.
3081 611 3409 680 Malachie
3436 637 3601 681 vero
3632 625 3791 683 ovat
3821 618 3891 684 in
3921 640 4101 695 vere,
4159 626 4224 684 et
4264 625 4366 684 est

2803 715 3100 802 primum
3169 740 3385 783 ovans
3470 721 3646 785 inter
3721 721 3937 808 pisces
4024 723 4349 788 marinos.

2804 818 3007 907 Sepia
3037 829 3266 886 autem
3298 821 3764 890 indifferenter
3838 834 3999 891 ovat
4055 825 4355 915 quolibet

2799 934 3127 1013 tempore,
3163 926 3281 993 sed
3320 927 3698 1016 quamlibet
3737 952 3930 996 suam
3961 953 4167 999 unam
4200 956 4354 998 ova·

2795 1032 3052 1097 tionem
3103 1033 3398 1122 complet
3470 1035 3538 1101 in
3632 1036 4020 1126 quindecim
4087 1037 4347 1118 diebus,

2795 1135 2925 1204 hoc
2955 1149 3079 1221 est,
3117 1142 3182 1207 in
3206 1141 3475 1209 duobus
3506 1143 3776 1211 circulis
3808 1142 4097 1210 horariis
4124 1143 4352 1234 plane-

2792 1251 3014 1311 tarum
3053 1268 3066 1311 :
3112 1256 3176 1313 et
3209 1249 3484 1337 quando
3526 1258 3687 1316 ovat
3734 1249 4037 1327 foemina,
4118 1252 4351 1339 sequi-

2790 1357 2900 1416 tur
2930 1371 3073 1416 mas
3105 1374 3236 1417 ova
3275 1375 3424 1429 sua,
3460 1361 3526 1419 ct
3553 1354 3813 1442 spargit
3860 1374 3982 1442 per
4037 1354 4344 1442 spiritum

2789 1458 3154 1547 quemdam
3196 1459 3624 1527 exsufflando
3657 1482 3859 1527 suum
3882 1482 4114 1528 semen
4144 1483 4348 1552 super

2786 1588 2919 1632 ova
2952 1588 2966 1630 :
3015 1575 3074 1632 et
3109 1589 3242 1632 ova
3281 1567 3428 1656 ejus
3458 1574 3619 1633 sunt
3647 1568 3842 1647 dura,
3886 1576 3952 1636 et
3979 1569 4130 1635 ideo
4184 1590 4339 1635 mo-

2785 1675 2911 1742 dus
2953 1676 3060 1743 hic
3107 1677 3397 1766 piscium
3457 1700 3594 1745 non
3671 1685 3858 1746 natat
3923 1679 3990 1744 in
4031 1679 4200 1745 mari
4245 1678 4344 1743 ni·

2782 1784 2834 1848 si
2872 1806 2992 1874 par
3029 1792 3089 1850 et
3131 1808 3279 1874 par,
3316 1784 3444 1851 lioc
3491 1793 3616 1863 cst,
3689 1808 3834 1853 mas
3893 1792 3958 1853 et
4031 1785 4328 1852 foemina.

2783 1894 2866 1959 lit
2905 1892 3094 1960 color
3124 1894 3402 1983 quidem
3452 1894 3735 1962 masculi
3797 1893 4089 1960 multum
4148 1894 4339 1983 niger

2780 2010 2878 2068 est
2923 2003 2987 2067 in
3020 2002 3250 2080 dorso,
3285 2012 3350 2069 et
3388 2001 3548 2069 alibi
3600 2011 3702 2070 est
3759 2003 4006 2072 diversi
4060 2003 4329 2071 coloris.

2783 2108 3084 2176 l·'wmina
3141 2119 3369 2177 autem
3401 2133 3437 2178 e
3503 2132 3836 2178 converso
3903 2110 4057 2177 alba
4107 2120 4208 2178 est
4263 2111 4329 2175 in

2776 2216 3004 2284 dorso.
3050 2217 3319 2283 Animal
3353 2225 3582 2284 autem
3627 2218 3968 2285 marinum
4014 2218 4329 2309 multipes

2773 2326 2955 2416 quod
2988 2326 3233 2394 dicitur
3283 2328 3593 2418 polipus,
3655 2328 3787 2396 coit
3822 2329 3890 2395 in
3959 2328 4208 2406 hieme,
4259 2339 4320 2397 et

2774 2442 2931 2501 ovat
2965 2436 3030 2500 in
3071 2457 3256 2512 vere,
3300 2443 3363 2501 et
3397 2435 3465 2501 in
3499 2435 3615 2502 illo
3656 2443 3963 2525 tempore
4032 2436 4328 2504 nidilicat

2772 2567 2890 2633 per
2927 2541 3099 2609 duos
3133 2565 3426 2620 menses,
3463 2551 3528 2610 ct
3566 2552 3729 2610 ovat
3767 2566 3983 2610 unum
4041 2543 4321 2612 ovulum

2773 2650 3130 2740 parvulum
3162 2660 3431 2717 tantum
3454 2650 3676 2717 simile
3703 2650 4007 2719 fracturae
4032 2652 4245 2728 nuciS,
4263 2661 4325 2718 et

2771 2758 2898 2826 hoc
2939 2759 3187 2826 animal
3224 2768 3326 2825 est
3346 2759 3544 2826 valde
3573 2758 3805 2826 multa¹
3835 2760 4318 2850 generationis,

2768 2867 3092 2957 quoniam
3125 2891 3204 2933 ex
3249 2866 3365 2931 illo
3392 2866 3593 2931 unico
3635 2866 3843 2933 nvulo
3885 2867 4161 2933 veniunt
4188 2868 4328 2957 pis-

2767 2999 2877 3040 ces
2905 2973 3098 3041 multi
3120 2975 3596 3040 sim-numero.
3635 2973 3853 3064 Caput
3895 2981 4122 3041 autem
4175 2997 4325 3040 ma-

2763 3082 2851 3147 ris
2877 3082 2942 3145 in
2968 3080 3096 3147 hoc
3115 3104 3364 3169 genere
3384 3080 3700 3147 animalis
3725 3080 3992 3171 longius
4010 3088 4109 3147 est
4135 3081 4325 3168 capi-

2765 3199 2829 3257 te
2853 3190 3170 3262 loemiuae,
3196 3198 3256 3256 et
3283 3211 3439 3256 cum
3464 3191 3798 3268 evaverit,
3825 3188 4103 3257 foemina
4131 3188 4316 3257 sedet

2763 3319 2969 3387 super
3001 3318 3154 3373 ova,
3200 3305 3268 3363 et
3300 3296 3454 3363 ideo
3495 3295 3676 3363 mala
3705 3305 3805 3364 est
3844 3319 4004 3364 caro
4060 3297 4204 3386 ejus
4234 3295 4316 3363 ad

2763 3429 2955 3472 esum
2997 3415 3304 3495 tempore
3374 3404 3516 3481 illo,
3587 3406 3749 3496 quia
3791 3414 3950 3473 tunc
3987 3405 4313 3481 famescit,

2763 3522 2829 3581 et
2859 3535 2996 3579 non
3034 3521 3403 3591 saturatur,
3439 3521 3718 3603 propter
3741 3512 3923 3604 quod
3954 3535 4179 3580 macra
4253 3521 4319 3580 et

2761 3621 2931 3689 «lura
2960 3620 3250 3688 eflicitur
3286 3643 3445 3687 caro
3472 3620 3645 3707 ejus,
3688 3643 3729 3688 a
3756 3643 3890 3711 qua
3929 3622 4133 3689 etiam
4164 3618 4319 3687 sub·

2764 3729 2947 3796 tilius
2985 3729 3483 3795 nutrimentum
3559 3750 3682 3817 per
3735 3727 4152 3797 decisionem
4204 3729 4313 3795 ovi

2761 3845 2863 3904 est
2900 3844 3313 3925 separatum.
3353 3833 3698 3903 llarclnora
3727 3843 3955 3904 autem
3986 3844 4052 3903 et
4108 3833 4320 3902 1181κί-

2763 3945 2856 4011 mi
2897 3966 3048 4033 quae
3088 3953 3245 4010 sunt
3294 3954 3519 4011 ostrea
3577 3943 3890 4035 quaedam
3957 3951 4319 4035 generatur

2764 4050 2831 4114 in
2874 4051 3004 4114 tim·
3039 4047 3282 4114 hiemis
3330 4057 3395 4114 et
3429 4049 3495 4114 in
3531 4049 3811 4115 introitu
3863 4050 4064 4115 veris.
4143 4047 4315 4115 l'ni-

2761 4152 3112 4219 vers-aliter
3168 4160 3398 4219 autem
3470 4152 3707 4220 omnia
3776 4152 4099 4220 animalia
4162 4175 4315 4243 qua·

2761 4270 2912 4327 sunt
2949 4259 3134 4327 durae
3162 4268 3378 4337 testoe‚
3422 4268 3753 4351 apparent
3807 4263 3875 4329 in
3905 4284 4063 4329 vere
4120 4261 4319 4351 plena

2762 4370 2941 4445 ovis,
2975 4378 3038 4436 et
3069 4368 3385 4437 similiter
3416 4370 3483 4435 in
3516 4376 3875 4443 autumno.
3918 4378 4163 4459 praeter
4208 4369 4320 4435 lui-

2763 4477 3006 4542 rieium
3101 4473 3599 4542 comestibilem
3637 4496 3654 4542 :
3717 4474 3826 4542 ille
3877 4476 4061 4542 enim
4126 4478 4313 4543 omni

2764 4604 2996 4649 mense
3029 4580 3297 4647 videtur
3336 4580 3587 4649 habere
3609 4603 3739 4647 ova
3778 4588 3842 4649 et
3870 4583 4207 4672 pra-cipue
4248 4584 4313 4650 in

2766 4691 2940 4758 luna*
2993 4689 3498 4781 complemento
3542 4690 3720 4759 etin
3780 4690 4019 4758 diebus
4074 4691 4317 4759 caloris

2766 4804 2829 4865 in
2871 4808 3128 4879 aestate,
3169 4800 3468 4889 exceptis
3506 4797 3614 4866 his
3653 4807 3917 4868 tantum
3949 4820 4099 4889 quae
4162 4807 4318 4866 sunt

2764 4911 2827 4976 in
2872 4907 3036 4974 locis
3073 4930 3226 4999 qua·
3268 4917 3512 4975 vocata
3549 4913 3708 4974 sunt
3742 4907 3941 4973 (leim
3982 4907 4049 4973 in
4090 4908 4319 4997 regio-

2762 5015 3236 5083 nelnominum
3303 5017 3419 5107 qui
3489 5015 3812 5084 dicuntur
3872 5017 4312 5105 Bronyones:

2763 5123 2851 5191 ibi
2909 5123 3090 5189 enim
3151 5131 3505 5190 manentes
3563 5124 3630 5189 in
3736 5122 3960 5191 hieme
4052 5130 4313 5190 tantum

2759 5239 2993 5305 ovant,
3036 5237 3099 5298 et
3149 5242 3307 5298 sunt
3384 5232 3575 5322 parvi
3643 5232 3950 5321 corporis
4004 5239 4191 5309 tunc,
4250 5242 4318 5300 et

2761 5336 2940 5427 pleni
2975 5339 3124 5404 ovis
3159 5358 3174 5403 ε
3210 5337 3548 5428 contingit
3585 5339 3683 5405 eis
3714 5338 4012 5428 parvitas
4066 5360 4317 5428 corpo-

2761 5445 2878 5523 ris,
2914 5468 2996 5512 eo
3037 5443 3222 5534 quod
3254 5444 3749 5513 nutrimentum
3780 5448 4024 5514 transit
4059 5447 4129 5514 in
4160 5467 4311 5513 ova.

2761 5550 2972 5618 Kalae
3031 5559 3144 5618 aut
3217 5551 3481 5619 marina
3544 5549 3807 5619 coneha
3873 5554 3943 5621 in
3999 5553 4318 5621 omnibus

2759 5659 3110 5727 mensibus
3156 5667 3461 5749 generat.
