4919 6371
679 498 804 566 148

683 661 1106 750 stringuntur
1124 645 1454 739 paulatim
1485 634 1858 708 secundum
1880 623 2104 693 cordis
2134 617 2239 683 al-

684 767 1044 864 titudinem
1129 748 1560 825 ascendendo
1622 738 2023 808 intrinsecus
2096 734 2238 792 tam

692 876 817 968 ipsi
847 892 1052 964 quam
1092 868 1298 936 etiam
1331 858 1463 947 ipsi
1501 842 1858 918 ventriculi
1899 835 2146 907 cordiS.

784 977 1025 1047 Adhuc
1072 977 1302 1039 autem
1346 956 1534 1026 basis
1580 944 1940 1019 ventriculi
1989 934 2243 1008 sinistri

693 1089 894 1159 altior
923 1091 1027 1152 est
1083 1093 1291 1166 quam
1321 1065 1507 1133 basis
1528 1058 1746 1128 dextri
1787 1078 1801 1122 :
1838 1061 1907 1121 et
1931 1049 2064 1117 hoc
2095 1044 2246 1110 ideo

694 1205 819 1274 est,
862 1191 1023 1282 quia
1060 1184 1299 1251 dexter
1332 1166 1754 1242 ventriculus
1815 1155 2086 1248 respicit
2133 1150 2252 1216 he-

695 1326 819 1395 par
855 1295 1033 1365 unde
1075 1289 1369 1358 mittitur
1409 1281 1470 1349 ei
1528 1272 1808 1365 sanguis
1864 1281 2139 1357 grossus
2188 1267 2255 1321 et.

705 1409 955 1502 gravis,
997 1425 1081 1469 ex
1110 1421 1246 1489 quo
1278 1390 1543 1460 arterioe
1586 1393 1653 1451 et
1697 1378 1973 1469 spiritus
2012 1363 2254 1436 nutriri

705 1538 845 1585 non
870 1515 1195 1604 possunt:
1248 1510 1315 1568 et
1359 1496 1518 1566 ideo
1566 1494 1854 1578 oportet,
1927 1473 2109 1568 quod
2139 1491 2260 1560 per

710 1623 1010 1692 medium
1048 1603 1479 1684 ascendendo
1527 1592 1917 1666 subtilietur
1954 1592 2020 1652 et
2057 1578 2264 1670 spiri-

709 1730 959 1803 tualior
1012 1723 1130 1790 {iat
1174 1715 1263 1785 ad
1308 1709 1804 1781 nutrimentum
1870 1692 2150 1784 spiritus
2199 1692 2265 1751 et

711 1835 1112 1906 arteriarum
1156 1844 1173 1890 ε
1206 1822 1489 1911 propter
1538 1806 1726 1900 quod
1761 1802 1969 1871 etiam
2015 1818 2056 1861 a
2091 1792 2266 1859 sini-

711 1952 853 2012 stro
901 1933 1124 2005 cordis
1168 1919 1556 1996 ventriculo
1594 1911 1859 1983 arterioe
1923 1904 2261 1973 oriuntur.

711 2053 869 2121 Non
906 2045 1093 2117 enim
1116 2044 1342 2131 potest
1380 2052 1554 2108 esse,
1599 2022 1783 2117 quod
1813 2015 2093 2106 sanguis
2113 2010 2271 2078 sub-

707 2159 895 2228 tilior
943 2160 1010 2221 et
1057 2140 1480 2239 spiritualior
1530 2156 1619 2203 ex
1693 2150 1830 2219 quo
1906 2123 2272 2214 generatur

715 2264 1015 2357 spirituS,
1057 2254 1373 2324 altiorem
1439 2245 1671 2312 locum
1725 2256 1866 2303 non
1943 2225 2265 2317 requirat.

717 2372 822 2439 Ex
863 2366 1059 2435 «lictis
1105 2368 1336 2429 autem
1405 2364 1834 2436 consequens
1889 2343 2017 2412 est,
2089 2328 2274 2421 quod

720 2475 999 2566 sanguis
1028 2468 1143 2561 qui
1176 2469 1280 2534 est
1309 2462 1380 2528 in
1409 2445 1966 2526 mediothalami,
2009 2440 2098 2506 sit
2135 2457 2278 2503 me-

656 2625 695 2650 v
721 2585 873 2653 dius
902 2582 1076 2647 inter
1112 2569 1430 2641 subtilem
1467 2571 1535 2631 et
1563 2574 1904 2651 grossum.
1934 2544 2117 2613 'l'alis
2158 2539 2280 2630 igi·

718 2700 833 2758 tur
859 2680 1210 2779 proportio
1251 2682 1353 2744 est
1379 2671 1466 2740 ad
1505 2665 1801 2735 invicem
1843 2653 2068 2725 cordis
2105 2669 2282 2715 ven-

723 2795 1121 2868 triculorum
1159 2811 1175 2857 :
1240 2793 1307 2854 et
1346 2780 1480 2849 hoc
1538 2775 1745 2844 etiam
1793 2776 1920 2844 est,
1977 2759 2163 2852 quod
2205 2777 2284 2821 os

729 2900 1100 2974 subtilioris
1147 2886 1504 2980 sanguinis
1552 2889 1655 2950 est
1710 2874 2036 2947 strictius,
2087 2874 2153 2932 et
2209 2884 2286 2927 os

734 3006 954 3102 grossi
983 3010 1085 3070 est
1120 2995 1443 3087 amplius.

840 3112 1084 3182 Adhuc
1132 3110 1391 3172 autem‘
1420 3098 1558 3165 duo
1609 3088 2071 3159 additamenta
2117 3079 2292 3145 sicut

741 3226 893 3295 duoe
921 3239 1121 3287 aures
1158 3214 1491 3304 apparent
1530 3204 1599 3271 in
1620 3197 1822 3270 corde
1856 3216 1873 3261 :
1907 3212 2124 3261 unum
2151 3184 2299 3277 qui·

744 3334 902 3402 dem
932 3328 1003 3395 in
1023 3323 1329 3396 sinistro,
1363 3322 1432 3383 et
1454 3309 1747 3380 alterum
1781 3304 1848 3370 in
1879 3299 2117 3367 dextro
2136 3313 2303 3360 ven-

745 3433 1017 3512 triculo,
1049 3450 1203 3521 quae
1241 3429 1402 3493 sunt
1457 3413 1692 3488 tenuia
1738 3417 1804 3479 et
1852 3424 2103 3497 rugosa
2145 3419 2303 3466 cum

747 3537 1263 3629 constringitur,
1296 3537 1366 3599 et
1406 3534 1605 3596 tensa
1642 3514 1919 3612 quando
1958 3510 2306 3589 dilatatur,

751 3662 819 3723 et
847 3657 1009 3720 sunt
1036 3645 1210 3713 dura
1243 3661 1261 3710 ε
1301 3636 1452 3707 haec
1492 3630 1679 3702 enim
1722 3630 1886 3693 sunt
1945 3619 2098 3689 duae
2141 3636 2315 3686 arcte

1348 3742 1426 3812 ln
1462 3758 1610 3807 uno
1667 3727 1946 3823 quidem
1992 3721 2319 3814 recipitur

756 3862 1036 3953 sanguis
1073 3857 1194 3947 qui
1236 3847 1534 3921 trahitur
1567 3840 1656 3910 ab
1687 3837 1960 3927 hepate,
2002 3839 2069 3899 et
2108 3830 2178 3898 in
2216 3825 2324 3895 al-

759 3983 910 4043 tero
951 3964 1274 4056 recipitur
1297 3954 1579 4049 spiritus
1618 3947 1736 4039 qui
1763 3939 2061 4011 trahitur
2095 3958 2135 4004 a
2165 3935 2327 4027 pul-

768 4099 1000 4151 mone,
1047 4080 1122 4140 ut
1162 4061 1555 4137 mesaraicas
1604 4053 1890 4122 ulterius
1938 4046 2329 4114 ministrent

785 4182 999 4260 conti,
1037 4186 1117 4247 ut
1149 4196 1291 4245 non
1320 4174 1647 4263 gravetur
1670 4183 1756 4229 ex
1801 4155 2182 4231 nimietate,
2215 4158 2330 4218 aut

783 4292 991 4365 etiam
1035 4282 1306 4354 deficiat
1347 4297 1436 4346 ex
1472 4267 1959 4343 imminutione
1991 4283 2010 4330 τ
2043 4268 2110 4329 et
2145 4258 2335 4326 durae

781 4406 967 4476 sunt,
998 4400 1245 4462 utnon
1283 4382 1479 4454 facile
1518 4373 1849 4467 recipiant
1896 4372 2332 4442 nocumenta,

753 3778 905 3849 qum
942 3749 1302 3840 recipiunt.

781 4517 1022 4578 tennes
1048 4508 1126 4570 ut
1160 4497 1339 4566 bene
1363 4486 1692 4562 obediant
1710 4478 2024 4564 ⁴motibus
2042 4473 2363 4555 consti-ie

782 4609 1028 4683 ctionis
1050 4613 1118 4675 et
1154 4594 1599 4672 dilatationis.

870 4711 1188 4805 Amplius
1219 4715 1452 4778 autem
1490 4703 1665 4770 situs
1692 4694 1916 4766 cordis
1944 4698 2048 4760 est
2078 4688 2149 4757 in
2186 4710 2342 4756 me-

783 4826 921 4903 dio,
964 4844 1047 4892 eo
1067 4815 1254 4911 quod
1290 4812 1486 4882 locus
1515 4806 1629 4877 ille
1665 4810 1771 4873 est
1795 4796 2240 4890 temperatior
2275 4802 2343 4860 et

783 4959 824 5003 a
888 4925 1318 5002 nocumentis
1378 4918 1598 4988 tutior
1630 4936 1649 4983 t
1709 4909 1828 4980 sed
1875 4904 2168 4975 declinat
2215 4924 2343 4994 pa-

782 5062 1059 5131 rumper
1095 5032 1182 5104 ad
1208 5031 1585 5102 sinistram,
1617 5027 1695 5090 ut
1723 5018 1837 5087 det
1864 5017 2093 5086 locum
2130 5008 2345 5100 hepa-

778 5150 829 5216 ti
860 5144 1046 5239 quod
1073 5150 1180 5213 est
1215 5140 1289 5210 in
1331 5136 1593 5206 'dextra
1636 5126 1846 5199 :licet
1904 5122 2093 5191 enim
2149 5116 2343 5212 splen

777 5255 865 5321 sit
893 5255 962 5319 in
992 5253 1291 5325 sinistra,
1338 5253 1569 5311 tamen
1609 5232 1803 5327 splen
1854 5250 1996 5298 non
2035 5233 2138 5295 est
2166 5225 2343 5294 adeo

780 5358 1011 5427 nobile
1073 5354 1464 5425 membrum
1494 5366 1621 5416 nec
1686 5347 1896 5410 tantae
1945 5334 2346 5427 quantitatis

779 5468 955 5538 sicut
974 5464 1232 5556 hepar:
1266 5470 1336 5531 et
1352 5458 1510 5530 ideo
1528 5450 1759 5547 potius
1776 5441 2161 5516 cedendum
2202 5449 2348 5510 erat

776 5572 1034 5668 hepati.
1068 5571 1290 5661 liujus
1316 5575 1552 5637 autem
1589 5567 1658 5630 et
1687 5555 1823 5625 alia
1851 5572 2059 5623 causa
2085 5558 2190 5619 est
2230 5572 2349 5618 na-

775 5668 1093 5760 turalior,
1128 5684 1206 5746 nt
1252 5672 1514 5745 scillcet
1549 5663 1891 5759 frigiditas
1945 5654 2207 5728 sinistri
2234 5652 2344 5724 la-

781 5785 913 5858 eris
941 5806 1095 5876 quae
1121 5788 1226 5850 est
1250 5798 1341 5848 ex
1370 5771 1644 5868 splene,
1693 5769 2154 5858 temperetur.
2196 5759 2336 5828 Ad-

1635 459 1753 530 ΔἸ).
1806 457 2007 526 ALB.
2060 447 2282 519 MAG.
2338 442 2545 512 ORD.
2597 434 2891 505 PRAED.

2352 610 2487 677 huc
2529 615 2754 674 autem
2796 602 2944 667 ideo
2977 596 3260 663 declinat
3296 591 3380 658 ad
3412 588 3759 656 sinistram
3791 603 3904 669 pa-

2353 738 2650 805 rumper,
2700 733 2784 778 ne
2817 706 3216 793 comprimat
3248 721 3489 764 venam
3532 709 3905 769 concavam

2355 847 2506 916 quae
2553 824 2724 889 inter
2760 819 2978 907 ipsum
3014 820 3075 877 et
3109 806 3370 897 hepatis
3419 802 3703 892 gibbum
3735 816 3908 887 pro-

2356 934 2676 1003 tenditur.

2448 1039 2686 1108 Omnis
2716 1041 2936 1101 autem
2969 1028 3149 1095 calor
3204 1018 3640 1114 principalior
3669 1022 3733 1080 et
3765 1013 3909 1077 vir-

2360 1158 2469 1215 tus
2501 1153 2600 1213 est
2630 1166 2712 1211 ex
2740 1137 2961 1212 corde,
2996 1144 3057 1200 et
3090 1133 3155 1217 in
3187 1129 3577 1197 dilatatione
3599 1143 3722 1189 sua
3764 1142 3898 1184 nu-

2363 1255 2561 1326 tritur
2590 1271 2742 1318 cum
2783 1241 3096 1312 omnibus
3134 1233 3494 1302 virtutibus
3526 1229 3665 1295 suis
3699 1232 3894 1293 natu-

2369 1362 2660 1434 ralibus:
2699 1365 2759 1424 et
2820 1354 2968 1420 ideo
3017 1351 3069 1416 si
3121 1369 3255 1437 qna
3300 1338 3622 1410 aniinalia
3671 1332 3903 1423 magni

2366 1472 2587 1544 cordis
2626 1474 2780 1536 sunt
2810 1472 2875 1531 et
2901 1482 3054 1530 cum
3103 1455 3232 1522 hoc
3266 1448 3528 1525 timida,
3591 1441 3913 1535 provenit

2372 1607 2454 1654 ex
2489 1578 2849 1670 frigiditate
2890 1593 3036 1660 quae
3066 1564 3465 1653 sanguinem
3497 1556 3581 1624 ad
3629 1576 3747 1621 cor
3807 1572 3918 1617 re-

2372 1696 2751 1785 currentem
2788 1678 3142 1749 calefacere
3172 1693 3309 1738 non
3341 1666 3614 1759 poterit,
3651 1669 3717 1728 et
3762 1657 3919 1726 talis

2375 1811 2476 1871 est
2505 1801 2719 1889 lepus.
2763 1791 2837 1858 Si
2887 1808 3018 1876 qua
3056 1792 3280 1850 autem
3331 1792 3699 1868 parvorum
3761 1788 3923 1834 cor-

2375 1913 2564 1979 dium
2593 1911 2750 1974 sunt
2780 1894 3079 1967 andacia,
3112 1911 3233 1981 pro
3274 1893 3456 1953 certo
3498 1884 3659 1947 sunt
3698 1872 3919 1942 calida

2374 2016 2812 2087 vehementer
2843 2027 2857 2070 :
2904 2010 2965 2070 et
2993 1997 3270 2086 sanguis
3299 1993 3415 2082 qui
3444 1987 3530 2055 ad
3562 2007 3680 2054 cor
3699 1980 3913 2053 venit,

2376 2125 2575 2196 citius
2602 2111 2965 2186 incalescit,
3008 2115 3073 2173 et
3109 2125 3263 2170 cum
3295 2097 3535 2189 spiritu
3574 2089 3928 2160 excutitur

2381 2232 2468 2303 ad
2498 2225 2825 2302 membra,
2848 2226 2917 2287 et
2941 2212 3260 2284 calefacto
3290 2225 3572 2296 corpore
3592 2198 3924 2292 provocat

2383 2338 2762 2411 audaciam,
2797 2339 2862 2397 et
2881 2324 3011 2393 tale
3043 2316 3293 2389 animal
3324 2321 3426 2382 est
3452 2308 3633 2402 qnod
3665 2303 3930 2374 habitat

2385 2450 2455 2516 in
2505 2439 2844 2534 segetibus
2891 2430 3150 2500 fulvum
3209 2432 3276 2492 et
3322 2420 3588 2488 varium
3646 2413 3715 2480 in
3757 2407 3927 2476 facie

2388 2554 2600 2646 nigris
2640 2542 2978 2616 masculis,
3022 2533 3203 2626 qnod
3241 2527 3417 2620 apud
3463 2530 3765 2591 nostram
3798 2516 3938 2582 lin-

2390 2682 2594 2754 guam
2622 2657 2952 2723 lmmester
2979 2649 3282 2714 vocatur,
3318 2643 3385 2702 et
3417 2639 3515 2698 est
3552 2626 3774 2715 majus
3806 2628 3942 2687 rat-

2392 2781 2490 2848 to,
2524 2773 2589 2834 et
2629 2761 2851 2828 minus
2886 2759 3090 2829 catt0,
3131 2742 3361 2812 brevia
3408 2736 3667 2805 liabens
3718 2749 3940 2801 crura,

2396 2885 2461 2943 et
2493 2881 2592 2941 est
2629 2865 2848 2936 audax
2888 2870 2948 2927 et
2994 2853 3276 2923 mordax
3315 2844 3509 2913 valde
3549 2866 3562 2909 :
3599 2850 3829 2907 tamen
3860 2834 3930 2899 in

2398 2980 2705 3075 pluribus
2731 2973 2845 3040 illa
2873 2975 3025 3035 sunt
3049 2960 3327 3030 audacia
3349 2976 3500 3045 qnae
3531 2955 3692 3017 sunt
3714 2939 3946 3031 magni

2398 3086 2639 3162 cordis,
2663 3073 3033 3149 dummodo
3055 3063 3605 3160 proportionatus
3636 3055 3718 3120 sit
3756 3046 3945 3116 calor

2404 3192 2624 3266 cordis
2653 3181 3009 3280 quantitati
3040 3172 3416 3267 sanguinis.

2495 3293 2805 3387 Amplius
2840 3293 3067 3357 autem
3096 3302 3213 3349 cor
3257 3297 3396 3345 non
3432 3269 3679 3340 tolerat
3715 3283 3938 3330 nocu-

2413 3410 2719 3475 mentum
2749 3388 3045 3484 aliquod,
3087 3393 3161 3454 ut
3186 3385 3571 3474 [apostema.
3621 3375 3740 3439 aut
3787 3363 3950 3432 vul-

2417 3531 2588 3581 nus:
2622 3514 2689 3576 et
2712 3500 2916 3591 hujus
2942 3495 3211 3585 siguum
3252 3493 3377 3563 est,
3412 3476 3598 3572 quod
3643 3476 3716 3544 in
3763 3468 3958 3541 nullo

2420 3613 2817 3694 animalium
2847 3600 3374 3676 imterlectorum
3404 3611 3522 3660 cor
3566 3584 3810 3655 laesum
3854 3577 3968 3646 in-

2421 3726 2719 3800 venitur,
2751 3717 2923 3786 sicut
2944 3706 3386 3782 inveniuntur
3408 3697 3572 3767 loesa
3597 3691 3730 3761 alia
3745 3700 3968 3758 mem-¹

2425 3834 2548 3902 bra
2575 3851 2592 3898 ε
2624 3831 2984 3915 antequam
3013 3813 3193 3884 enim
3213 3807 3445 3878 veniat
3470 3801 3963 3870 nocumentum

2431 3940 2516 4012 ad
2545 3934 2765 4007 cordis
2818 3924 3288 3998 substantiam,
3350 3915 3642 3983 moritur
3685 3896 3967 3970 animal.

2435 4039 2819 4137 Aliquando
2873 4034 3055 4101 enim
3119 4024 3460 4096 invenitur
3526 4018 3596 4084 in
3651 4005 3973 4079 cordibus

2438 4165 2845 4243 magnorum
2900 4134 3293 4209 animalium
3360 4150 3438 4195 os
3501 4135 3860 4210 magnum,
3906 4117 3977 4179 et

2440 4261 2613 4329 forte
2639 4251 2979 4322 invenitur
3005 4246 3074 4312 in
3112 4233 3515 4332 quibusdam
3545 4219 3972 4296 hominibus,

2441 4370 2511 4436 et
2537 4360 2670 4431 hoc
2704 4380 2783 4425 os
2818 4361 2917 4424 est
2943 4346 3289 4420 declinans
3333 4337 3416 4408 ad
3466 4343 3783 4404 naturam
3839 4344 3987 4393 car·

2442 4466 2768 4562 tilaginis,
2809 4471 2874 4531 et
2903 4456 3278 4535 induratur,
3333 4446 3507 4515 sicut
3550 4457 3757 4530 supra
3806 4428 3990 4500 dixi-

2446 4582 2706 4657 mus,et
2735 4569 2967 4641 durius
2992 4560 3172 4656 quod
3203 4553 3570 4626 invenitur,
3595 4552 3698 4615 est
3730 4545 3801 4611 in
3829 4560 3990 4608 cor-

2447 4686 2531 4754 de
2576 4674 2974 4772 elephantis,
3022 4676 3086 4737 et
3142 4684 3376 4733 eorum
3426 4678 3576 4750 qua!
3628 4646 3818 4742 apud
3854 4663 3986 4714 nos

2448 4791 2907 4864 inveniuntur,
2940 4779 3171 4846 durius
3219 4781 3315 4840 est
3373 4770 3441 4835 in
3472 4759 3675 4831 corde
3704 4754 3885 4824 cervi
3919 4758 3987 4818 rt

2447 4896 2851 4970 bubalorum
2880 4883 3262 4980 generibus.
3301 4875 3455 4944 Jam
3495 4876 3725 4938 autem
3753 4862 3983 4931 visum

2447 5016 2549 5078 est
2576 5023 2694 5074 cor
2728 4996 2906 5070 simii
2935 4985 3286 5062 masculini
3312 4979 3571 5050 habens
3599 4972 3739 5042 duo
3759 4963 3986 5057 capita

2449 5117 2594 5187 sive
2630 5106 2941 5179 acumina
2983 5123 3000 5169 :
3039 5104 3105 5167 et
3132 5094 3263 5163 hoc
3296 5088 3424 5157 fuit
3475 5103 3693 5155 unum
3743 5075 3830 5144 de
3857 5093 3991 5141 na-

2452 5235 2619 5293 turae
2683 5205 3102 5285 mirabilibus
3151 5224 3170 5269 ε
3243 5196 3569 5292 quoniam
3644 5203 3804 5256 cum
3871 5198 3993 5245 ror

2451 5330 2540 5399 sit
2567 5319 2969 5418 principium
3005 5304 3435 5380 formationis
3472 5297 3681 5369 totius
3751 5307 3996 5385 corpo-

2455 5435 2617 5519 ris,a
2636 5422 2962 5524 principio
2991 5415 3261 5510 quidem
3292 5408 3667 5481 debuerunt
3691 5416 3840 5468 esse
3855 5392 3994 5462 duo

2453 5540 2637 5614 simii
2675 5529 2845 5605 :sed
2892 5516 3118 5595 tamen
3165 5528 3411 5591 natura
3457 5508 3700 5607 defecit
3720 5504 4001 5573 inom-

2453 5649 2656 5720 nibus
2690 5660 2842 5736 quas
2887 5628 3277 5727 principiari
3319 5620 3685 5696 debebant,
3731 5618 3801 5681 et
3836 5602 4022 5677 ideo

2456 5777 2595 5826 non
2622 5743 2885 5819 suffecit
2903 5738 3029 5809 nisi
3059 5735 3144 5806 ad
3173 5752 3389 5803 unum
3422 5749 3440 5797 ε
3478 5732 3548 5797 et
3575 5722 3730 5794 ideo
3754 5714 3989 5788 statim
