4919 6371
1992 462 2164 530 LIB.
2214 460 2310 526 ΙΙΙ
2359 460 2477 527 DE
2525 461 3120 541 ANIMALIBUS,
3171 462 3485 531 TRACT.
3542 462 3604 528 II

1191 658 1309 702 nes
1348 632 1766 721 applicantur
1796 628 1879 694 ad
1919 628 2233 710 invicem,
2277 629 2367 697 ita
2401 630 2585 721 quod
2623 631 2732 698 di-

1192 746 1365 805 recte
1413 759 1615 826 super
1652 758 1764 802 eas
1807 743 1906 801 est
1954 736 2191 825 capitis
2240 738 2497 804 ossium
2536 761 2730 805 com-

1184 867 1385 935 pago.

1277 950 1545 1017 Suturae
1583 959 1806 1017 autem
1838 953 2133 1041 capitum
2165 951 2529 1018 mulierum
2569 959 2723 1015 sunt

1183 1059 1486 1127 rotundae
1524 1084 1538 1127 ε
1576 1063 1641 1127 ἰιι
1708 1061 1869 1127 viris
1934 1069 2162 1128 autem
2219 1061 2726 1148 conjunguntur

1180 1166 1265 1232 ad
1304 1167 1594 1235 radicem
1635 1178 1698 1235 et
1729 1169 2131 1258 principium
2166 1189 2379 1232 unum
2411 1190 2532 1256 per
2569 1188 2724 1232 mo—

1178 1274 1340 1342 dum
1371 1278 1603 1367 tigurae
1644 1274 1987 1364 trianguli,
2030 1281 2097 1340 et
2133 1274 2470 1364 praecipue
2491 1282 2721 1363 poste-

1179 1383 1316 1449 rius
1356 1385 1424 1449 in
1455 1406 1603 1450 osse
1645 1380 1882 1448 laudae.
1922 1380 2222 1448 Siceiora
2260 1385 2441 1449 enim
2481 1382 2719 1472 capitis

1175 1492 1301 1557 viri
1333 1513 1489 1557 ossa
1519 1490 1735 1579 magis
1768 1497 2101 1557 acuuntur
2129 1489 2412 1558 acutiori
2442 1489 2660 1557 calido
2697 1511 2711 1554 ε

1174 1606 1240 1663 et
1276 1596 1665 1664 humidiora
1693 1598 1928 1686 capitis
1958 1620 2111 1664 ossa
2140 1597 2572 1664 foeminarum
2592 1596 2718 1663 he-

1175 1703 1308 1770 beti
1357 1703 1573 1769 calido
1634 1712 1940 1772 rotantur
1990 1706 2054 1770 in
2122 1702 2488 1770 rotundum
2546 1702 2718 1769 sicut

1172 1811 1443 1899 quando
1510 1811 1754 1901 aliquis
1823 1813 2012 1879 iussat
2073 1812 2419 1878 viscosum
2482 1809 2717 1876 bumi-

1169 1918 1355 1986 dum.
1389 1921 1544 1987 Jam
1588 1930 1815 1987 tamen
1851 1921 2204 1987 inventum
2252 1919 2563 2009 apparuit
2601 1942 2719 1986 ca-

1168 2036 1289 2116 put
1318 2029 1468 2105 viri,
1517 2031 1582 2095 in
1624 2051 1758 2117 quo
1799 2028 1983 2094 nulla
2032 2030 2316 2095 omnino
2347 2028 2472 2095 suit
2519 2037 2717 2094 sutu-

1170 2160 1263 2202 ra.
1336 2137 1427 2202 Os
1485 2146 1710 2202 autem
1774 2137 2007 2224 rapitis
2065 2160 2205 2202 non
2272 2137 2544 2226 quidem
2614 2145 2710 2202 est

1166 2248 1620 2336 compositum
1661 2270 1743 2312 ex
1784 2255 2074 2336 quatuor
2119 2248 2372 2313 suturis
2419 2253 2707 2322 tandum,

1166 2353 1280 2420 sed
1320 2377 1461 2430 sex,
1499 2378 1786 2444 quarum
1836 2354 1985 2421 duae.
2034 2360 2194 2421 sunt
2221 2353 2402 2443 apud
2448 2353 2713 2421 auricu-

1164 2459 1261 2527 las
1321 2484 1525 2552 super
1605 2462 1893 2552 parietes
1966 2461 2204 2551 capitis
2239 2483 2255 2527 ε
2289 2468 2354 2527 et
2420 2468 2713 2550 quatuor

1162 2567 1309 2634 aliae
1360 2576 1542 2646 sunt,
1586 2591 1873 2659 quarum
1915 2576 2048 2635 tres
2094 2576 2256 2634 sunt
2302 2568 2610 2657 superius
2642 2567 2710 2633 in

1162 2677 1403 2765 capite.
1448 2699 1585 2742 una
1621 2676 1683 2740 in
1717 2675 2024 2765 longum.
2071 2683 2135 2742 et
2164 2699 2302 2742 una
2352 2683 2529 2741 retro
2562 2698 2710 2765 qum

1157 2780 1373 2849 laudm
1413 2790 1509 2849 est
1556 2782 1822 2860 similis,
1860 2791 1922 2849 et
1967 2806 2102 2849 una
2142 2790 2298 2849 ante
2338 2806 2455 2872 per
2490 2791 2712 2849 trans-

1168 2912 1438 2955 versum
1497 2888 1834 2956 coronalis
1865 2889 2034 2956 facta
2069 2912 2085 2957 :
2122 2912 2261 2956 una
2299 2897 2526 2957 autem
2558 2911 2709 2979 quae

1165 3004 1490 3066 remanet.
1526 3006 1622 3064 est
1651 2999 1825 3063 iuter
1862 3021 1939 3061 os
1969 2997 2288 3065 coronale
2319 3005 2385 3064 et
2423 3021 2501 3065 os
2532 2997 2711 3063 frou-

1155 3103 1266 3168 tis.
1306 3105 1470 3168 ussa
1506 3126 1666 3169 vero
1697 3127 2026 3195 genarum
2058 3104 2379 3169 continue
2410 3113 2562 3170 suut
2598 3127 2711 3170 ex-

1155 3218 1349 3278 tensa
1389 3235 1472 3278 ex
1517 3214 1837 3280 anteriori
1879 3215 2051 3280 ossis
2089 3213 2329 3304 capitis
2368 3214 2552 3304 quod
2585 3238 2711 3304 pe-

1157 3328 1423 3385 trosum
1467 3329 1768 3386 vocatur.

1242 3528 1482 3597 Adbuc
1524 3540 1752 3599 autem
1785 3541 1882 3600 est
1933 3556 2010 3599 os
2050 3532 2461 3600 mandibulae
2501 3557 2710 3624 supe-

1153 3637 1350 3703 rioris
1400 3645 1466 3703 et
1510 3636 1867 3705 inferioris.
1905 3636 2122 3727 Omne
2173 3647 2402 3708 autem
2452 3639 2706 3707 animal

1152 3753 1381 3812 movet
1451 3746 1920 3815 mandibulam
1997 3747 2390 3817 inferiorem
2464 3758 2710 3841 praeter

1149 3851 1504 3921 tencheam
1538 3878 1687 3945 qua-
1721 3865 1947 3924 mnvet
1972 3859 2393 3947 superiorem
2429 3884 2443 3927 :
2481 3868 2543 3926 et
2577 3857 2705 3927 hoc

1150 3960 1405 4028 dictum
1439 3971 1540 4030 est
1569 3961 1650 4030 de
1684 3961 1788 4031 bis
1818 3988 1969 4055 quae
1994 3963 2273 4032 iuferius
2301 3975 2369 4034 et
2397 3968 2706 4057 superius

1154 4063 1404 4136 babent
1448 4069 1875 4138 mandibulas
1915 4080 1982 4139 et
2021 4073 2087 4139 in
2137 4097 2278 4140 ore.
2316 4071 2492 4141 Sunt
2520 4074 2704 4141 enim

1152 4176 1431 4266 quidam
1472 4179 1689 4268 pisces
1720 4178 2044 4248 babentes
2081 4205 2237 4250 ossa
2284 4183 2708 4252 mandibula·

1155 4306 1300 4349 rum
1355 4286 1422 4351 in
1470 4294 1743 4375 gutture
1781 4311 1795 4354 :
1832 4297 1895 4355 et
1939 4287 2305 4358 lateraliter
2349 4300 2582 4358 contra
2630 4315 2702 4359 se

1151 4401 1424 4458 movent
1458 4400 1807 4485 utrasque,
1841 4396 2010 4464 sicut
2051 4398 2119 4465 in
2159 4396 2548 4488 praehabitis
2593 4400 2705 4466 di-

1151 4499 1399 4566 ximus.
1439 4498 1516 4567 Et
1548 4498 1783 4570 dentes
1813 4503 2085 4594 quidem
2116 4505 2516 4573 animalium
2544 4516 2699 4574 sunt

1149 4603 1337 4669 infixi
1383 4612 1522 4672 tam
1581 4609 1648 4674 in
1693 4608 1961 4676 ossibus
2024 4633 2354 4699 genarum
2403 4636 2553 4704 qua·
2602 4621 2698 4681 est

1147 4710 1542 4780 mandibula
1576 4718 1910 4805 superior,
1944 4742 2150 4809 qutun
2177 4720 2383 4788 etiam
2414 4722 2481 4788 in
2514 4744 2703 4790 man·

1148 4816 1381 4886 ‹libula
1443 4819 1767 4890 inferiori.
1826 4824 2151 4893 Fortassis
2189 4836 2417 4895 autem
2468 4828 2701 4897 dentes

1151 4925 1606 5016 quorumdam
1652 4930 2052 4999 animalium
2116 4943 2318 5002 erunt
2380 4934 2698 5025 perforati

1153 5033 1602 5124 perforatione
1650 5042 2076 5131 pertingente
2123 5065 2340 5135 usque
2397 5044 2483 5111 ad
2530 5045 2703 5113 radi·

1151 5167 1261 5213 ces
1289 5144 1620 5224 dentium,
1658 5150 1748 5218 ita
1787 5152 1970 5241 quud
2018 5152 2334 5219 videntur
2361 5177 2507 5221 esse
2553 5154 2705 5222 cul-

1155 5255 1244 5322 mi
1283 5257 1351 5322 in
1389 5257 1637 5347 quibus
1668 5258 1798 5325 alia
1830 5260 2210 5329 substantia
2251 5263 2457 5329 intixa
2487 5272 2588 5331 est
2617 5287 2702 5331 ex

1150 5371 1338 5452 parte
1367 5364 1668 5431 radicum
1703 5388 1718 5432 ε
1754 5373 1817 5433 et
1849 5366 2019 5436 sorte
2069 5392 2207 5436 nou
2248 5369 2375 5436 erit
2414 5370 2531 5448 ita,
2584 5370 2700 5437 sed

1152 5476 1303 5534 sunt
1347 5490 1425 5535 os
1449 5474 1847 5540 continuum
1870 5484 2104 5564 aptum
2128 5475 2515 5566 sculpturae,
2551 5500 2701 5568 quae

1149 5573 1220 5641 lit
1250 5573 1428 5642 ferro
1457 5588 1735 5669 propter
1771 5581 1943 5645 ossis
1972 5582 2461 5651 concavitatem
2501 5591 2564 5651 et
2596 5607 2704 5652 so-

1148 5682 1504 5765 liditatem,
1563 5689 1736 5756 sicut
1796 5689 2048 5757 formas
2106 5690 2454 5759 incisionis
2529 5694 2704 5761 reci-

1154 5791 1345 5881 piunt
1377 5791 1611 5861 dentes
1639 5795 2016 5887 eleplumtis
2054 5798 2389 5889 superius,
2432 5807 2494 5867 et
2528 5800 2703 5867 ‹leu-

4275 468 4404 534 225

2837 640 2935 697 tes
2978 637 3285 698 cetorum
3337 631 3406 695 in
3465 651 3781 718 suprema
3831 636 4018 717 parte
4062 650 4213 716 quae
4262 650 4402 695 non

2837 745 2938 802 est
2967 757 3295 802 concava.

2926 839 3096 906 Ossa
3137 862 3299 905 vero
3352 841 3855 906 concavitatum
3913 841 4053 906 sive
4103 842 4403 908 furcula-

2834 969 2985 1012 rum
3044 945 3531 1024 humeralium,
3587 946 4013 1036 applicantur
4059 971 4180 1035 per
4236 950 4403 1039 liga-

2832 1062 3063 1121 menta
3103 1054 3374 1123 ossibus
3413 1055 3831 1146 spondilium
3864 1063 3929 1122 et
3965 1062 4171 1122 costae
4213 1057 4401 1122 simi-

2831 1162 2983 1230 liter
3019 1187 3033 1231 :
3069 1164 3189 1231 sed
3219 1188 3302 1231 ex
3343 1174 3532 1255 parte
3562 1165 3855 1255 pectoris
3887 1172 4045 1230 sunt
4085 1163 4395 1254 quaedam

2830 1271 3108 1339 costulae
3138 1296 3291 1362 quae
3355 1272 3782 1361 applicantur
3823 1274 4025 1339 costis
4076 1295 4115 1338 a
4158 1280 4395 1361 poste-

2831 1383 2988 1449 riori
3020 1380 3480 1457 venientibus,
3518 1390 3592 1447 ut
3632 1381 3726 1447 sic
3759 1389 3990 1470 pectus
4041 1380 4392 1449 claudatur

2828 1490 2912 1557 ad
2941 1513 3019 1558 os
3069 1488 3255 1580 quod
3286 1499 3444 1557 ante
3491 1489 3832 1556 concludit
3874 1499 4131 1578 pectus.
4187 1488 4390 1568 Quae-

2826 1601 2983 1667 dam
3052 1611 3280 1668 autem
3357 1609 3516 1667 sunt
3575 1585 3926 1666 inferiores
3985 1609 4191 1667 costa}
4234 1623 4388 1690 quae

2825 1708 3077 1776 tumori
3107 1708 3366 1776 ventris
3407 1708 3570 1774 dant
3598 1706 3853 1787 locum,
3888 1731 4042 1797 quae
4077 1731 4157 1774 ex
4197 1717 4386 1798 parte

2824 1817 3145 1884 auteriori
3189 1816 3275 1883 ad
3307 1815 3575 1883 nullum
3605 1816 3886 1882 omnino
3928 1837 4004 1882 os
4036 1815 4389 1905 applican-

2824 1931 2955 1988 tur.
2998 1920 3284 1987 Nullum
3326 1925 3512 1989 enim
3563 1930 3663 1989 est
3703 1944 3778 1989 os
3835 1922 3901 1987 in
3943 1928 4178 1989 ventre
4228 1923 4385 1988 ani-

2821 2030 3105 2097 malium
3138 2030 3557 2120 aliquorum.
3604 2030 3771 2097 Ossa
3815 2039 4041 2098 autern
4074 2054 4223 2121 quae
4263 2055 4385 2123 gy-

2824 2140 3154 2204 rationem
3207 2137 3459 2204 babent
3506 2140 3571 2204 in
3621 2138 3927 2228 spatulis,
3961 2147 4114 2203 sunt
4162 2141 4379 2227 posita

2821 2269 2940 2335 per
3004 2246 3534 2335 applicationem
3600 2269 3807 2335 super
3872 2247 4170 2335 ipsarum
4230 2269 4381 2312 ossa

2818 2353 3240 2442 spatularum
3278 2362 3391 2422 :et
3460 2353 3608 2421 haec
3683 2362 3841 2421 suut
3916 2354 4253 2443 adjutoria
4319 2362 4385 2421 et

2819 2459 3113 2538 humeri,
3149 2468 3217 2528 et
3254 2468 3493 2551 postea
3514 2469 3671 2527 sunt
3704 2484 3857 2528 ossa
3898 2461 4202 2527 focilium
4243 2463 4390 2528 sive

2816 2565 3257 2633 brachiorum
3297 2574 3364 2634 et
3403 2565 3696 2632 duarum
3745 2573 4184 2641 rascetarum,
4233 2588 4389 2656 qua·

2819 2682 2974 2740 sunt
3039 2675 3209 2740 sicut
3283 2672 3528 2750 cabal),
3607 2673 3736 2740 lun·
3806 2683 3931 2755 est,
3995 2672 4387 2739 calcaneum

2818 2803 3085 2845 manus.
3134 2782 3303 2847 Ossa
3335 2787 3567 2846 autem
3600 2803 3929 2846 coxarum
3963 2779 4392 2868 applicantur

2817 2911 2937 2978 per
2966 2886 3439 2978 alligationem
3471 2886 3739 2953 ossibus
3771 2911 4230 2978 quocumque,
4258 2886 4388 2955 hoc

2819 3005 2944 3074 est,
2991 3020 3232 3063 renum
3296 2999 3666 3086 utrimque.
3720 2996 3796 3062 lit
3847 3005 3999 3087 post
4060 2996 4172 3064 illa
4229 3003 4389 3063 sunt

2819 3127 2973 3171 ossa
3014 3106 3314 3171 crurium
3367 3114 3433 3170 et
3473 3105 3724 3195 pedum
3765 3113 3874 3171 :et
3935 3128 4071 3170 nou
4122 3111 4222 3170 est
4279 3104 4388 3169 di-

2817 3214 3100 3278 versitas
3150 3212 3327 3278 inter
3374 3234 3528 3278 ossa
3589 3210 3995 3278 animalium
4045 3235 4196 3301 qua·
4257 3209 4387 3276 ba·

2818 3320 2979 3387 bent
3009 3321 3419 3410 sauguinem
3465 3321 3668 3387 simul
3704 3329 3767 3387 et
3810 3319 4014 3411 pedes
4061 3320 4187 3386 nisi
4220 3343 4385 3410 par-

2818 3451 2925 3496 va.
2964 3428 3117 3496 Non
3176 3429 3360 3495 enim
3404 3429 3837 3495 diversantur
3879 3429 4006 3495 nisi
4061 3428 4127 3494 iu
4171 3427 4390 3494 molli-

2817 3536 2930 3612 tie,
2965 3545 3031 3603 et
3069 3536 3341 3614 duritie,
3376 3543 3444 3603 et
3476 3535 3973 3621 magnitudine,
4004 3543 4069 3601 et
4102 3534 4391 3625 parvita-

2815 3651 2905 3711 te.
2956 3641 3277 3733 Amplius
3315 3651 3548 3710 autem
3598 3642 3668 3709 in
3715 3642 3991 3710 ossibus
4053 3664 4390 3732 quorum-

2815 3750 2973 3818 dam
3013 3749 3421 3818 animalium
3473 3760 3575 3817 est
3625 3749 3949 3828 medulla,
3993 3758 4059 3817 et
4090 3750 4157 3815 in
4208 3771 4388 3839 quo-

2818 3859 3133 3927 rumdam
3193 3881 3333 3925 non
3369 3879 3385 3924 :
3422 3866 3487 3924 et
3551 3858 3869 3949 qua-dam
3932 3855 4181 3924 habent
4234 3879 4387 3946 par·

2814 3993 2972 4036 vam
3032 3966 3406 4035 medullam
3460 3968 3527 4033 in
3582 3968 3853 4033 ossibus
3892 3968 4034 4032 suis
4071 3990 4085 4032 ε
4122 3974 4183 4032 et
4245 3964 4383 4033 haee

2815 4077 2882 4143 in
2923 4076 3159 4166 paucis
3195 4074 3469 4144 ossibus
3509 4071 3762 4141 babent
3814 4073 4209 4147 medullam,
4256 4074 4384 4140 sic·

2814 4192 2886 4250 ut
2918 4183 2985 4249 in
3017 4183 3241 4257 leone,
3279 4182 3349 4248 in
3380 4181 3578 4267 cujus
3627 4181 3898 4248 ossibus
3937 4203 4078 4248 nou
4114 4182 4386 4247 iuveni-

2814 4301 2926 4359 tur
2966 4288 3291 4366 medulla,
3328 4289 3457 4356 nisi
3511 4289 3578 4354 iu
3630 4289 3901 4355 ossibus
3942 4311 4272 4355 coxarum
4319 4294 4384 4352 et

2814 4400 3141 4477 lucilium,
3175 4406 3240 4464 et
3272 4396 3544 4464 subtilis
3583 4405 3648 4464 et
3698 4419 3912 4487 pauca
3948 4419 3964 4463 ε
4001 4421 4153 4462 ossa
4197 4397 4379 4461 euim

2813 4506 3029 4573 leonis
3084 4503 3428 4572 excellunt
3471 4506 3539 4570 in
3588 4503 3832 4571 duritie
3879 4504 4015 4571 l'ere
4065 4502 4375 4569 omnium

2812 4611 3214 4682 animalium
3281 4633 3464 4677 ossa.
3521 4608 3601 4678 tit
3651 4607 3855 4699 liujus
3911 4611 4185 4699 signum
4244 4616 4372 4686 est,

2812 4720 2972 4812 quia
3021 4717 3297 4810 quando
3352 4716 3699 4785 colliditur
3746 4740 3959 4785 unum
4012 4740 4168 4786 cum
4212 4715 4369 4790 alio,

2813 4829 3055 4896 emicat
3092 4826 3269 4915 ignis
3297 4848 3383 4892 ex
3415 4825 3538 4893 eis.

2905 4932 3219 5025 Amplius
3258 4941 3489 5000 autem
3530 4934 3708 4999 inter
3752 4931 4064 5021 aquatica
4119 4928 4380 5019 delpbi·

2816 5067 2944 5112 nus
2992 5041 3197 5109 babet
3237 5063 3421 5118 ossa,
3474 5051 3541 5108 et
3593 5048 3763 5116 cete,
3807 5048 3869 5105 et
3933 5063 4069 5107 nun
4120 5039 4375 5128 spinas.

2814 5152 2984 5220 Ossa
3013 5175 3180 5219 vero
3211 5149 3506 5217 aliorum
3542 5147 3941 5216 habentium
3972 5147 4380 5235 sanguinem

2815 5260 3217 5331 animalium
3286 5259 3721 5327 diversantur
3779 5258 4152 5333 modicum,
4207 5259 4382 5324 sicut

2815 5392 2971 5437 ossa
3026 5391 3358 5459 generum
3431 5368 3695 5444 avium,
3727 5377 3786 5433 et
3823 5367 4037 5456 spina·
4074 5365 4382 5432 marino-

2817 5503 2966 5546 rum
2987 5500 3002 5545 :
3021 5478 3348 5567 quoniam
3373 5475 3557 5566 quod
3583 5476 3777 5541 exeis
3797 5483 4077 5565 generat
4095 5471 4377 5550 animal,

2816 5593 2915 5652 est
2946 5606 3201 5675 grossa·
3234 5582 3480 5671 spiua·,
3515 5589 3586 5647 ut
3617 5582 3837 5648 celeti.
3882 5580 4173 5648 (lvautia
4213 5600 4377 5645 vero

2818 5693 3069 5760 babent
3097 5691 3332 5781 spinas
3353 5686 3775 5778 spondilium
3816 5687 4075 5757 similes
4106 5682 4384 5775 spondi·

2819 5798 2996 5868 libus
3042 5794 3591 5888 quadrupedum.
3679 5797 3940 5862 Genera
3990 5800 4219 5860 autem
4287 5789 4388 5880 pi·

4109 5931 4173 5986 ¹3
