4919 6371
1942 437 2112 510 LIB.
2167 433 2264 505 ΙΙΙ
2310 427 2430 504 DE
2477 429 3065 515 ANIMALIBUS,
3116 431 3429 505 TRACT.
3484 436 3511 503 l

1143 614 1356 681 nervi.
1406 611 1478 678 Si
1529 611 1712 678 enim
1768 633 1960 678 venae
2015 635 2155 679 non
2223 617 2694 699 recuperarent

1137 730 1362 810 partes
1393 718 1749 800 abscissaS,
1786 742 1923 786 non
1963 727 2376 800 recresceret=
2394 738 2549 783 caro
2580 712 2693 780 ab·

1139 825 1342 892 scissa
1378 847 1393 890 :
1432 824 1592 914 quia
1630 824 1748 891 illa
1785 826 1928 892 sine
1958 846 2289 892 venarum
2328 820 2692 888 abscissio-

1140 956 1225 1000 ne
1256 932 1508 1000 abscidi
1553 956 1693 1002 non
1733 936 1976 1024 potuit.
2016 932 2153 999 Sed
2191 931 2382 997 nervi
2423 951 2561 996 non
2594 951 2692 995 re-

1141 1050 1450 1108 crescunt
1500 1043 1556 1108 si
1623 1041 1991 1108 absciditur
2025 1061 2182 1128 pars
2239 1061 2323 1105 ex
2387 1037 2577 1128 ipsiS,
2627 1045 2691 1104 et

1142 1147 1292 1215 ideo
1326 1157 1630 1216 remanet
1657 1147 1846 1215 locus
1893 1170 2049 1214 cum
2095 1147 2428 1214 cicatrice.
2475 1143 2549 1213 Si
2578 1168 2689 1213 au·

1142 1263 1280 1323 tem
1336 1255 1635 1324 findatur
1679 1278 1926 1322 nervus
1984 1255 2053 1322 in
2118 1255 2430 1346 longum,
2499 1254 2690 1321 facile

1141 1363 1606 1432 consolidatur
1640 1386 1654 1431 :
1689 1371 1757 1431 ct
1792 1365 1847 1430 si
1888 1370 2151 1431 secetur
2181 1365 2249 1431 in
2279 1362 2414 1430 duo
2444 1385 2565 1452 per
2592 1362 2689 1429 la—

1138 1479 1307 1549 tum,
1351 1469 1817 1538 consolidatur
1878 1461 2180 1561 quidem,
2229 1458 2347 1540 sed
2404 1461 2691 1537 difficul-

1139 1584 1263 1655 ter,
1294 1599 1374 1643 eo
1415 1576 1602 1666 quod
1632 1577 2019 1667 frequenter
2055 1578 2127 1645 in
2158 1601 2228 1646 se
2262 1575 2696 1645 retrahuntur

1138 1691 1362 1773 partes
1420 1685 1566 1773 ejus
1597 1694 1917 1764 extensae,
1961 1687 2059 1754 ita
2104 1685 2289 1776 quod
2344 1707 2482 1752 una
2528 1683 2692 1751 alte-

1140 1813 1286 1857 ram
1331 1813 1469 1858 non
1517 1792 1790 1882 attingit
1832 1792 1962 1859 nisi
2003 1793 2121 1859 fiat
2165 1800 2307 1859 arte
2350 1789 2581 1859 subtili
2631 1797 2695 1857 et

1141 1895 1396 1964 labore.

1226 2001 1544 2094 Amplius
1574 2004 1804 2072 nullus
1860 2027 2111 2072 nervus
2150 2006 2433 2088 omnino
2475 2013 2576 2073 est
2623 2006 2692 2070 iu

1141 2111 1379 2200 capitis
1408 2112 1748 2198 juncturis
1791 2112 2254 2203 superioribus
2291 2137 2305 2180 t
2341 2113 2501 2202 quia
2539 2133 2693 2179 ossa

1140 2219 1376 2308 capitis
1421 2221 1776 2309 superiora
1814 2243 1952 2286 non
2006 2221 2518 2309 conjunguntur
2563 2217 2690 2285 nisi

1138 2351 1258 2417 per
1286 2336 1557 2394 suturas
1586 2328 1897 2412 seri-ales,
1928 2331 2101 2398 sicut
2143 2330 2213 2396 in
2257 2331 2480 2419 primo
2520 2326 2692 2393 libro

1139 2432 1342 2523 liujus
1403 2435 1705 2504 scientiae
1750 2437 1897 2523 jam
1962 2436 2486 2504 determinatum
2563 2445 2685 2502 est.

1137 2542 1358 2632 Major
1417 2553 1650 2613 autem
1724 2545 2092 2613 multitudo
2159 2569 2527 2614 nervorum
2595 2551 2692 2610 est

1138 2651 1317 2742 apud
1350 2675 1594 2719 manus
1651 2662 1717 2720 et
1753 2653 1956 2745 pedes
2015 2663 2079 2723 et
2126 2663 2348 2722 costas
2396 2661 2463 2721 ot
2491 2675 2695 2744 gyra-

1139 2761 1358 2828 tiones
1415 2761 1833 2852 spatularum
1894 2774 1960 2832 et
2006 2764 2259 2831 collum
2300 2773 2365 2831 et
2412 2762 2696 2853 spondi-

1139 2870 1251 2937 lia.

1228 2977 1471 3046 Adhuc
1529 2987 1758 3047 autem
1836 3002 2038 3048 omne
2105 2982 2359 3049 animal
2436 2981 2693 3049 liabens

1138 3087 1569 3176 sanguinem,
1626 3085 1833 3157 habet
1871 3112 2184 3157 nervum.
2239 3088 2513 3156 Animal
2575 3109 2695 3156 au-

1137 3201 1273 3262 tem
1305 3214 1445 3262 non
1493 3192 1755 3264 habens
1812 3199 2246 3289 sanguinem,
2289 3206 2357 3267 et
2406 3221 2547 3267 uon
2586 3198 2699 3266 sse·

1137 3309 1326 3371 ctens
1356 3304 1667 3372 membra
1696 3328 1817 3396 per
1861 3306 2145 3375 modum
2185 3309 2691 3398 juncturarum,

1135 3413 1461 3502 quoniam
1529 3422 1713 3483 caret
1768 3417 2084 3484 manibus
2140 3425 2207 3486 et
2288 3416 2574 3510 pedibus
2630 3424 2696 3488 et

1133 3521 1283 3592 aliis
1312 3526 1574 3594 ossium
1620 3527 1923 3609 flexuris,
1974 3526 2182 3598 habet
2211 3548 2458 3599 nervos
2498 3530 2694 3602 valde

4226 425 4354 504 223

2803 605 3086 672 subtiles
3152 629 3290 673 non
3351 607 3745 675 manifestos
3784 632 3798 676 ε
3835 620 3902 678 et
3958 611 4108 677 ideo
4169 608 4357 674 nervi

2804 733 2940 778 non
3001 712 3524 779 manifestantur
3585 715 3654 779 in
3721 713 4044 803 piscibuS,
4121 723 4363 802 praeter

2804 819 2956 887 illos
2987 824 3103 910 qui
3136 831 3295 889 sunt
3326 823 3396 887 in
3429 823 3704 889 flexuris
3736 820 3998 888 alarum
4031 846 4181 913 quae
4207 824 4363 914 pin-

2803 929 2988 997 72choe
3035 940 3395 1014 vocantur,
3461 931 3849 1000 Nervorum
3918 939 4144 998 autem
4203 931 4365 997 sub-

2804 1039 3025 1107 tilium
3059 1041 3172 1108 filo
3206 1039 3745 1107 assimilatorum
3777 1047 4019 1105 natura
4054 1047 4149 1105 est
4193 1039 4366 1105 inter

2804 1157 3117 1216 naturam
3158 1151 3350 1216 nervi
3384 1157 3451 1216 et
3476 1171 3670 1215 venae
3702 1172 3716 1214 :
3752 1155 3819 1215 et
3851 1151 3918 1215 iu
3949 1147 4176 1237 aliquo
4209 1171 4363 1216 ner-

2801 1279 2889 1323 vo
2932 1257 3279 1323 invenitur
3317 1253 3688 1321 humiditas
3738 1276 3996 1343 aquosa
4049 1253 4366 1342 aliquan-

2800 1363 2915 1441 do,
2952 1385 3105 1452 quae
3137 1361 3381 1429 similis
3409 1369 3514 1428 est
3551 1361 3919 1452 aquositati
3951 1360 4305 1450 sanguinis
4344 1382 4358 1426 ε

2805 1476 2869 1535 et
2897 1468 2991 1534 illi
3034 1466 3193 1535 sunt
3222 1457 3525 1536 contexll
3555 1491 3639 1535 ex
3669 1474 3917 1534 natura
3947 1489 4097 1556 qua·
4134 1475 4234 1532 est
4270 1466 4369 1530 in—

2805 1587 2906 1644 ter
2937 1586 3253 1643 naturam
3294 1577 3590 1644 aliorum
3644 1597 4011 1643 nervorum
4062 1582 4127 1640 et
4177 1581 4368 1640 natu-

2804 1709 2949 1753 ram
2981 1708 3339 1754 venarum.
3367 1685 3722 1770 Etmsimilis
3753 1682 3914 1751 huic
3942 1682 4144 1750 modo
4176 1682 4365 1748 inve-

2805 1796 2988 1860 nitur
3018 1795 3264 1861 modus
3290 1794 3357 1859 in
3380 1793 3714 1883 sanguine
3742 1789 4197 1881 quorumdam
4220 1789 4367 1855 ani-

2804 1896 4047 1988 malium,etnoncujuslibetanimalis
4082 1920 4097 1962 ε
4132 1903 4365 1963 etcum

2801 2008 3105 2076 aufertur
3146 2026 3186 2074 a
3233 2007 3568 2097 sanguine
3609 2005 3764 2073 talis
3792 2013 4036 2073 natura
4071 2007 4360 2080 viscosa,

2802 2142 2938 2185 nou
2983 2118 3386 2208 coagulatur
3421 2140 3435 2185 ε
3467 2124 3532 2184 et
3560 2117 3612 2181 si
3659 2119 4080 2192 remanserit,
4116 2115 4185 2179 in
4218 2114 4362 2201 ipso

2802 2223 3299 2317 coagulabitur.
3338 2223 3465 2293 llic
3497 2232 3724 2293 autem
3758 2223 4001 2291 medus
4034 2222 4365 2289 tilesitatis

2805 2359 3110 2424 aquus-w,
3147 2358 3286 2402 non
3320 2334 3667 2401 invenitur
3708 2335 3776 2400 in
3817 2333 4146 2422 sanguine
4186 2331 4363 2396 cervi

2805 2466 3022 2532 neque
3055 2444 3231 2510 tauri
3276 2466 3292 2510 :
3340 2450 3756 2534 quapropter
3775 2463 3911 2508 nou
3941 2439 4359 2528 coagulatur,

2804 2549 2917 2615 sed
2961 2549 3316 2616 induratur
3346 2560 3409 2616 et
3452 2548 3830 2616 exsiccatur
3869 2545 4114 2613 amissa
4144 2543 4367 2611 humi-

2806 2657 3038 2734 ditate,
3082 2658 3257 2725 sicut
3296 2660 3503 2725 etiam
3534 2656 3717 2723 aliud
3748 2679 3833 2722 ex
3863 2665 4042 2722 terra
4087 2662 4146 2719 et
4192 2676 4367 2743 aqua

2806 2766 3285 2832 commixtum.
3360 2765 3658 2854 Sanguis
3724 2771 3953 2830 autem
4020 2762 4195 2827 cervi
4248 2783 4367 2849 pa-

2810 2897 2958 2939 rum
2991 2873 3418 2960 coagulatur,
3454 2874 3628 2938 sicut
3659 2880 3724 2939 et
3766 2870 4038 2960 leporis,
4073 2868 4190 2935 sed
4229 2891 4366 2934 non

2804 2980 3205 3070 coagulatur
3257 2979 3739 3068 coagulatione
3799 2977 3981 3052 forti,
4024 2975 4141 3042 sed
4209 2974 4363 3048 levi,

2805 3088 2974 3153 sieut
3016 3096 3114 3153 est
3159 3079 3548 3176 coagulatio
3606 3085 3820 3159 laetisu
3868 3083 3936 3149 iu
3985 3080 4165 3172 quod
4222 3103 4358 3147 uon

2808 3194 3075 3281 ejicitur
3106 3192 3503 3284 coagulum.

2898 3313 3029 3379 lsta
3072 3315 3281 3402 igitur
3330 3321 3428 3380 est
3473 3321 3714 3379 natura
3744 3332 4071 3378 venarum
4106 3317 4166 3375 et
4207 3332 4361 3375 ner-

2805 3447 3049 3490 vorum
3110 3422 3425 3490 omnium
3498 3431 3637 3489 tam
3702 3443 4097 3512 grossorum
4156 3438 4363 3506 quam

2808 3533 3193 3622 gracilium.
