4919 6371
589 365 720 431 2130

586 536 776 602 inulti
844 531 1302 598 resolvuntur.
1369 522 1554 588 Idem
1620 530 1847 587 autem
1907 529 2003 586 est
2064 519 2144 585 de

590 642 745 732 pilis
776 635 1299 726 superciliorum
1341 640 1408 698 et
1437 629 1913 720 palpebrarum
1955 651 2151 718 prop·

589 760 689 815 ter
727 741 1207 810 humiditatem
1250 739 1635 806 oculorum.
1691 737 1982 816 Quidam
2023 759 2152 802 au-

587 862 725 920 tem
759 848 878 939 pili
917 854 1294 915 nascuntur
1323 855 1478 936 post
1531 854 1801 913 aetatem
1850 845 2150 934 aliquam

588 969 934 1037 natorum,
968 965 1035 1024 et
1063 957 1243 1023 inter
1273 955 1429 1023 illos
1469 955 1657 1045 prius
1694 955 2006 1020 oriuntur
2036 951 2153 1040 pili

593 1064 879 1156 pectinis
910 1065 978 1129 in
1010 1062 1295 1151 inguine
1331 1083 1414 1126 ex
1446 1058 1664 1124 multo
1698 1058 1918 1123 calore
1946 1064 2008 1122 et
2041 1076 2157 1119 va-

595 1196 758 1265 pore
808 1170 890 1238 ad
945 1172 1200 1258 inguen
1251 1165 1775 1239 declinantibuS‚
1820 1170 1882 1228 et
1914 1162 2156 1228 deinde

597 1289 971 1351 nascuntur
1010 1281 1080 1343 in
1129 1273 1708 1341 subascellaribus
1742 1273 1905 1339 locis
1937 1294 2018 1338 ex
2050 1273 2161 1337 vi-

599 1392 872 1459 cinitate
903 1383 1128 1452 cordis
1162 1382 1323 1449 illuc
1352 1381 1649 1449 calidum
1689 1388 1754 1447 et
1800 1379 2159 1445 humidum

597 1491 1084 1587 propellentes.
1131 1489 1493 1558 Postremo
1525 1496 1754 1556 autem
1793 1493 2164 1554 nascuntur

600 1603 717 1694 pili
772 1599 1023 1680 barbae,
1066 1620 1150 1666 eo
1205 1598 1392 1689 quod
1450 1597 1547 1664 illi
1605 1605 2017 1688 generantur
2082 1617 2164 1662 ex

602 1715 802 1776 acuto
842 1706 1067 1774 calore
1115 1704 1200 1772 ab
1233 1705 1557 1772 anteriori
1589 1705 1823 1792 capitis
1883 1703 2160 1778 reflexo,

604 1824 670 1884 et
717 1821 992 1905 propter
1028 1820 1294 1879 motum
1358 1812 1602 1878 fortem
1651 1818 1713 1876 et
1780 1809 2169 1897 frequenter

605 1943 808 2009 super
854 1916 1326 1984 mandibulam
1358 1915 1751 1983 inferiorem
1776 1921 2162 1996 attractum,

608 2049 757 2117 quae
786 2025 1009 2091 vicina
1051 2031 1118 2091 et
1155 2023 1471 2113 opposita
1495 2029 1592 2089 est
1642 2021 1791 2088 loco
1841 2043 1878 2087 a
1918 2043 2053 2111 quo
2096 2021 2168 2086 tit

615 2135 914 2200 reflexio.

699 2239 1016 2330 Amplius
1057 2244 1287 2305 autem
1337 2238 1456 2328 pili
1497 2235 1805 2328 pluribus
1845 2234 2066 2303 modis
2106 2241 2172 2302 et

612 2349 832 2414 causis
863 2348 1078 2429 fluunt
1114 2367 1150 2410 a
1184 2346 1403 2434 capite
1434 2346 1502 2411 in
1526 2367 1844 2434 processu
1865 2351 2166 2409 aetatum.

618 2456 690 2523 lu
729 2454 996 2521 calvitie
1029 2460 1257 2519 autem
1291 2454 1482 2542 prius
1512 2453 1730 2518 fluunt
1760 2450 1846 2517 ab
1874 2450 2175 2517 anterio-

613 2565 667 2628 ri
708 2561 972 2649 capitis,
1016 2581 1097 2626 eo
1132 2559 1319 2649 quod
1360 2557 1453 2625 ibi
1488 2559 1755 2625 ossibus
1785 2558 1945 2624 satis
1984 2557 2174 2646 capi-

615 2670 697 2735 tis
728 2690 864 2734 non
904 2664 1202 2733 colueret
1240 2665 1541 2733 medulla
1582 2664 1836 2731 cerebri
1876 2689 1889 2731 :
1934 2663 2175 2731 deinde

615 2776 993 2842 successive
1054 2773 1276 2840 fluunt
1341 2797 1377 2840 a
1412 2773 1578 2841 locis
1651 2774 1894 2840 vicinis
1959 2794 2174 2861 usque

619 2883 700 2949 ad
735 2880 1035 2947 medium
1114 2884 1380 2971 rapitiS.
1448 2880 1500 2946 A
1578 2881 1936 2971 posteriori
2014 2902 2176 2946 vero

619 2992 858 3082 eapitis
916 3013 1053 3056 non
1108 2991 1352 3067 fluunt,
1418 3015 1498 3058 eo
1557 2990 1737 3081 quod
1796 2993 1971 3080 jacet
2007 3015 2182 3080 qua-

623 3102 675 3166 si
736 3120 941 3189 super
998 3120 1075 3162 os
1146 3098 1448 3165 medulla
1514 3098 1796 3179 cerebri,
1832 3107 1894 3165 et
1949 3098 2040 3165 ilii
2082 3107 2182 3165 est

628 3208 849 3299 platea
909 3208 976 3273 in
1034 3227 1169 3296 qua
1222 3207 1604 3273 infunditur
1651 3206 2008 3274 humidum
2050 3230 2185 3275 nu·
2229 3236 2233 3241 ’

626 3317 836 3382 triens
892 3311 1278 3390 cerebrum,
1336 3322 1400 3380 et
1442 3311 1573 3380 hoc
1647 3322 1823 3380 tenet
1879 3314 2179 3404 capillos.

633 3422 773 3511 ligo
830 3428 1058 3486 tamen
1136 3419 1275 3486 vidi
1323 3441 1539 3486 unum
1579 3422 1832 3495 virum,
1874 3421 1979 3486 cui
2029 3442 2187 3485 om-

631 3551 750 3595 nes
830 3552 866 3594 a
945 3534 1091 3592 toto
1164 3526 1388 3616 capite
1465 3527 1809 3594 fluxerunt
1872 3526 2095 3617 capilli
2167 3548 2182 3593 ε

631 3634 747 3701 sed
814 3631 1056 3699 ascidit
1118 3653 1159 3697 a
1223 3630 1412 3699 febre
1480 3632 1882 3712 desiccante,
1938 3642 2185 3700 etcum

633 3743 876 3811 rediret
923 3741 1209 3819 sanitas,
1272 3742 1631 3831 occupavit
1693 3742 2024 3832 frigiditas
2084 3743 2191 3809 lo-

629 3873 786 3918 rum
841 3848 1140 3938 pilorum
1190 3857 1254 3915 et
1304 3848 1553 3917 clausit
1592 3871 1821 3939 poros,
1876 3852 1966 3916 ita
2007 3849 2189 3939 quod

630 3957 854 4049 capilli
894 3957 1155 4025 renasci
1205 3978 1348 4025 non
1398 3965 1791 4048 potuerunt.
1850 3957 1925 4024 Et
1986 3956 2191 4044 hujus

631 4066 903 4153 signum
945 4064 1204 4143 inveni,
1246 4065 1409 4155 quia
1439 4065 1651 4156 polita
1694 4073 1758 4131 et
1789 4066 1982 4155 quasi
2031 4087 2193 4154 spe-

631 4172 859 4238 culum
893 4172 1126 4238 lucens
1146 4182 1287 4239 erat
1321 4174 1562 4262 capitis
1591 4173 1737 4261 ejus
1766 4172 1961 4262 pellis
1995 4193 2010 4238 t
2047 4171 2194 4241 lia-c

633 4281 812 4345 enim
848 4289 948 4346 est
985 4300 1216 4355 causa,
1261 4278 1450 4368 quod
1490 4280 1558 4345 in
1592 4279 1741 4346 loco
1773 4279 2019 4346 scabiei
2056 4301 2190 4346 non

635 4387 935 4455 nascitur
962 4384 1164 4476 pilus,
1209 4386 1372 4476 quia
1412 4387 1749 4453 exsiccata
1788 4383 2192 4453 humiditate

635 4491 900 4583 putrida
937 4491 1284 4560 clauditur
1309 4514 1521 4584 porus
1552 4492 1665 4583 pili
1700 4515 1820 4583 per
1859 4493 2196 4584 frigidita-

633 4610 770 4667 tem
820 4623 972 4690 quae
1021 4609 1272 4691 ocupat
1323 4602 1551 4669 locum
1601 4624 1756 4668 eum
1802 4603 2194 4692 evaporavit

633 4706 930 4774 calidum
972 4709 1041 4773 in
1089 4729 1217 4774 suo
1264 4707 1575 4796 subjecto
1615 4707 1799 4799 quod
1840 4716 1936 4775 est
1991 4716 2196 4776 natu-

636 4813 772 4880 rale
795 4812 1157 4882 humidum
1183 4815 1434 4883 fluxus.
1472 4814 1642 4884 Item
1673 4816 1947 4907 quando
1979 4818 2198 4885 fluunt

636 4922 859 5013 capilli
904 4945 946 4990 a
986 4924 1349 5014 posteriori
1400 4931 1590 5014 parte
1645 4924 1910 5014 capitis,
1953 4923 2199 4992 dicitur

638 5028 1038 5119 capillorum
1077 5029 1361 5109 ablatio,
1397 5040 1464 5098 et
1500 5053 1637 5098 non
1677 5029 2003 5099 calvities.

733 5145 1045 5237 Amplius
1084 5157 1316 5215 autem
1349 5154 1642 5216 castrato
1673 5156 1828 5214 ante
1865 5147 2199 5239 pollutio-

641 5275 796 5318 nem
830 5253 898 5319 in
929 5276 1176 5320 somno
1218 5255 1491 5330 factam,
1544 5277 1684 5321 non
1731 5254 2043 5321 oriuntur
2081 5253 2197 5344 pili

639 5355 868 5422 viriles
918 5367 1198 5448 propter
1243 5359 1686 5449 frigiditatem
1738 5382 1942 5450 poros
2008 5358 2199 5427 clau-

637 5460 936 5539 dentem,
977 5471 1045 5530 οἱ
1091 5463 1512 5532 ablationem
1566 5465 1868 5541 testium,
1912 5467 2026 5555 qui
2070 5474 2201 5530 tra-

642 5566 814 5635 bunt
842 5567 925 5634 de
957 5566 1243 5638 humido
1273 5572 1531 5640 cerebri
1573 5570 1656 5637 ad
1683 5571 1911 5640 locum
1940 5570 2190 5651 barbae,

639 5674 810 5741 sicut
852 5674 920 5741 in
959 5675 1361 5763 prm-habitis
1388 5677 1716 5746 diximus.
1754 5678 1827 5746 Si
1868 5682 2021 5770 quis
2070 5701 2198 5746 au-

1600 349 1684 413 D.
1738 347 1934 413 ALB.
1990 345 2206 412 MAG.
2261 344 2464 412 ORD.
2520 348 2810 417 PRAED.

2253 528 2388 584 tem
2424 527 2569 606 post
2614 519 3000 605 hujusmodi
3054 523 3505 612 pollutionem
3557 528 3814 587 castra-

2254 634 2385 694 tur,
2443 625 2765 713 incipiunt
2820 627 2887 692 in
2938 652 3018 692 eo
3072 630 3278 696 fluere
3332 629 3444 718 pili
3505 627 3735 693 viriles
3789 649 3804 692 ε

2226 732 2370 812 ‚sed
2411 731 2690 821 pectinis
2729 740 2790 797 ct
2841 732 3205 800 muliebres
3258 744 3538 803 manent
3600 756 3809 824 prop—

2261 851 2358 916 ter
2386 839 2734 907 abundans
2764 839 3057 906 calidum
3091 850 3156 907 et
3188 841 3551 910 humidum
3585 845 3654 910 in
3701 843 3810 909 lo-

2259 950 2352 1017 cis
2382 948 2535 1015 illis.

2348 1055 2656 1144 Amplius
2696 1065 2921 1122 autem
2964 1079 3101 1122 non
3145 1055 3463 1121 oriuntur
3514 1054 3814 1121 mulieri-

2259 1162 2386 1227 bus
2441 1161 2558 1250 pili
2600 1163 2665 1227 in
2733 1162 2883 1229 loco
2950 1163 3198 1240 barbae,
3244 1165 3378 1230 nisi
3446 1185 3689 1250 parum
3743 1163 3813 1228 iu

2264 1266 2666 1356 quibusdam
2724 1269 2915 1335 valde
2972 1269 3231 1348 calidis,
3297 1292 3436 1336 non
3515 1268 3811 1335 multum

2265 1373 2859 1440 menstruantibus.
2910 1374 3237 1442 Fortassis
3268 1385 3497 1443 autem
3530 1374 3817 1466 quidam

2266 1489 2404 1548 tam
2441 1481 2743 1548 virorum
2777 1505 2982 1572 quam
3030 1481 3396 1549 mulierum
3436 1505 3815 1571 paucorum

2269 1596 2426 1655 sunt
2462 1588 2751 1679 pilorum
2798 1611 2811 1654 ι
2858 1579 3041 1679 q'uod
3082 1591 3418 1680 contingit
3476 1611 3562 1656 ex
3618 1589 3819 1656 dictis

2271 1695 2489 1762 causis
2519 1695 2735 1785 frigidi
2769 1718 2973 1786 poros
3004 1696 3409 1775 claudenti5‚
3445 1705 3511 1764 et
3554 1695 3820 1764 humidi

2274 1826 2408 1869 non
2449 1826 2528 1870 ea
2566 1807 2922 1893 aperientis
2957 1826 2972 1869 ε
3009 1813 3072 1872 et
3105 1805 3346 1872 modus
3397 1805 3635 1871 talium
3683 1804 3819 1872 ho-

2274 1911 2534 1977 minum
2573 1933 2722 1978 raro
2761 1910 2957 1979 habet
3009 1935 3266 1991 semen,
3320 1921 3387 1980 et
3422 1935 3564 1980 non
3613 1910 3819 1980 habet

2274 2017 2474 2097 filios,
2519 2020 2670 2108 quia
2703 2020 2963 2086 etiamsi
2994 2044 3225 2087 semen
3260 2043 3546 2110 parvum
3591 2018 3821 2097 habet,

2275 2133 2374 2191 est
2420 2124 2722 2193 inefficax
2773 2127 2856 2193 ad
2902 2129 3441 2217 generationem,
3501 2127 3626 2193 etsi
3696 2124 3828 2192 ali-

2278 2234 2548 2323 quando
2597 2235 2817 2302 calore
2861 2237 3089 2326 aliquo
3122 2237 3541 2304 confortatus
3570 2233 3834 2326 produ-

2279 2345 2367 2411 cit
2418 2345 2623 2412 liliam
2670 2353 2945 2436 propter
2992 2346 3272 2412 seminis
3330 2348 3434 2412 sui
3493 2344 3832 2435 frigidita-

2279 2466 2440 2522 tem.
2492 2455 2828 2545 f‘raecipue
2879 2465 3103 2523 autem
3147 2456 3316 2524 tales
3369 2462 3523 2522 sunt
3570 2454 3682 2544 qui
3716 2476 3836 2519 ca-

2284 2570 2425 2630 rent
2457 2586 2578 2653 per
2605 2571 2913 2630 naturam
2945 2564 3100 2652 pilis
3149 2563 3433 2653 pectinis
3473 2562 3542 2629 in
3602 2561 3836 2651 ingui-

2285 2693 2392 2748 ne,
2428 2678 2543 2737 aut
2570 2670 2762 2736 valde
2796 2694 3047 2760 paucos
3089 2671 3177 2737 ibi
3222 2669 3500 2738 liabent.

2373 2777 2610 2844 Adbuc
2643 2787 2865 2844 autem
2900 2787 3034 2844 tam
3066 2777 3290 2867 capilli
3341 2776 3580 2866 capitis
3626 2796 3834 2864 quam

2285 2885 2510 2951 barbae
2542 2895 2602 2951 et
2644 2884 2753 2952 alii
2786 2887 2901 2975 pili
2934 2887 3253 2952 continue
3295 2885 3732 2974 elongantur,
3770 2890 3834 2947 et

2286 2993 2617 3083 praecipne
2655 2993 2931 3081 graciles
2963 3000 3238 3082 propter
3268 2990 3628 3058 humidum
3663 3011 3837 3056 con-

2287 3105 2474 3167 tinue
2521 3122 2894 3191 evaporans
2948 3123 2961 3165 :
3008 3109 3067 3165 et
3112 3098 3479 3191 aliquando
3523 3099 3591 3164 in
3651 3096 3838 3162 seni-

2288 3208 2415 3277 bus
2472 3218 2587 3275 aut
2624 3208 2910 3275 multum
2953 3208 3273 3274 studiosis
3323 3203 3839 3296 elongabuntur

2290 3318 2404 3408 pili
2447 3316 2983 3406 superciliorum,
3028 3338 3107 3379 eo
3141 3313 3324 3405 qnod
3356 3312 3544 3380 calor
3571 3312 3843 3379 studio-

2293 3445 2523 3491 sorum
2575 3430 2637 3489 et
2683 3423 2943 3488 siet-itas
2983 3446 3221 3489 senum
3267 3421 3423 3488 facit
3461 3417 3842 3487 distrahere

2287 3533 2675 3619 juncturam
2723 3531 2977 3595 ossium
3038 3550 3188 3618 qua·
3247 3527 3339 3594 ibi
3411 3524 3848 3616 singulariter

2296 3641 2847 3727 conjunguntur:
2894 3645 2956 3702 et
2999 3645 3158 3702 tunc
3199 3633 3548 3702 declinans
3579 3631 3664 3699 ad
3694 3632 3844 3698 loca

2299 3747 2408 3814 illa
2438 3747 2801 3837 plurimum
2846 3744 3201 3812 humidum
3253 3743 3408 3811 facit
3458 3739 3850 3810 multitudi-

2298 3876 2452 3920 nem
2503 3862 2565 3920 et
2594 3852 3179 3942 prolongationem
3226 3850 3517 3939 pilorum
3559 3856 3627 3915 et
3675 3847 3846 3912 forte

2296 3961 2738 4029 variationem
2791 3958 3037 4027 coloris
3065 3980 3302 4024 eorum
3348 3978 3364 4022 τ
3411 3966 3476 4023 et
3523 3954 3676 4022 ideo
3716 3952 3850 4020 ali-

2300 4069 2570 4161 quando
2609 4068 2722 4159 pili
2759 4068 2859 4134 isti
2893 4066 3065 4134 sicut
3103 4075 3167 4134 et
3211 4066 3330 4156 pili
3378 4062 3619 4153 capitis
3658 4061 3847 4130 indi-

2300 4187 2456 4268 gent
2506 4176 2919 4266 praecisione.
2975 4175 3096 4242 l‘ili
3158 4197 3321 4242 vero
3375 4170 3846 4263 palpebrarum

2302 4306 2437 4350 non
2470 4281 2872 4370 elongantur
2900 4290 3178 4371 propter
3205 4279 3651 4347 subtilitatem
3680 4279 3848 4345 corii

2304 4391 2771 4484 palpebrarum
2805 4390 2982 4481 quod
3016 4399 3404 4479 separatum
3446 4397 3539 4453 est
3591 4384 3677 4454 ab
3717 4385 3852 4452 bu·-

2305 4498 2491 4567 mido
2520 4499 2736 4566 carnis
2766 4509 2825 4565 et
2860 4497 3197 4565 medullae.

2395 4605 2703 4698 Amplius
2784 4605 3168 4696 frequenter
3250 4603 3581 4694 contingit
3670 4599 3848 4692 pilos

2307 4714 2514 4781 fluere
2561 4735 2711 4779 cum
2762 4712 3005 4802 aliquis
3055 4712 3288 4801 incipit
3335 4712 3519 4776 coire
3570 4715 3850 4798 propter

2305 4820 2550 4889 caloris
2603 4820 3119 4887 diminutionem
3188 4828 3251 4885 et
3317 4816 3627 4884 humoris
3692 4835 3846 4904 qua·

2305 4929 2447 4994 tieri
2499 4928 2728 5017 incipit
2765 4949 2883 5019 per
2933 4927 3215 5004 coitum,
3282 4934 3346 4993 et
3405 4924 3739 5015 przecipue
3778 4921 3848 4986 in

2308 5035 2689 5125 frequenter
2725 5030 3144 5098 coeuntibus.
3185 5032 3310 5099 Pili
3346 5039 3574 5097 autem
3604 5048 3852 5116 super-

2307 5140 2617 5208 ciliorum
2666 5140 2816 5206 licet
2873 5161 3009 5206 nou
3060 5140 3273 5206 fluant
3317 5160 3399 5204 ex
3441 5133 3567 5202 hac
3617 5154 3848 5209 causa,

2307 5257 2657 5340 propterea
2709 5246 2889 5338 quod
2929 5247 3190 5314 fortiter
3229 5246 3421 5314 infixi
3469 5249 3629 5309 sunt
3674 5240 3855 5307 sicco

2307 5365 2599 5430 tenente,
2643 5364 2867 5422 tamen
2918 5354 3263 5421 albescunt
3327 5353 3449 5419 ista
3510 5351 3591 5416 de
3648 5370 3851 5416 causa

2309 5463 2710 5554 frequenter.
2757 5463 2828 5527 Si
2859 5464 2970 5553 qui
3015 5472 3243 5528 autem
3284 5458 3579 5550 pilorum
3637 5457 3856 5522 fluxe-

2311 5573 2440 5640 rint
2486 5580 2635 5638 ante
2674 5572 3099 5661 juventutem
3143 5569 3430 5642 linitam,
3485 5565 3555 5633 bi
3622 5584 3853 5630 recre-

2309 5688 2503 5748 scunt
2521 5678 2922 5771 frequenter.
2951 5677 3110 5744 Post
3126 5677 3561 5766 juventutem
3582 5670 3848 5738 finitam
