4919 6371
1961 449 2130 515 Llss.
2186 446 2281 513 111
2329 446 2450 513 DE
2498 447 3084 531 ANIMALIBUS,
3134 451 3442 519 TRACT.
3496 452 3523 516 Ῐ

1099 632 1299 722 plius,
1347 654 1553 720 quem
1589 628 1853 695 Arabes
1906 625 2218 693 Siarmor
2267 626 2668 693 Cabrouen-

1101 763 1241 807 sem
1272 745 1546 815 vocant,
1584 736 1960 824 (Avicenna
1997 743 2225 802 autem
2260 742 2458 800 vocat
2509 755 2663 799 eum

1097 846 1435 913 Theseum
1479 844 1787 923 Persam,
1824 842 2103 934 quidam
2165 851 2392 908 tamen
2464 839 2665 905 Mile-

1096 955 1273 1020 sium
1322 951 1507 1020 hunc
1571 975 1719 1020 esse
1787 951 2082 1042 putant),
2146 957 2370 1015 narrat
2435 956 2662 1014 ortum

1096 1061 1457 1128 creationis
1495 1082 1831 1127 venarum
1865 1054 2240 1124 secundum
2273 1054 2454 1121 hunc
2517 1078 2666 1120 mu-

1094 1168 1283 1248 dum,
1320 1169 1553 1235 dicens
1590 1190 1604 1235 :
1644 1193 1676 1231 (ι
1723 1164 1992 1232 Creatio
2034 1186 2364 1230 venarum
2405 1171 2507 1228 est
2552 1185 2663 1229 se-

1093 1276 1395 1342 cundum
1429 1274 1613 1364 quod
1645 1273 1824 1339 dico.
1864 1271 2135 1338 Exeunt
2164 1271 2314 1337 duae
2344 1290 2543 1336 vena-.-
2576 1268 2658 1334 ab

1091 1380 1329 1447 orbitis
1388 1379 1752 1447 oculorum
1834 1385 1898 1444 et
1972 1376 2522 1466 superciliorum,
2594 1381 2662 1441 ot

1089 1489 1467 1577 procedunt
1498 1487 1582 1554 ad
1621 1494 1851 1577 partes
1890 1485 2073 1564 colli,
2119 1492 2184 1551 et
2240 1482 2662 1549 descendunt

1090 1598 1174 1664 ad
1223 1597 1528 1672 dorsum,
1597 1602 1664 1662 et
1721 1595 2167 1663 reflectuntur
2239 1591 2525 1657 interius
2572 1588 2656 1656 ad

1090 1715 1351 1798 partem
1409 1704 1760 1796 pulmonis
1806 1721 1821 1771 t
1884 1711 1952 1772 et
1998 1700 2281 1768 reflexio
2331 1720 2567 1766 earum
2617 1720 2654 1764 a

1089 1813 1292 1881 dorsu
1325 1822 1422 1880 est
1463 1811 1590 1879 sub
1630 1807 1958 1878 mamillis
2003 1831 2019 1876 ε
2055 1816 2121 1875 ct
2150 1806 2392 1875 deiude
2424 1813 2654 1873 secant

1087 1946 1182 2002 sc,
1218 1947 1298 1990 eo
1331 1921 1514 2013 quod
1544 1943 1684 1989 una
1712 1919 2020 2010 procedit
2065 1942 2101 1985 a
2169 1923 2358 2008 parte
2416 1915 2655 1983 dextra

1086 2031 1153 2097 in
1190 2031 1563 2107 sinisiram,
1617 2035 1680 2095 et
1726 2026 1856 2093 alia
1917 2050 1952 2092 a
2022 2026 2294 2093 sinistra
2351 2025 2422 2091 in
2479 2023 2653 2089 dcx-

1084 2147 1257 2206 tram
1298 2158 1313 2203 t
1350 2147 1414 2203 et
1454 2141 1813 2204 transeunt
1842 2157 1966 2225 per
2003 2132 2240 2224 hepar,
2292 2133 2360 2198 in
2407 2130 2650 2222 hepate

1082 2270 1151 2310 se
1182 2253 1487 2312 secantes
1517 2267 1531 2311 ε
1578 2252 1641 2310 et
1675 2252 1835 2311 tunc
1867 2265 2024 2332 pars
2063 2264 2197 2307 una
2231 2261 2382 2331 quw
2426 2249 2653 2307 trans-

1081 2354 1129 2418 it
1159 2372 1278 2441 per
1310 2350 1542 2440 hepar,
1579 2349 1883 2439 procedit
1933 2347 2016 2414 ad
2069 2369 2298 2415 renem
2331 2346 2646 2413 dextrum

1080 2466 1142 2526 et
1181 2457 1579 2526 testiculum
1613 2458 1984 2525 dextrum:
2030 2462 2094 2523 et
2143 2477 2217 2523 ca
2275 2477 2433 2544 pars
2493 2476 2645 2543 qum

1078 2567 1267 2631 venit
1297 2586 1332 2629 a
1365 2564 1644 2630 sinistro
1677 2562 1888 2634 latere
1917 2561 2254 2628 transiens
2300 2580 2420 2649 per
2464 2558 2649 2649 sple-

1078 2694 1262 2748 nem,
1298 2670 1485 2737 venit
1521 2668 1602 2735 ad
1677 2691 1911 2736 renem
1954 2674 2017 2734 et
2059 2665 2445 2733 testiculum
2481 2665 2650 2731 sini-

1075 2784 1289 2842 strum
1325 2798 1341 2842 :
1380 2783 1442 2843 et
1477 2775 1723 2842 exinde
1765 2774 2165 2842 dividuntur
2210 2780 2270 2838 et
2301 2794 2645 2862 spargun-

1075 2893 1351 2951 turtam
1386 2885 1451 2950 in
1514 2891 1741 2973 partes
1799 2903 2125 2949 coxarum
2186 2888 2253 2946 et
2309 2882 2638 2956 crurium,

1071 3013 1275 3082 quam
1335 2991 1628 3058 aliorum
1694 2989 2009 3056 omnium
2071 2986 2565 3053 membrorum.
2603 3009 2637 3051 »

1161 3100 1515 3166 Sententia
1583 3099 1796 3188 igitur
1870 3095 2077 3185 hujus
2145 3094 2444 3163 hominis
2511 3100 2637 3172 est,

1072 3229 1282 3275 venas
1310 3205 1565 3274 habere
1606 3215 1837 3273 ortum
1872 3227 1909 3271 a
1948 3203 2226 3271 cerebro
2284 3204 2635 3280 anteriori,

1069 3326 1130 3384 et
1176 3316 1423 3383 exinde
1450 3314 1812 3382 ramiticari
1857 3316 1927 3382 in
1967 3320 2186 3380 totum
2235 3335 2483 3403 corpus
2528 3334 2641 3380 su·

1067 3423 1292 3514 perius
1330 3430 1391 3490 et
1435 3422 1743 3499 inseriuS,
1778 3443 1818 3489 a
1881 3421 2138 3487 dextris
2195 3429 2260 3489 ct
2315 3420 2630 3495 sinistris,

1065 3540 1132 3601 et
1168 3541 1324 3600 ante
1366 3537 1427 3599 et
1459 3538 1671 3609 retro,
1705 3539 1772 3599 et
1794 3530 2096 3598 exterius
2157 3538 2224 3597 et
2290 3528 2578 3596 interius
2615 3548 2632 3594 t

1065 3638 1200 3707 duo
1241 3644 1469 3706 autem
1502 3660 1649 3705 esse
1683 3637 2016 3729 principia
2065 3658 2300 3703 earum
2357 3642 2637 3726 propter

1068 3744 1237 3812 duas
1302 3766 1609 3813 cameras
1665 3742 1929 3812 cellulae
1999 3743 2357 3812 anterioris
2423 3744 2635 3833 partis

1068 3853 1350 3931 cerebri,
1409 3873 1580 3943 quas
1645 3852 1714 3918 in
1773 3850 2001 3943 primo
2070 3849 2275 3937 liujus
2333 3850 2631 3918 scientiae

1070 3960 1240 4029 libro
1271 3959 1909 4027 determinavimus.
1953 3958 2030 4026 Et
2064 3958 2188 4025 iste
2245 3956 2456 4026 homo
2491 3978 2625 4023 non

1067 4067 1367 4134 distinxit
1415 4068 1591 4132 inter
1614 4087 1852 4140 venas,
1889 4072 1956 4131 et
1988 4065 2295 4145 arteriaS,
2337 4069 2404 4129 et
2471 4085 2629 4129 ner-

1065 4198 1212 4251 vos,
1246 4174 1363 4240 sed
1395 4197 1519 4264 pro
1551 4172 1798 4241 eodem
1828 4171 2067 4239 habuit
2111 4169 2251 4239 hoec
2287 4172 2442 4239 tria.

1153 4282 1410 4348 Biavor
1463 4287 1693 4348 autem
1775 4278 2171 4354 Bronensis‚
2232 4300 2437 4369 quem
2501 4297 2627 4344 nna

1069 4388 1442 4477 Diogenem
1490 4409 1849 4463 vocamus,
1892 4395 1956 4453 et
2007 4386 2356 4454 Avicenua
2411 4384 2627 4452 niba-

1062 4498 1324 4589 quilnm
1363 4497 1592 4566 vocari
1652 4496 1841 4571 dicit,
1876 4504 2105 4563 narrat
2144 4497 2444 4584 origines
2503 4516 2625 4561 ve-

1060 4629 1302 4673 narum
1377 4602 1757 4672 secundum
1827 4602 2007 4669 lnmc
2076 4600 2382 4668 mudum.
2449 4601 2620 4669 llicit

1060 4715 1266 4791 enim,
1313 4711 1493 4804 qnod
1539 4738 1570 4774 α
1602 4733 1797 4775 vente
1831 4732 2097 4793 magna·
2150 4732 2302 4800 quxe
2343 4718 2500 4778 siunt
2551 4711 2619 4777 in

1056 4846 1335 4913 corpore
1385 4820 1711 4893 lnnninis,
1777 4818 2237 4884 ‹·xn·n·!uu¹ur
2293 4841 2373 4885 ex
2432 4826 2619 4910 parte

1057 4954 1207 5021 quze
1240 4938 1333 4996 est
1368 4937 1632 5003 venter,
1666 4933 1733 4994 et
1774 4924 2148 5016 procedunt
2213 4925 2282 4992 in
2349 4925 2617 5016 spinam

1055 5035 1470 5128 spondilium
1511 5033 1752 5102 dorsi:
1834 5040 1901 5100 et
1956 5055 1994 5099 a
2061 5031 2264 5099 «lonso
2339 5032 2616 5124 quidem

1055 5168 1188 5212 una
1220 5166 1454 5212 earum
1488 5140 1790 5232 procedit
1835 5139 1918 5206 ad
1951 5139 2291 5218 dextrum,
2350 5151 2418 5209 et
2444 5142 2621 5210 alte-

1055 5282 1124 5325 ra
1154 5257 1238 5325 ad
1269 5256 1622 5324 sinistrum
1669 5275 1686 5320 z
1730 5251 1975 5321 deinde
2014 5254 2454 5322 reflectuntur
2509 5280 2620 5323 sn·

1049 5366 1280 5456 perius
1307 5364 1393 5432 ad
1422 5372 1688 5455 partem
1721 5363 2029 5451 corporis
2059 5385 2212 5452 qme
2252 5370 2351 5431 est
2383 5373 2613 5454 caput,

1052 5484 1116 5541 et
1157 5474 1567 5564 perveniunt
1597 5474 1667 5538 in
1693 5472 1808 5537 via
1852 5492 1992 5537 suoe
2049 5472 2466 5539 ascensionis
2530 5473 2613 5542 ad

1051 5582 1218 5649 duas
1261 5581 1723 5649 concavitates
1773 5575 2192 5646 l'urcularum
2250 5602 2403 5671 quae
2453 5589 2617 5650 sunt

1052 5691 1226 5759 inter
1253 5686 1594 5781 spatulam
1622 5693 2014 5777 utramque,
2047 5693 2113 5753 et
2151 5710 2304 5757 ossa
2364 5688 2613 5780 quibus

4196 460 4328 528 203

2772 624 3021 691 multas
3060 632 3309 714 partes,
3352 637 3416 692 et
3464 639 3871 718 sparguntur
3918 656 4041 722 per
4100 642 4322 700 totum

2769 752 3015 820 corpus
3061 754 3074 797 :
3120 740 3184 799 et
3217 756 3443 800 ramus
3482 736 3756 824 quidem
3808 741 3920 827 qui
3963 763 4048 806 ex
4094 742 4189 808 eis
4222 750 4325 807 est

2770 837 2837 903 in
2870 837 3134 918 dextro,
3200 842 3504 931 procedit
3558 844 3627 908 in
3695 844 4072 929 sinistrum,
4155 856 4220 914 et
4290 871 4325 914 e

2767 969 3095 1015 converso
3129 972 3356 1015 ramus
3389 951 3501 1039 qui
3535 974 3613 1017 ex
3657 950 3750 1017 eis
3773 960 3870 1018 est
3921 954 3988 1018 iu
4011 953 4314 1033 sinistro,

2765 1053 3067 1142 procedit
3100 1054 3167 1119 in
3200 1054 3538 1122 dextrum.

2858 1181 2890 1220 α
2926 1156 3169 1224 Adhuc
3227 1166 3454 1225 autem
3524 1183 3606 1226 cx
3647 1161 3789 1249 ipsa
3825 1163 4316 1231 ramilicatione

2764 1263 3096 1331 dictarum
3127 1265 3415 1333 duarum
3460 1290 3789 1334 venarum
3854 1280 4106 1337 exeunt
4163 1272 4315 1339 duoe

2760 1393 2951 1438 venoe
2984 1394 3247 1462 magnae
3289 1398 3321 1438 a
3374 1384 3561 1463 parte
3620 1376 4040 1464 spondilium
4101 1378 4311 1463 dorsi,

2762 1486 2828 1544 ct
2854 1477 3112 1546 vadunt
3139 1481 3224 1546 ad
3253 1490 3512 1569 partem
3542 1483 3789 1549 cordis.
3844 1484 4014 1551 Aliae
4082 1495 4311 1552 autem

2761 1585 2909 1652 duae
2939 1596 3188 1654 exeunt
3214 1611 3253 1654 a
3293 1589 3494 1657 dorso
3526 1591 3857 1680 superiori
3918 1591 4068 1660 loco
4102 1615 4313 1683 quam

2758 1693 2977 1772 dictae,
3040 1700 3105 1763 et
3163 1697 3539 1786 procedunt
3580 1698 3665 1765 ad
3712 1706 3933 1789 partes
3983 1701 4305 1790 pectoris,

2758 1808 2823 1868 et
2887 1802 3127 1869 deinde
3183 1827 3305 1895 per
3393 1805 3870 1874 subascellaria
3944 1807 4028 1875 ad
4083 1818 4310 1900 partes

2756 1933 3114 1991 manuum,
3149 1912 3366 1982 donec
3414 1917 3803 2008 pertingant
3864 1918 3949 1985 ad
4014 1911 4319 2009 palmaS,

2757 2041 3047 2110 quarum
3105 2044 3237 2088 una
3289 2022 3535 2090 dicitur
3615 2024 3895 2115 splenis,
3966 2036 4033 2093 et
4096 2026 4310 2095 alte-ra

2754 2124 3070 2216 hepatis:
3122 2137 3183 2196 et
3252 2138 3539 2220 utraque
3593 2131 3866 2221 quidem
3935 2132 4182 2200 harum
4240 2136 4311 2201 in

2753 2232 2888 2299 duo
2917 2233 3265 2313 dividitur,
3309 2244 3373 2304 et
3412 2258 3551 2304 una
3588 2238 3893 2327 procedit
3959 2239 4045 2306 ad
4099 2238 4310 2329 polli-

2752 2362 2926 2423 cem,
2951 2341 3081 2407 alia
3141 2363 3305 2409 vero
3343 2344 3429 2409 ad
3468 2344 3761 2411 radicem
3794 2345 4041 2435 palmoe
4081 2347 4151 2414 in
4192 2370 4308 2415 ra-

2749 2458 2954 2526 sceta,
2988 2458 3054 2515 et
3097 2449 3186 2517 ibi
3218 2450 3435 2518 ambae
3485 2452 3636 2519 dum
3689 2453 3831 2520 istae
3887 2464 4307 2546 sparguntur

2750 2559 2818 2623 in
2891 2557 3142 2626 multas
3190 2569 3451 2649 partes:
3513 2568 3580 2627 et
3663 2562 3926 2652 sparsio
4024 2563 4156 2629 ista
4230 2563 4306 2630 tit

2747 2685 2870 2755 per
2898 2666 3243 2733 residuum
3275 2689 3600 2735 manuum
3631 2668 4028 2759 digitorum.

2836 2797 2870 2837 ι
2904 2772 3146 2841 Adhuc
3184 2782 3410 2840 autem
3441 2798 3478 2841 a
3507 2777 3743 2865 primis
3789 2777 4005 2852 vonis,
4030 2776 4112 2844 de
4142 2781 4306 2869 qui-

2747 2879 2872 2946 bus
2902 2879 3222 2956 diximus,
3259 2891 3506 2949 exeunt
3550 2883 3697 2950 aliae
3726 2883 3877 2951 dum
3918 2907 4112 2951 venae
4144 2886 4303 2951 sub-

2744 2986 3001 3055 tiliores
3040 3010 3246 3079 quam
3292 2990 3428 3058 sint
3460 2990 3626 3073 istae,
3671 2991 3750 3057 de
3793 2992 4044 3081 quibus
4120 2992 4304 3060 dixi-

2744 3117 2897 3162 mus
2932 3117 2946 3162 ε
2991 3117 3278 3188 quarum
3310 3120 3444 3165 una
3474 3121 3510 3164 a
3544 3107 3729 3189 parte
3779 3100 4017 3167 «lextra
4092 3124 4298 3192 egre-

2743 3203 2959 3280 diens,
2983 3205 3284 3294 procedit
3316 3205 3401 3272 ad
3430 3204 3662 3295 hepar.
3701 3205 3853 3274 Alia
3875 3216 4107 3275 antem
4141 3231 4296 3299 quoe

2742 3311 2957 3377 oritur
2984 3334 3021 3377 a
3061 3313 3356 3389 sinistra,
3392 3314 3688 3404 procedit
3723 3314 3807 3382 ad
3858 3314 4193 3405 splenem,
4229 3322 4297 3384 et

2740 3419 2823 3486 ad
2865 3441 3061 3486 renes
3098 3418 3383 3487 ulterius
3431 3421 3805 3488 descendit.
3858 3419 4075 3489 Vena·
4130 3446 4296 3515 ergo

2739 3533 3035 3594 extensa·
3069 3535 3134 3594 et
3163 3526 3606 3617 procedentes
3632 3528 3716 3594 ad
3738 3549 3947 3595 coxas
3967 3537 4036 3596 et
4064 3551 4290 3610 crura,

2738 3636 3199 3702 ramilicantur
3251 3658 3289 3702 a
3369 3633 3709 3703 radicibus
3775 3658 3965 3704 coxae
4039 3641 4186 3706 sive
4250 3660 4293 3707 a

2727 3743 3065 3830 juncturis
3110 3764 3464 3821 coxarum,
3514 3745 3696 3836 quod
3762 3745 3943 3813 idem
4000 3753 4163 3814 est:
4225 3754 4292 3815 et

2735 3858 3080 3920 transeunt
3113 3875 3237 3944 per
3262 3862 3475 3922 totam
3507 3876 3776 3932 coxam,
3811 3863 3875 3921 et
3927 3856 4151 3944 iniajor
4177 3879 4296 3925 ra·-

2734 3982 2888 4029 mns
2925 3985 3007 4028 ex
3052 3964 3149 4029 eis
3179 3964 3480 4054 procedit
3521 3965 3603 4031 ad
3670 3964 4010 4055 posterius
4066 3988 4286 4046 coxie,

2731 4076 2797 4136 et
2835 4068 2926 4135 ibi
2956 4070 3409 4139 intumescens
3454 4082 3730 4162 apparet
3797 4096 4057 4162 grossa.
4130 4074 4287 4142 Alia

2731 4184 2955 4243 autem
2986 4176 3301 4246 similiter
3338 4178 3633 4270 procedit
3663 4179 3747 4245 ad
3788 4181 4126 4270 posterius
4156 4204 4284 4250 co·-

2730 4304 2860 4360 xw,
2892 4304 3045 4375 qum
3083 4291 3186 4353 est
3223 4287 3449 4354 minor
3472 4308 3676 4378 quam
3703 4285 4047 4378 przedicta.
4074 4288 4283 4358 Dein-

2728 4390 2810 4457 de
2848 4389 3066 4458 amba»
3110 4393 3567 4462 extenduntur
3620 4402 3687 4462 et
3752 4397 4127 4485 procedunt
4190 4397 4278 4465 ad

2727 4509 2952 4591 partes
2978 4504 3278 4570 crurium
3327 4511 3391 4570 et
3437 4505 3687 4593 pedum
3734 4503 3820 4570 ad
3874 4504 4279 4574 similitudi·-

2726 4632 2881 4678 nem
2910 4632 3240 4679 venarum
3273 4631 3421 4703 qna·
3453 4613 3825 4703 procedunt
3873 4613 3957 4681 ad
4028 4635 4276 4682 manus

2726 4726 2784 4785 et
2826 4717 3090 4810 palmas
3119 4727 3181 4787 et
3223 4717 3481 4788 radices
3519 4721 3921 4813 digitorum.
3961 4745 3996 4787 ι

2816 4826 3051 4896 Adhuc
3080 4836 3306 4897 autem
3338 4831 3708 4898 seeundum
3743 4829 3922 4898 tinne
3970 4830 4271 4922 philoso-

2722 4934 2935 5027 phum
2966 4935 3196 5004 multa·
3224 4937 3374 5005 alia·
3413 4960 3606 5006 vena·
3636 4944 3889 5006 exeunt
3934 4938 4021 5006 ab
4075 4941 4273 5007 venis

2720 5044 2987 5135 magnis
3016 5068 3186 5136 quas
3215 5047 3400 5135 prius
3428 5047 3750 5123 diximus,
3784 5055 3846 5113 et
3891 5047 4272 5138 procedunt

2720 5152 2800 5219 ad
2836 5154 3181 5242 regionem
3208 5155 3464 5222 ventris
3488 5164 3553 5223 et
3593 5154 3904 5232 laterum,
3936 5174 4089 5244 (μιῇ
4108 5162 4271 5223 aunt

2717 5260 2913 5327 valde
2943 5261 3225 5329 subtiles
3253 5263 3444 5353 quasi
3478 5265 3543 5329 in
3574 5261 3949 5353 gracilitate
3978 5259 4271 5353 capillo-

2721 5390 2897 5435 rum.
2932 5367 3073 5436 ΙΙΙειἱ
3105 5391 3268 5438 vero
3289 5392 3438 5461 quae
3455 5366 3831 5461 procedunt
3858 5368 3945 5436 ab
3968 5368 4134 5460 ipsis
4151 5393 4265 5436 su·

2718 5475 2945 5562 perius
2966 5476 3049 5541 ad
3080 5482 3276 5568 caput
3298 5483 3591 5543 extensw
3614 5496 3694 5541 ex
3717 5481 3908 5564 parte
3929 5474 4268 5544 domesti-

2713 5605 2791 5649 ca
2828 5585 3089 5674 capitis,
3123 5593 3445 5675 apparent
3488 5584 3555 5650 in
3584 5581 3761 5650 collo
3802 5604 4073 5674 magnae
4107 5606 4123 5651 :
4195 5592 4263 5652 et

2714 5687 2844 5755 illae
2871 5694 3031 5758 sunt
3073 5690 3249 5770 duae,
3301 5710 3456 5781 qum
3503 5689 3572 5756 in
3620 5709 3942 5779 processu
3988 5712 4118 5759 suo
4174 5689 4260 5758 ad

1050 5796 1410 5888 colligatur
1448 5801 1711 5886 pectus,
1783 5802 1851 5861 et
1919 5790 2012 5859 ibi
2089 5792 2488 5864 dividuntur
2541 5797 2611 5864 iu
2708 5804 2911 5888 caput
2939 5801 3401 5868 ramiticantur
3436 5802 3506 5868 in
3544 5799 3819 5878 multas,
3861 5821 4016 5892 quae
4056 5821 4259 5891 spar-
