4919 6371
522 363 657 435 566

521 536 737 606 finem
783 532 1297 608 ordinatarum,
1350 551 1565 621 quem
1624 527 1925 597 intendit
1988 527 2163 597 ulti-

524 669 644 717 mo
717 645 994 738 operari
1073 643 1585 735 carpentarius.
1663 642 1742 712 In
1824 642 2158 712 omnibus

529 758 719 827 enim
781 756 919 826 illis
960 763 1063 825 est
1134 757 1644 838 necessarium,
1706 756 1897 851 quod
1949 758 2037 824 sit
2093 755 2161 824 id

533 869 721 964 quod
766 878 871 939 est
888 871 1084 962 prius
1124 869 1196 938 in
1231 892 1444 963 opere
1484 867 1741 938 ultimo
1793 868 2159 962 supposito

530 988 607 1058 in
675 985 1088 1054 intentione.
1140 983 1230 1053 Et
1293 1008 1418 1078 per
1479 1006 1769 1054 omnem
1831 980 2160 1052 eumdem

534 1099 829 1170 modum
870 1099 1079 1169 debet
1109 1098 1476 1168 intendere
1537 1095 1880 1166 naturalis
1915 1095 1998 1165 de
2031 1117 2163 1163 nc·-

536 1214 838 1283 cessario
876 1235 890 1281 ε
931 1221 991 1281 ct
1032 1234 1174 1279 non
1210 1218 1315 1278 est
1340 1207 1764 1290 differentia,
1802 1207 1933 1276 nisi
1970 1207 2159 1301 quod

534 1325 824 1419 ponitur
852 1325 926 1393 in
957 1323 1168 1392 rebus
1201 1319 1645 1390 naturalibus
1679 1320 1871 1414 quod
1917 1319 1999 1389 de
2044 1343 2162 1389 ar-

535 1437 938 1509 tificialibus
1006 1436 1273 1506 dictum
1348 1444 1454 1506 est
1498 1460 1512 1505 :
1562 1445 1634 1507 et
1687 1435 1824 1507 hoc
1884 1445 2163 1530 oportet

529 1552 755 1621 facere
782 1551 851 1619 in
885 1547 1365 1643 opinabilibus
1394 1574 1523 1644 per
1555 1549 1968 1643 opinionem
2002 1572 2164 1642 pro-

532 1662 901 1740 babilium,
949 1670 1019 1731 et
1061 1661 1130 1731 in
1165 1662 1425 1757 quibus
1459 1661 1915 1732 sensibilibus
1957 1684 2164 1756 opor-

533 1785 633 1847 tet
660 1776 888 1846 facere
938 1800 1064 1870 per
1122 1775 1563 1846 intellectum
1615 1776 2155 1871 principiorum.

535 1890 763 1961 Aliter
809 1891 999 1960 enim
1041 1897 1109 1959 et
1150 1888 1357 1959 aliter
1399 1891 1877 1960 necessarium
1935 1899 2041 1960 cst
2091 1891 2161 1958 in

537 2001 1014 2096 opinabilibus
1067 2009 1137 2071 et
1198 2001 1692 2086 mutabilibus,
1767 2025 1924 2097 quae
2000 2009 2165 2071 sunt

538 2113 884 2185 naturalia
932 2136 947 2182 ε
994 2121 1064 2183 et
1108 2113 1314 2183 aliter
1354 2114 1427 2184 in
1478 2112 2045 2210 intelligibilibus
2094 2122 2159 2184 ct

534 2227 919 2308 scibilibus,
959 2250 1117 2322 quae
1158 2236 1325 2296 sunt
1364 2228 1822 2299 scientiarum
1872 2228 2164 2298 demon·

532 2342 1012 2411 strativarum.
1064 2341 1224 2410 Jam
1282 2342 1473 2410 enim
1538 2342 1610 2410 in
1671 2339 1980 2411 secundo
2029 2363 2164 2409 no-

532 2464 842 2524 strorum
928 2455 1406 2546 I'lcysicorum
1494 2454 2157 2539 determinavimus,

533 2564 871 2658 quoniam
921 2563 985 2633 iu
1022 2563 1449 2658 quibusdam
1487 2563 1699 2634 rebus
1731 2565 1912 2634 sicut
1943 2564 2012 2632 in
2048 2562 2165 2632 de·

533 2679 1043 2757 monstrativi&
1105 2687 1205 2748 est
1270 2681 1582 2773 primum
1634 2688 1703 2749 et
1735 2679 2157 2774 principium

533 2792 837 2861 aliorum
907 2792 973 2861 id
1042 2790 1232 2885 quod
1315 2801 1446 2874 est,
1522 2794 1705 2862 sicut
1785 2792 2163 2886 praeuiissae

530 2912 695 2973 sunt
726 2927 934 2973 cansa
968 2912 1035 2972 et
1066 2905 1495 2998 principium
1530 2902 2032 2975 conclusionis,
2082 2902 2160 2971 ln

534 3016 958 3112 quibusdam
1002 3025 1271 3099 autem,
1328 3020 1504 3088 sicut
1582 3018 1654 3087 in
1710 3015 2162 3110 generalibus

529 3138 593 3199 et
659 3129 1111 3224 opinabiliter
1171 3113 1633 3224 possibilibus
1704 3130 1910 3201 aliter
1977 3131 2155 3210 lieri,

529 3266 672 3312 non
735 3251 839 3313 est
889 3244 1317 3338 principium
1372 3243 1568 3338 quod
1627 3253 1759 3327 est,
1806 3245 1971 3338 quia
2025 3242 2160 3314 hoc

531 3364 630 3425 est
668 3357 957 3426 materia
996 3380 1010 3425 ε
1050 3355 1171 3426 sed
1203 3358 1443 3450 potius
1486 3357 1557 3427 id
1588 3358 1777 3451 quod
1812 3358 1944 3426 erit
1985 3354 2159 3426 ulti-

524 3501 671 3561 mo‚
710 3488 811 3548 est
875 3481 1187 3573 primum
1231 3490 1297 3549 et
1340 3481 1772 3573 principium
1834 3480 2158 3549 onmium

528 3590 828 3662 aliorum
872 3617 888 3662 ε
924 3601 994 3663 ct
1026 3593 1181 3663 idco
1213 3618 1427 3663 omne,
1471 3593 1661 3689 quod
1697 3602 1802 3664 est
1844 3617 2163 3665 neccssa-

527 3707 714 3778 rium
778 3708 847 3776 in
902 3707 1096 3801 ipsis,
1160 3716 1265 3778 est
1306 3709 1819 3796 necessarium,
1877 3707 1997 3779 illo
2045 3733 2162 3778 se·

531 3818 839 3888 anulum
930 3819 1404 3890 intentionem
1476 3821 2017 3916 praesupposito‚
2092 3830 2161 3892 et

528 3956 672 4002 nou
723 3932 927 4001 aliter
960 3956 975 4001 ε
1013 3931 1191 4001 sieut
1223 3934 1279 4002 si
1316 3933 1663 4016 dicamus,
1701 3935 1863 4031 quia
1897 3935 2161 4004 sanitas

533 4047 604 4114 iu
676 4042 964 4115 bomine
1045 4047 1458 4139 operatione
1531 4048 1784 4117 medici
1876 4046 2158 4117 inducta

533 4182 685 4228 esse
752 4157 982 4240 debet,
1038 4158 1197 4228 ideo
1251 4161 1732 4231 neccssarimn
1790 4171 1896 4230 est
1948 4169 2020 4229 ut
2072 4161 2163 4232 sit

532 4270 705 4340 illud
772 4269 1085 4341 futurum
1144 4273 1563 4366 operatione
1625 4273 1906 4354 medici,
1981 4275 2164 4345 sicut

529 4383 718 4452 datio
772 4386 1106 4476 potionis,
1153 4395 1213 4453 et
1283 4387 1639 4454 ordinatio
1702 4387 1930 4456 dicke.
1999 4386 2157 4457 Non

531 4499 994 4592 taum-mquia
1075 4508 1177 4567 est
1243 4500 1377 4568 lun·
1431 4525 1613 4594 opus
1681 4499 2158 4571 medi1·isi‹·ut

529 4614 750 4704 potio,
816 4620 933 4681 aut
1005 4615 1172 4708 quia
1262 4613 1395 4682 suit
1462 4623 1627 4684 ante
1717 4613 1887 4684 illud
1967 4615 2158 4684 aliud

531 4749 711 4819 opus
742 4726 990 4796 medici
1026 4728 1203 4798 sicut
1239 4728 1537 4810 discere,
1564 4738 1857 4823 propter
1885 4727 2020 4800 hoc
2053 4738 2158 4799 est

527 4838 924 4906 necessario
964 4838 1273 4908 sanitas:
1313 4841 1685 4909 autetiam
1728 4864 1872 4910 non
1904 4863 2158 4911 neces-

526 4947 709 5016 sario
742 4957 1029 5042 propter
1060 4945 1194 5017 boe
1237 4950 1366 5020 erit
1401 4951 1698 5033 sanitas,
1746 4952 1910 5046 quia
1962 4952 2159 5022 sani-

526 5069 664 5131 tate
714 5064 1077 5158 supposita
1127 5064 1601 5158 praecedentia
1631 5076 1797 5137 sunt
1829 5091 2159 5139 neccssa-

526 5174 625 5243 ria
678 5184 963 5268 propter
1011 5202 1198 5259 eam,
1235 5188 1297 5247 et
1350 5178 1492 5248 illis
1536 5177 1944 5272 praebabitis
2006 5182 2154 5276 ipsa

524 5312 667 5357 non
737 5292 1191 5386 consequitur
1261 5294 1661 5363 necessario
1711 5295 1939 5389 :quia
2003 5295 2150 5390 ipsa

522 5409 626 5470 ost
668 5424 877 5471 causa
911 5403 1223 5482 illorum,
1280 5413 1350 5474 et
1382 5429 1528 5475 non
1564 5430 1602 5477 e
1644 5430 1988 5478 converso
2035 5407 2154 5478 illa

521 5522 689 5583 suut
726 5538 937 5586 causa
971 5517 1215 5610 ipsius,
1271 5517 1397 5588 sed
1438 5521 1679 5613 potius
1726 5531 2014 5593 causata
2063 5521 2152 5593 ab

517 5624 675 5718 ipso
733 5625 915 5696 sicut
982 5651 1023 5696 a
1089 5627 1324 5721 primo
1394 5629 1746 5726 principio
1824 5635 2150 5706 omnium

520 5738 847 5810 aliorum.
889 5740 1394 5814 Necessitatem
1431 5743 1870 5839 enim'bujus
1911 5747 2153 5821 decla-

517 5854 812 5925 rationis
864 5856 967 5926 rei.
1007 5865 1296 5945 ‚aeternae
1329 5880 1478 5929 non
1518 5883 1906 5954 possumus
1945 5864 2151 5934 attri-

517 5966 733 6038 buere
790 5967 1107 6054 animali,
1162 5977 1241 6040 ut
1311 5969 1660 6057 dicamus,
1716 5975 1787 6045 in
1858 5975 2145 6048 animali

1571 350 1660 421 D.
1715 350 1924 421 ALB.
1983 349 2208 423 MAG.
2267 348 2481 421 ORD.
2538 348 2847 419 PRAED.
2943 362 2950 367 ·

2274 528 2437 621 quia
2480 525 2615 597 boc
2649 535 2776 605 est,
2819 526 2973 596 ideo
3004 534 3105 597 est
3149 525 3308 607 boc,
3346 526 3615 597 velerit
3670 551 3909 598 neees-

2273 643 2482 711 sario.
2531 642 2928 712 Necessitas
2963 643 3153 711 enim
3207 640 3418 733 hujus
3473 640 3904 711 declaratio-

2272 755 2382 822 nis
2424 754 2507 823 de
2541 778 2680 847 qua
2727 753 2843 825 hic
2875 763 2944 825 et
2976 756 3047 825 in
3080 754 3390 825 secundo
3424 755 3903 848 pleysa-orum

2276 866 2486 934 locuti
2515 891 2786 949 summ,
2805 875 2911 936 est
2935 871 3313 938 necessitas
3338 871 3895 963 ctmsequentiae:

2274 979 2434 1073 quia
2458 1002 2599 1047 uno
2622 978 2783 1048 dato
2809 981 3130 1074 sequitur
3147 980 3448 1051 alterum
3476 1006 3627 1051 csse
3653 1006 3902 1053 secun-

2272 1091 2440 1160 dum
2495 1090 2643 1161 lieri
2697 1093 3092 1163 necessario
3132 1118 3146 1163 :
3185 1103 3250 1163 et
3314 1092 3462 1163 baee.
3520 1098 3901 1167 necessitas

2275 1208 2798 1300 consequentiae
2843 1207 2916 1276 in
2959 1206 3169 1276 rebus
3210 1209 3492 1277 aeternis
3543 1218 3611 1278 et
3655 1234 3904 1278 neces-

2275 1320 2500 1400 sariis,
2537 1329 2642 1390 est
2700 1321 3083 1390 necessitas
3130 1345 3286 1415 qua-1
3339 1331 3444 1392 est
3487 1324 3557 1391 iu
3591 1322 3906 1391 demon-

2275 1433 2582 1503 strativis
2628 1457 2787 1528 qua>
2827 1444 3092 1505 aetcrna
3141 1445 3304 1506 suut
3355 1446 3424 1507 et
3475 1437 3896 1507 neccssaria.

2277 1543 2354 1613 ln
2403 1543 2513 1613 his
2544 1554 2780 1615 autem
2837 1553 2941 1616 est
3002 1548 3381 1617 necessitas
3454 1547 3640 1629 talis,
3708 1549 3905 1644 quod

2273 1660 2582 1751 primum
2625 1667 2731 1730 est
2779 1683 2990 1729 causa
3033 1662 3349 1742 secundi,
3389 1669 3458 1731 et
3505 1663 3902 1733 secundum

2277 1771 2487 1859 tertii,
2533 1781 2601 1843 et
2630 1775 2726 1842 sic
2752 1798 2976 1868 usque
3008 1775 3096 1843 ad
3131 1774 3461 1844 ultimum
3504 1801 3519 1846 :
3556 1776 3734 1846 sicut
3778 1799 3903 1870 pa-

2276 1886 2468 1955 tetiu
2502 1884 3058 1958 theorematibus
3119 1891 3561 1982 geometria·,
3620 1898 3686 1960 et
3756 1913 3902 1958 non

2274 2001 2730 2071 convertitur.
2814 2002 2887 2071 ln
2949 2003 3238 2072 seientia
3309 2010 3545 2073 autem
3620 2005 3904 2074 anima-

2275 2112 2447 2183 lium
2493 2139 2633 2184 non
2676 2124 2779 2185 est
2813 2116 2938 2198 sic,
2968 2117 3087 2186 sed
3121 2117 3358 2211 potius
3405 2144 3441 2188 e
3483 2142 3828 2187 converso
3882 2141 3897 2188 :

2273 2229 2439 2320 quia
2492 2226 2740 2298 ultimo
2794 2228 2986 2312 dato,
3051 2232 3372 2323 sequitur
3440 2232 3674 2324 priora
3748 2256 3902 2301 esse

2273 2340 2383 2408 vel
2456 2342 2695 2423 fuisse,
2770 2343 2892 2413 sed
2961 2368 3108 2414 non
3188 2346 3676 2414 convertitur:
3725 2345 3909 2416 sicut

2273 2462 2457 2543 patet
2487 2479 2613 2547 per
2651 2481 2733 2524 ea
2765 2481 2924 2550 quae
2957 2466 3120 2528 ante
3154 2456 3333 2528 dicta
3369 2467 3561 2527 suut.

2370 2568 2448 2636 Et
2475 2567 2557 2635 «le
2585 2568 2780 2639 bisin
2808 2571 3899 2664 l’leysitw’wleneesttractatum:

2279 2680 2369 2750 ibi
2422 2682 2609 2751 enim
2645 2683 2798 2772 jam
2845 2683 3301 2754 distinximus
3357 2686 3570 2755 istum
3625 2711 3905 2756 scruto-

2277 2818 2436 2864 ιιι-ιιι
2474 2798 2905 2866 necessitatis
2952 2852 2967 2879 ‚
3024 2807 3090 2867 ct
3144 2797 3780 2870 determinavimus
3830 2803 3902 2870 in

2275 2907 2530 3000 quibus
2572 2907 2779 2978 rebus
2811 2910 2938 2980 crit
2966 2909 3123 2980 talis
3156 2913 3687 3005 committentia,
3725 2921 3792 2982 et
3829 2914 3901 2982 in

2274 3022 2530 3114 qnilms
2592 3047 2760 3103 non,
2826 3034 2890 3095 et
2951 3028 3071 3119 qui
3156 3028 3452 3096 istorum
3516 3026 3898 3096 uitulorum

2273 3145 2780 3208 convertuntur
2838 3147 3128 3234 propter
3188 3164 3286 3218 se,
3352 3149 3421 3210 et
3480 3141 3600 3236 qui
3667 3166 3809 3212 non
3880 3164 3894 3211 :

2273 3253 2611 3345 quoiiiam
2677 3255 2983 3346 negativi
3056 3280 3420 3326 sermones
3506 3257 3572 3326 in
3646 3282 3906 3327 couse-

2273 3366 2580 3458 queutiis
2613 3365 2871 3435 talibus
2903 3377 3437 3450 t·om·‹·1·tuutur‚
3486 3378 3548 3439 et
3586 3393 3732 3439 non
3790 3369 3902 3440 as-

2271 3479 2630 3549 tirmativi.
2679 3478 3120 3551 ΑΠίιΊιιειιιιΙο
3153 3482 3341 3550 enim
3374 3480 3552 3552 bene
3609 3481 3793 3553 valet
3831 3485 3901 3554 in

2269 3590 2872 3674 demonstrativis,
2934 3594 2990 3664 si
3043 3595 3388 3689 principia
3442 3605 3632 3672 sunt.
3705 3596 3901 3692 quod

2270 3704 2633 3774 conc-lusio
2674 3705 2830 3787 erit,
2875 3709 3381 3801 consequentia
3416 3710 3513 3778 rei
3549 3718 3620 3779 et
3660 3732 3901 3779 neces·

2269 3820 2496 3887 sitate.
2535 3819 2674 3890 Sed
2725 3822 2782 3891 si
2825 3822 3188 3891 conclusio
3235 3831 3362 3901 est,
3429 3846 3570 3892 nou
3607 3832 3898 3919 propter

2269 3930 2402 4002 boc
2439 3942 2599 4002 sunt
2643 3933 2988 4029 principia
3039 3941 3427 4006 secundum
3474 3963 3619 4008 rem
3672 3961 3687 4007 ;
3725 3947 3794 4009 et
3834 3939 3891 4008 si

2269 4056 2608 4141 sequatur
2645 4074 2726 4118 ea
2781 4073 2933 4119 esse
2982 4049 3439 4120 conclusione
3495 4052 3893 4146 supposita,

2270 4161 2397 4232 erit
2432 4159 2581 4231 lna-c.
2632 4164 3011 4233 necessitas
3060 4167 3586 4259 consequentiae
3637 4175 3703 4236 ct
3750 4189 3895 4235 non

2269 4278 2650 4345 nee-essitas
2690 4279 3189 4371 consequentis
3218 4286 3285 4347 et
3330 4279 3455 4346 rei.
3495 4278 3635 4348 Sed
3671 4302 3900 4372 nega-

2270 4390 2411 4457 tive
2465 4393 2923 4471 comet-titur,
2970 4393 3026 4460 si
3091 4393 3435 4486 principia
3493 4416 3640 4463 non
3700 4402 3893 4475 suut,

2273 4527 2412 4571 non
2461 4503 2588 4572 erit
2624 4502 2988 4574 conclusio
3037 4527 3053 4575 ε
3109 4513 3175 4574 et
3222 4505 3278 4574 si
3332 4506 3696 4575 conclusio
3749 4529 3895 4577 non

2267 4624 2394 4693 cst,
2434 4641 2576 4686 nou
2609 4619 2743 4688 crit
2773 4619 3134 4711 praemissa
3174 4642 3190 4690 ε
3228 4628 3292 4689 et
3340 4621 3408 4690 in
3440 4619 3895 4714 generalibus

2270 4755 2410 4801 non
2444 4733 2789 4826 sequitur,
2824 4735 2879 4804 si
2915 4736 3207 4805 materia
3240 4745 3305 4804 et
3349 4735 3663 4806 el'ticicns
3696 4745 3887 4816 sunt,

2269 4845 2456 4939 qiiod
2491 4857 2781 4940 propter
2809 4846 2944 4917 hoc
2973 4848 3091 4932 sit,
3126 4849 3236 4919 vel
3282 4848 3598 4919 futurum
3641 4852 3729 4922 sit
3764 4877 3897 4944 ge-

2268 4967 2588 5028 neratum
2626 4959 2983 5042 ultimum,
3028 4958 3149 5030 sed
3183 4987 3219 5030 c
3261 4985 3635 5044 converso,
3669 4987 3897 5054 genc-

2267 5082 2419 5141 rato
2464 5072 2716 5143 ultimo
2759 5071 2925 5143 dato
2976 5075 3298 5168 sequitur
3357 5073 3780 5146 efficientem
3824 5086 3895 5149 et

2266 5188 2633 5259 materiam
2667 5214 2845 5259 csse.
2885 5189 3227 5280 Negativc
3260 5200 3495 5262 autem
3531 5193 3895 5264 converti-

2266 5308 2378 5370 tur
2408 5301 2586 5371 sicut
2622 5303 2690 5372 in
2724 5300 3114 5396 disciplinis
3152 5325 3168 5373 ι
3204 5305 3542 5399 quoniam
3573 5304 3896 5376 cilicien-

2261 5420 2330 5484 te
2363 5436 2507 5483 non
2538 5416 2882 5485 existente
2917 5423 2983 5484 et
3036 5420 3352 5488 materia.
3401 5441 3546 5487 non
3589 5418 3721 5488 erit
3759 5446 3893 5512 ge-

2269 5535 2591 5597 neratum
2628 5551 2643 5596 :
2700 5527 2880 5598 sicut
2930 5526 3026 5596 ibi
3058 5527 3514 5599 conclusione
3557 5554 3701 5601 non
3733 5532 3896 5602 exi-

2262 5651 2515 5726 stente,
2534 5666 2677 5712 non
2698 5651 2900 5713 erunt
2921 5643 3287 5737 praemissa
3303 5644 3674 5739 principia.
3697 5643 3783 5717 131
3805 5646 3892 5717 de

2261 5753 2597 5824 omnibus
2626 5749 2736 5822 bis
2766 5752 2903 5823 late
2935 5751 3270 5823 traditum
3326 5762 3429 5826 est
3465 5756 3534 5825 iu
3575 5756 3891 5826 secundo

2260 5866 2759 5959 Plaeysicorum,
2781 5864 2905 5936 ubi
2934 5862 3245 5935 diximus
3276 5868 3400 5962 qui
3421 5867 3721 5939 istorum
3743 5891 3894 5938 mo·

2258 5977 2514 6075 dorum
2542 5984 3082 6067 convertuntur,
3119 5980 3336 6074 etqui
3373 6004 3544 6081 non,
3583 5989 3653 6052 et
3681 5989 3891 6075 prop-
