4919 6371
671 356 800 422 448

666 523 878 592 dulcis
950 516 1193 593 carniS,
1262 520 1330 580 et
1398 520 1499 579 est
1564 511 1925 579 velocioris
1996 521 2223 580 motus

668 649 872 719 quam
949 623 1060 690 illc
1135 620 1253 711 qui
1312 642 1584 709 semper
1661 627 1911 688 manet.
1986 619 2227 688 Differt

674 732 877 798 etiarn
926 727 992 792 in
1053 724 1207 804 hoc,
1252 725 1434 815 quod
1491 725 1614 793 iste
1681 727 1928 795 modus
1984 749 2226 794 vocem

673 834 876 901 habet
905 853 1251 910 sonoram,
1312 831 1433 899 sed
1478 832 1740 923 primus
1807 833 2053 899 modus
2111 831 2227 922 qui

670 965 936 1033 semper
974 951 1226 1022 manet,
1274 950 1376 1010 est
1416 943 1817 1009 taciturnus.
1874 941 1959 1007 Hi
1994 949 2223 1008 autem

672 1049 805 1117 duo
846 1050 1030 1118 modi
1059 1072 1138 1117 cx
1194 1049 1631 1140 generatione
1711 1071 1833 1114 sua
1899 1045 2227 1136 distingui

672 1182 808 1226 non
854 1165 1182 1249 possunt:
1238 1155 1358 1222 sed
1424 1156 1492 1222 in
1551 1161 1882 1220 autumno
1952 1152 2224 1242 quando

671 1267 831 1334 ssare
890 1265 1227 1353 incipiunt
1294 1261 1480 1326 venti
1548 1258 2002 1336 autumnaleS,
2062 1266 2226 1325 tunc

671 1395 791 1463 per
829 1378 1093 1438 motum
1124 1375 1188 1434 et
1213 1386 1480 1441 vocem,
1524 1371 1602 1431 ut
1638 1363 1894 1430 dictum
1926 1371 2049 1445 est,
2094 1362 2227 1429 dis-

673 1480 1097 1568 tinguuntur.

761 1591 1003 1661 Adhuc
1041 1592 1123 1660 de
1178 1589 1435 1683 gugulo
1491 1589 1650 1659 licet
1705 1591 2014 1680 superius
2063 1590 2220 1657 feci·

673 1724 827 1769 mus
865 1700 1312 1777 mentionem,
1345 1706 1575 1766 tamen
1643 1698 1850 1766 etiam
1905 1695 2016 1764 hic
2063 1719 2222 1787 pro·

670 1819 819 1901 pter
875 1810 1232 1901 opiniones
1262 1807 1529 1875 diversa
1594 1809 2018 1874 narrantium
2058 1828 2221 1874 con-

668 1919 947 1985 veniens
998 1924 1101 1984 est
1163 1922 1444 2005 tangere
1501 1913 1584 1981 de
1662 1912 1969 1981 moribus
2045 1914 2215 2002 ejus.

670 2024 867 2104 Quod
893 2045 1059 2090 vero
1090 2022 1552 2090 communiter
1581 2020 1828 2088 dicitur
1847 2019 1930 2112 de
1960 2019 2218 2110 gugulo

667 2139 789 2210 cst,
833 2129 1012 2221 quod
1045 2136 1205 2196 ovat
1235 2129 1303 2195 in
1335 2128 1512 2195 nidis
1541 2127 1780 2195 alienis
1813 2149 1829 2194 :
1880 2136 1943 2195 et
1975 2127 2221 2196 dicitur

665 2236 847 2328 quod
877 2237 1078 2304 etiam
1101 2234 1232 2302 alia
1254 2234 1400 2303 avis
1425 2256 1637 2324 rapax
1671 2235 2014 2324 quamam,
2059 2256 2212 2325 quae

667 2345 805 2412 fere
845 2352 946 2412 est
991 2343 1165 2410 sicut
1203 2364 1281 2409 ea
1334 2363 1541 2432 quam
1581 2350 1883 2409 asturem
1949 2341 2220 2408 vocavi-

664 2475 840 2533 muS,
874 2452 1033 2520 facit
1058 2451 1281 2519 idem:
1318 2449 1437 2519 sed
1466 2450 1922 2518 communiter
1948 2450 2213 2529 dicitur,

668 2558 859 2649 quod
890 2557 1003 2625 illa
1035 2566 1194 2625 ovat
1223 2558 1291 2624 in
1323 2556 1483 2625 nido
1510 2554 1896 2636 corniculae,
1932 2564 2000 2624 et
2041 2555 2217 2624 hanc

665 2666 940 2756 quidam
978 2672 1226 2733 vocant
1268 2673 1569 2730 asturem
1611 2664 1681 2730 in
1720 2671 1896 2732 terra
1956 2671 2210 2742 nostra,

668 2796 819 2841 cum
853 2782 1079 2841 tamen
1122 2794 1259 2839 non
1290 2771 1377 2839 sit
1424 2778 1614 2839 astur
1650 2771 2027 2839 secundum
2091 2794 2215 2839 ve-

668 2877 953 2945 ritatem.
1008 2877 1317 2967 Gugulus
1364 2885 1595 2943 autem
1657 2876 1997 2967 pra-cipue
2055 2884 2215 2943 uvat

664 2989 732 3054 in
766 2987 942 3054 nidis
972 2984 1254 3054 aviculae
1278 2986 1757 3076 yrasemusclie
1812 2985 2035 3067 dictae,
2097 2993 2216 3054 aut

664 3094 937 3162 alterius
993 3116 1219 3184 parvae
1287 3092 1386 3160 illi
1441 3092 1710 3161 similis.
1768 3093 1936 3161 Dico
1985 3102 2213 3161 autem

656 3201 1000 3294 ququlum
1041 3199 1151 3270 bic
1180 3223 1338 3269 eum
1370 3224 1574 3291 quem
1605 3203 1937 3269 minorem
1977 3223 2213 3292 ququ-

663 3308 809 3374 lum
856 3306 1166 3397 superius
1209 3305 1634 3374 vocavimuS.
1706 3304 2013 3374 Aviculae
2079 3329 2211 3374 au-

660 3422 796 3481 tem
862 3414 930 3480 in
996 3436 1285 3504 quarum
1343 3411 1522 3480 nidis
1561 3412 1983 3504 frequentius
2021 3423 2205 3492 ovat,

660 3519 863 3586 trium
891 3519 1328 3587 inveniuntur
1354 3517 1717 3587 modorum
1764 3518 1946 3610 apud
2019 3519 2211 3588 Grae-

658 3653 800 3713 cos,
851 3652 999 3721 quae
1047 3629 1363 3698 dicuntur
1416 3651 1647 3711 cattos,
1697 3636 1763 3697 et
1816 3628 2203 3709 ocolandes,

658 3746 721 3806 et
757 3735 1029 3828 sor-odo.
1064 3735 1267 3827 Apud
1323 3759 1450 3805 nos
1511 3744 1740 3805 autem
1805 3736 2207 3829 plerumque

661 3841 1096 3910 inveniuntur
1123 3840 1362 3933 guguli
1392 3842 1461 3909 in
1500 3841 1677 3909 nidis
1706 3841 2000 3910 duorum
2048 3865 2208 3911 mo—

657 3949 897 4018 dorum
928 3949 1377 4033 avimlamm,
1417 3972 1709 4041 quarum
1740 3973 1877 4019 una
1908 3959 2010 4019 est
2047 3975 2209 4043 gra-

658 4056 1012 4125 semusehe
1051 4080 1255 4148 quam
1295 4057 1636 4125 diximus:
1699 4065 1769 4125 et
1823 4056 2032 4125 altera
2108 4058 2207 4126 ci-

659 4164 830 4232 trina
884 4163 1192 4255 qua-dam
1223 4164 1394 4244 aviS,
1446 4184 1654 4255 quam
1707 4186 1992 4254 yur-sam
2051 4165 2207 4255 qui-

657 4269 836 4349 dam,
904 4270 1020 4339 alii
1102 4279 1331 4339 autem
1406 4271 1836 4362 amerinqam
1927 4278 2198 4340 vocant.

653 4378 1001 4447 Invenitur
1054 4380 1256 4447 etiam
1297 4378 1663 4470 aliquando
1706 4379 1774 4446 in
1831 4378 1993 4447 nido
2053 4381 2203 4448 avi-

652 4485 819 4555 culae
848 4509 997 4578 quoe
1017 4487 1211 4577 juxta
1262 4486 1442 4576 ripas
1498 4496 1601 4555 est
1658 4509 2019 4578 aquarum,
2053 4510 2204 4579 quae

649 4594 925 4680 longam
956 4593 1161 4663 habet
1187 4595 1474 4663 caudam
1507 4604 1575 4664 et
1603 4596 1803 4665 valde
1837 4595 2197 4665 mobilem:

651 4707 922 4790 propter
950 4698 1131 4791 quod
1181 4699 1385 4767 etiam
1424 4699 1743 4791 deyested
1768 4725 1807 4769 a
1848 4701 2205 4770 Germanis

649 4815 952 4877 vocatur.
989 4807 1070 4875 Et
1100 4806 1469 4897 aliquando
1526 4807 1874 4877 invenitur
1928 4810 1995 4878 in
2027 4809 2203 4877 nidis

651 4916 879 4983 avium
913 4914 1406 4983 nidificantium
1448 4915 1518 4982 in
1548 4923 1751 4994 terra,
1784 4924 1849 4983 et
1887 4915 2205 5008 aliquan-

651 5024 737 5090 du
771 5026 837 5092 in
869 5023 1042 5092 nidis
1073 5047 1307 5093 earum
1337 5045 1490 5116 quoe
1518 5024 1867 5093 nidificant
1898 5026 1968 5093 in
2007 5026 2204 5095 arbo·

650 5130 858 5199 ribuS.
901 5131 1287 5222 Aliquando
1320 5132 1528 5201 etiam
1561 5132 1909 5200 invenitur
1939 5132 2006 5201 in
2038 5134 2200 5204 nido

653 5236 799 5302 avis
837 5257 986 5326 qua·
1028 5238 1271 5305 «licitur
1306 5236 1627 5304 altit-ides
1654 5235 1914 5316 Gra-ce,
1949 5247 2016 5307 et
2043 5248 2202 5308 ovat

649 5364 857 5410 ovum
898 5344 965 5410 in
1021 5343 1196 5411 nidis
1234 5343 1566 5413 dictarum
1606 5344 1866 5424 avium,
1915 5344 2034 5414 sed
2061 5369 2200 5416 non

649 5448 848 5517 cubat
877 5450 1125 5539 ipsum,
1166 5451 1283 5518 sed
1326 5451 1574 5520 recedit
1604 5451 1957 5521 dimittens
1987 5477 2198 5523 ovum

647 5579 846 5624 suum
889 5557 957 5624 in
997 5554 1155 5622 nido
1215 5556 1390 5625 inter
1427 5557 1561 5627 alia
1599 5582 1730 5628 ova
1790 5559 1973 5628 illius
2024 5563 2194 5639 avis»,

647 5663 718 5731 in
766 5663 956 5754 cujus
994 5661 1153 5730 nido
1210 5664 1405 5754 ponit
1474 5687 1715 5750 ovum,
1774 5675 1848 5736 ut
1915 5665 2193 5760 quidam

1659 341 1745 407 D.
1795 339 2000 406 ALB.
2054 339 2271 408 MAG.
2326 339 2533 409 ORD.
2586 341 2884 409 PRAED.

2334 521 2668 582 asserunt.
2712 514 2879 582 Avis
2945 521 3172 582 autem
3239 515 3432 603 cujus
3493 523 3594 581 est
3662 517 3888 591 nidus,

2334 621 2535 688 cubat
2597 623 2828 689 omnia
2911 644 3041 688 ova
3097 645 3220 689 sua
3287 630 3351 689 et
3383 645 3590 688 ovum
3623 621 3887 711 guguli,

2333 725 2551 796 donec
2606 729 2941 819 frangitur
2980 739 3150 798 testa
3217 732 3328 797 ovi
3389 729 3651 820 guguli.
3696 729 3890 797 Dici-

2329 839 2441 900 tur
2479 834 2688 912 enim‚
2733 835 2916 925 quod
2973 859 3181 902 ovum
3221 835 3457 926 guguli
3527 835 3750 912 citiuS‚
3823 843 3889 901 et

2330 951 2494 1010 tunc
2556 940 2821 1008 avicula
2857 942 3010 1031 plus
3069 964 3207 1009 non
3248 942 3451 1010 cubat
3525 943 3658 1009 alia
3724 964 3880 1020 ova,

2331 1048 2449 1116 sed
2467 1046 2648 1116 cibat
2675 1046 2936 1136 pullum
2977 1047 3240 1137 guguli‚
3276 1056 3343 1114 et
3392 1047 3503 1115 ille
3555 1047 3885 1139 paulatim

2329 1152 2694 1223 crescendo
2761 1151 2964 1220 cubat
3042 1152 3174 1219 alia
3213 1175 3368 1230 ova,
3451 1161 3518 1220 et
3593 1151 3888 1221 extrahit

2329 1260 2556 1353 pullos
2602 1258 2884 1328 aviculae
2933 1281 3086 1349 quae
3143 1259 3319 1326 cibat
3395 1280 3577 1324 eum.
3660 1257 3887 1324 Ovum

2330 1370 2513 1436 enim
2580 1367 2817 1459 guguli
2855 1367 2992 1434 fere
3047 1389 3318 1456 semper
3354 1373 3455 1433 est
3513 1365 3581 1431 in
3658 1363 3888 1431 medio

2331 1497 2624 1543 ovorum
2683 1474 2985 1542 illorum.
3054 1474 3188 1540 Alii
3271 1482 3502 1541 autem
3581 1472 3881 1548 tradunt,

2331 1583 2517 1674 quod
2562 1583 2766 1651 simul
2822 1590 3075 1650 exeunt
3111 1604 3242 1649 ova
3292 1604 3307 1648 :
3345 1591 3411 1650 et
3453 1591 3613 1649 tunc
3668 1587 3887 1648 mater

2325 1689 2672 1780 pullorum
2723 1688 2997 1756 illorum
3056 1689 3373 1756 interficit
3411 1688 3635 1779 pullos
3689 1709 3878 1766 suOS,

2328 1799 2665 1888 propriOS‚
2727 1805 2791 1864 ct
2857 1796 2971 1864 dat
3007 1818 3124 1865 eos
3168 1798 3237 1864 in
3303 1796 3530 1864 cibum
3572 1795 3875 1886 gugulo:

2324 1909 2495 2001 pulli
2552 1907 2734 1975 enim
2810 1906 3043 1998 guguli
3113 1914 3271 1973 sunt
3338 1904 3758 1997 pulchriores
3815 1913 3883 1971 et

2327 2016 2620 2103 maj0res
2661 2037 2867 2105 quam
2924 2016 3026 2080 sui
3057 2036 3071 2081 :
3106 2022 3174 2082 et
3206 2014 3357 2081 ideo
3391 2013 3534 2081 odit
3565 2013 3879 2103 proprios

2325 2132 2391 2190 et
2422 2123 2739 2191 interficit
2782 2144 2923 2191 eos,
2985 2121 3069 2189 Et
3120 2122 3316 2189 multi
3360 2122 3766 2188 rusticorum
3817 2127 3882 2186 et

2325 2251 2669 2319 aucupum
2719 2235 3055 2296 testantur
3110 2226 3240 2297 hoc
3292 2250 3364 2296 se
3416 2226 3689 2295 vidisse.
3735 2225 3884 2293 lloc

2324 2347 2556 2406 autem
2589 2337 2767 2428 apud
2819 2360 2943 2406 nos
3000 2360 3137 2405 non
3195 2337 3442 2406 dieitur
3470 2336 3550 2405 de
3590 2334 3880 2427 gugulo,

2322 2447 2438 2514 sed
2469 2446 2552 2515 de
2585 2445 2956 2525 cornicula,
2991 2447 3059 2512 in
3108 2446 3302 2536 cujus
3371 2443 3532 2511 nido
3598 2450 3759 2511 ovat
3804 2464 3883 2509 ea

2321 2555 2468 2622 avis
2507 2576 2656 2644 quae
2685 2553 2926 2621 similis
2964 2563 3066 2621 est
3094 2553 3326 2619 asturi.

2412 2660 2589 2727 Sunt
2627 2669 2852 2728 autem
2887 2659 3116 2727 multa¹
3148 2659 3557 2748 opinionum
3597 2655 3876 2723 diversi·

2320 2777 2493 2836 tates
2522 2768 2603 2836 de
2637 2768 2842 2836 modo
2874 2766 3328 2858 corruptionis
3358 2764 3704 2856 pullorum
3728 2765 3876 2830 avis

2317 2876 2500 2944 illius
2530 2899 2679 2966 quae
2717 2876 2925 2942 nutrit
2957 2874 3290 2966 gugulum
3322 2897 3337 2941 :
3384 2875 3543 2964 quia
3573 2893 3730 2939 eum
3758 2893 3881 2960 gu-

2316 2981 2480 3072 gulo
2520 3003 2658 3047 non
2716 2980 3156 3048 inveniuntur
3220 2979 3332 3046 alii
3402 2977 3655 3068 proprii
3708 2973 3877 3066 pulli

2315 3090 2461 3156 avis
2500 3090 2567 3156 in
2591 3086 2773 3155 nido.
2809 3084 3102 3167 Quidam
3135 3087 3322 3155 enim
3355 3082 3678 3153 omnibus
3717 3105 3881 3149 sen-

2316 3198 2545 3266 tentiis
2581 3195 2691 3264 hic
2746 3204 2813 3263 et
2886 3196 3196 3286 superius
3273 3193 3566 3261 induetis
3625 3190 3881 3260 relictis

2314 3307 2570 3384 dicunt,
2605 3304 2788 3396 quod
2835 3305 3156 3395 antiquus
3221 3303 3522 3394 gugulus
3563 3302 3682 3393 qui
3720 3307 3882 3368 ovat

2313 3415 2383 3483 in
2422 3413 2584 3482 nido
2631 3414 2800 3493 avis,
2861 3412 3074 3490 venit,
3144 3421 3209 3481 et
3252 3411 3503 3502 frangit
3545 3432 3678 3476 ova
3711 3408 3874 3486 alia,

2313 3532 2378 3593 et
2407 3523 2637 3593 sorbet
2665 3544 2786 3592 ea:
2821 3530 2889 3591 et
2913 3520 3046 3592 hoc
3089 3530 3193 3590 est
3222 3517 3672 3613 probabilius,
3731 3517 3875 3585 sie-

2311 3639 2388 3700 ut
2435 3632 2747 3724 superius
2784 3629 3038 3699 dietum
3086 3637 3212 3707 est,
3286 3627 3403 3696 ubi
3461 3628 3544 3697 de
3609 3623 3871 3718 gugulo

2310 3737 2787 3831 loquebamur.
2850 3736 2984 3805 Alii
3041 3744 3269 3805 autem
3359 3735 3617 3815 dieunt,
3687 3731 3872 3825 qnod

2309 3869 2469 3914 cum
2507 3852 2757 3914 exeunt
2784 3842 2978 3935 pulli,
3018 3844 3205 3911 venit
3256 3844 3578 3932 antiquus
3633 3861 3866 3931 gugu-

2310 3953 2442 4032 lus‚
2484 3961 2553 4021 et
2588 3950 2883 4020 comedit
2910 3971 3029 4019 eos
3067 3971 3311 4018 omnes
3357 3954 3602 4039 proeter
3629 3967 3860 4013 suum.

2312 4060 2447 4128 Alii
2487 4067 2714 4127 autem
2745 4057 3164 4151 probabilius
3207 4058 3567 4149 loquentes
3603 4054 3865 4135 dicunt,

2309 4167 2495 4261 quod
2535 4167 2761 4259 pullus
2789 4167 3055 4260 guguli‚
3115 4189 3198 4236 eo
3267 4165 3454 4256 quod
3509 4164 3750 4232 fortior
3802 4170 3869 4230 et

2309 4278 2532 4368 major
2559 4284 2659 4344 est
2689 4274 2865 4353 aliia,
2907 4274 3209 4367 praeripit
3250 4276 3349 4343 eis
3389 4272 3619 4341 eibum
3661 4292 3869 4363 quem

2307 4383 2502 4451 affert
2539 4389 2755 4450 mater
2782 4381 3081 4449 cubans:
3118 4388 3186 4449 et
3216 4380 3370 4449 ideo
3401 4377 3658 4470 proprii
3690 4378 3870 4467 ejus—

2306 4489 2467 4558 dem
2496 4487 2776 4557 aviculae
2824 4486 2992 4579 pulli
3033 4486 3213 4556 fame
3269 4487 3683 4554 moriuntur.
3725 4482 3864 4550 Alii

2307 4604 2537 4665 autem
2593 4595 2936 4675 dixerunt,
2997 4595 3182 4688 quod
3231 4594 3510 4685 juvenis
3565 4591 3866 4685 gugulus

2307 4704 2610 4774 motibus
2637 4705 2777 4772 suis
2806 4713 2873 4772 et
2911 4702 3093 4772 mole
3150 4703 3505 4795 gravitatis
3543 4700 3866 4769 interficit

2307 4834 2552 4890 eoS,eo
2583 4809 2764 4902 quod
2788 4810 3029 4879 fortior
3048 4819 3112 4878 et
3136 4811 3353 4900 major
3387 4816 3491 4876 est
3524 4829 3732 4900 quam
3771 4806 3870 4896 ip-

2306 4922 2392 4998 si,
2424 4920 2764 5012 praecipuo
2798 4920 2863 4987 in
2897 4918 3115 5010 prima
3145 4916 3626 4993 teneritudine,
3650 4935 3869 5005 quan·

2305 5024 2393 5092 do
2432 5032 2682 5092 exeunt
2741 5022 2828 5091 ab
2877 5023 3052 5091 ovis,
3099 5022 3364 5091 Dicitur
3412 5028 3643 5088 autem
3674 5016 3862 5109 quod

2303 5154 2509 5202 causa
2550 5131 2779 5220 hujus,
2826 5131 3009 5221 quod
3056 5130 3353 5223 gugulus
3384 5135 3546 5197 ovat
3581 5127 3650 5194 in
3700 5125 3862 5193 nido

2304 5239 2586 5308 alterius
2618 5240 2763 5306 avis
2801 5247 2902 5307 est
2959 5240 3290 5331 sapientia
3343 5236 3610 5329 guguli.
3686 5236 3861 5302 Cum

2303 5350 2490 5417 enim
2529 5356 2895 5439 eognoscat
2941 5369 3013 5416 se
3049 5369 3198 5415 esse
3234 5345 3529 5416 debilem
3587 5344 3675 5414 ad
3733 5367 3867 5413 cu-

2304 5456 2631 5534 bandum,
2691 5463 2755 5523 et
2797 5454 3156 5547 querenda
3191 5477 3468 5546 pascua,
3530 5461 3600 5523 et
3630 5454 3864 5545 impo-

2303 5573 2560 5634 tentem
2615 5562 2699 5633 ad
2728 5561 3191 5632 defendendos
3245 5571 3312 5631 et
3368 5560 3859 5632 custodiendos

2305 5671 2557 5763 pullos,
2608 5670 2804 5762 ponit
2841 5693 2970 5739 ova
3011 5672 3190 5739 inter
3213 5671 3439 5761 pullos
3466 5671 3750 5749 alienos,
3783 5675 3864 5736 ut
