4919 6371
616 377 741 446 190

607 569 747 614 non
819 553 920 611 est
971 541 1155 608 aliud
1239 539 1649 607 continuans
1737 533 2149 609 membrum,

606 664 880 746 propter
933 652 1118 743 quod
1181 649 1425 720 accidit
1503 643 1803 736 piscibus
1857 643 2148 730 magnis,

605 757 788 851 quod
817 781 971 827 cum
1015 758 1242 828 subito
1291 754 1611 824 festinant
1649 749 1736 815 ad
1782 745 2158 837 apprehen-

602 865 897 933 dendum
963 868 1262 957 praedam
1336 869 1403 927 et
1450 853 1906 947 glutiendum,
1969 850 2154 941 quod

601 995 722 1065 per
782 997 861 1042 os
933 975 1210 1062 ejiciunt
1265 960 1699 1034 stomachum
1758 958 2148 1049 aliquando.

603 1083 772 1151 Post
792 1089 1101 1149 ventrem
1129 1084 1360 1145 autem
1391 1072 1535 1138 sive
1562 1068 2018 1146 stomachum,
2055 1076 2156 1135 est

605 1191 1002 1258 intestinum
1040 1183 1225 1276 quod
1252 1179 1644 1273 portanario
1690 1178 2150 1253 continuatur,

608 1303 676 1363 et
700 1293 1015 1362 duodeno
1043 1291 1116 1358 in
1143 1289 1429 1359 homine
1459 1286 2058 1376 proportionetur:
2090 1288 2158 1348 et

597 1400 739 1469 -hoc
773 1400 844 1467 in
873 1398 1173 1490 piscibus
1200 1394 1517 1488 pervenit
1555 1391 1640 1458 ad
1689 1392 1944 1457 exitum
1991 1387 2150 1455 cibi.

602 1508 683 1576 In
709 1508 816 1576 hie
853 1509 1005 1577 dico
1043 1504 1350 1598 piscibus
1389 1502 1506 1593 qui
1536 1504 1745 1568 ovant
1780 1522 1795 1565 :
1828 1495 2154 1588 quoniam

600 1617 701 1685 illi
745 1618 1065 1685 intestina
1101 1637 1244 1686 nou
1282 1609 1543 1680 habent
1585 1605 1895 1675 involuta
1941 1605 2157 1672 multa

602 1723 1048 1792 involutione.
1096 1721 1173 1788 ln
1238 1714 1650 1810 quibusdam
1724 1721 1953 1781 tamen
2017 1734 2156 1779 una

602 1829 750 1903 sola
812 1840 883 1900 et
932 1852 1146 1922 parva
1212 1823 1556 1896 revolutio
1624 1822 2153 1913 duplicationem

595 1942 855 2010 faciens
907 1937 1300 2006 invenitur:
1345 1935 1417 2001 in
1457 1930 1692 1998 multis
1742 1935 1971 1997 autem
2008 1951 2165 1996 om·

607 2053 773 2119 nino
811 2047 1024 2116 nulla.

692 2157 809 2224 Sic
852 2163 1083 2223 autem
1130 2173 1271 2220 non
1310 2154 1415 2216 est
1473 2147 1544 2214 in
1601 2145 2155 2237 quadrupedibus

607 2259 1087 2353 generantibus
1143 2257 1270 2325 sibi
1348 2252 1603 2322 similia
1665 2259 1734 2320 et
1822 2252 2148 2320 cornutis.

598 2369 802 2438 Nulla
830 2369 1018 2437 enim
1057 2365 1332 2434 illorum
1376 2360 1631 2430 habent
1677 2359 1913 2428 dentes
1959 2368 2156 2428 ante-

584 2478 809 2545 riores
853 2477 925 2543 in
951 2471 1285 2565 superiori
1335 2464 1782 2538 mandubila:
1824 2475 1894 2536 et
1943 2465 2156 2560 quod·

596 2582 763 2652 libet
794 2583 1100 2674 ipsorum
1147 2579 1356 2649 habet
1403 2582 1702 2669 quatuor
1737 2583 2035 2654 ventres,
2077 2577 2152 2643 in

596 2689 843 2782 quibus
870 2686 1062 2756 cibus
1108 2687 1413 2779 aliquam
1455 2682 1931 2752 alterationem
1967 2682 2154 2751 acci-

591 2801 695 2889 pit
728 2794 1128 2888 digestionis
1169 2818 1186 2862 :
1216 2794 1352 2862 hoc
1380 2793 1565 2860 onim
1602 2798 1914 2860 ventrem
1952 2812 2154 2859 voca·

593 2925 770 2973 mus.
806 2904 890 2973 Et
927 2925 1134 2973 omne
1181 2899 1368 2995 quod
1405 2901 1506 2968 sic
1552 2907 1846 2990 quatuor
1880 2909 2152 2968 ventres

595 3010 823 3092 habet,
846 3013 1205 3079 ruminans
1234 3016 1545 3078 vocatur.
1569 3005 1940 3076 Ruminare
1967 3007 2149 3075 enim

596 3119 764 3188 nihil
793 3118 979 3189 aliud
1016 3129 1140 3199 est,
1176 3142 1382 3212 quam
1415 3136 1759 3184 resumere
1806 3138 1890 3182 ex
1927 3116 2150 3206 primo

588 3236 825 3298 ventre
879 3224 1108 3295 cibum
1153 3225 1240 3294 ad
1298 3222 1682 3295 iterandam
1729 3223 2155 3291 masticatio-

593 3359 751 3406 nem
788 3359 804 3404 :
843 3359 928 3406 eo
966 3334 1151 3427 quod
1187 3337 1412 3427 prima
1454 3332 1840 3401 masticatio
1893 3333 2154 3400 incom-

589 3443 769 3537 pleta
803 3442 931 3510 fuit
960 3440 1323 3511 celebrata.
1371 3438 1449 3507 ln
1486 3436 1741 3506 talibus
1767 3440 1954 3506 enim
1997 3438 2148 3506 ani·

591 3548 887 3619 malibus
947 3557 1049 3617 est
1112 3549 1282 3619 merl
1347 3544 1535 3640 quod
1574 3546 1819 3637 accipit
1868 3566 1909 3614 a
1953 3554 2148 3639 parte

597 3661 736 3728 oris
796 3656 998 3727 valde
1048 3656 1362 3751 amplum
1433 3653 1749 3739 inferius,
1787 3655 1964 3722 sicut
2006 3670 2152 3724 sac-

590 3786 712 3834 cus
745 3788 765 3834 t
805 3774 871 3833 et
898 3774 1221 3834 curvatur
1269 3762 1551 3857 quidem
1606 3772 1850 3829 versus
1884 3768 2147 3853 partem

585 3872 659 3940 in
725 3892 859 3965 qua
911 3881 1016 3942 est
1077 3872 1345 3964 pulmo,
1409 3867 1675 3938 Deinde
1725 3876 1999 3960 regyrat
2060 3867 2149 3937 ad

587 3978 1017 4048 stomachum
1079 3980 1196 4071 qui
1249 3984 1543 4045 vocatur
1605 3983 1834 4043 venter
1883 3974 2143 4066 major,

583 4094 653 4155 et
689 4086 781 4154 ibi
809 4088 1300 4178 constringitur
1335 4083 1424 4151 ad
1455 4083 1906 4174 quantitatem
1934 4100 2146 4173 supe-

585 4188 780 4259 rioris
824 4191 1039 4283 partis
1092 4187 1464 4264 stomachi.
1504 4192 1575 4254 et
1609 4207 1769 4255 cum
1810 4207 1892 4253 eo
1919 4188 2146 4255 conti⁴

585 4304 834 4365 nuatur
865 4318 885 4365 τ
913 4306 983 4366 et
1043 4296 1215 4366 meri
1270 4292 1555 4386 quidem
1599 4289 1906 4382 duplices
1938 4290 2143 4361 habet

581 4402 784 4473 villos
804 4402 1050 4495 longos
1086 4403 1379 4496 quidem
1432 4397 1523 4468 ad
1559 4396 2014 4490 glutiendum.
2073 4408 2142 4468 et

582 4509 1040 4579 latitudinales
1103 4509 1188 4578 ad
1245 4503 1727 4598 rejiciendum,
1757 4512 1829 4573 et
1854 4512 2013 4572 sunt
2041 4504 2141 4573 illi

582 4616 656 4686 ia
698 4616 999 4685 interiori
1047 4619 1281 4687 tunica
1328 4614 1547 4707 ipsius
1587 4613 1761 4683 meri
1803 4634 1821 4680 z
1863 4621 2143 4704 propter

581 4720 770 4814 quod
808 4723 956 4792 sine
999 4721 1404 4792 difficaltate
1431 4717 1726 4788 reddunt
1766 4718 1998 4788 cibam
2033 4720 2140 4788 ori

583 4829 670 4900 ad
699 4830 1182 4900 ruminandum
1221 4851 1242 4899 ε
1294 4825 1628 4921 quoniam
1669 4832 1948 4917 propter
1981 4825 2143 4895 den·

579 4938 754 5006 tium
815 4934 1152 5007 defectum
1234 4938 1464 5029 primo
1519 4931 1736 5000 durus
1796 4933 2138 5002 masticari

579 5044 991 5115 sufficienter
1023 5056 1164 5114 non
1201 5048 1502 5137 poterat,
1541 5038 1674 5107 nisi
1712 5037 2142 5110 mollificare—

578 5157 692 5219 tur
733 5151 941 5273 ‘prius
967 5157 1035 5221 et
1089 5151 1498 5222 alteraretur
1548 5144 1622 5214 in
1676 5164 1896 5214 sacco
1921 5146 2138 5237 ipsius

581 5257 783 5340 meri,
811 5257 885 5327 in
926 5280 1067 5350 quo
1104 5258 1451 5351 repositus
1513 5251 1667 5321 tuit.
1735 5251 1908 5323 Post
1965 5256 2137 5324 men·

581 5369 811 5432 autem
864 5365 938 5433 in
1010 5365 1335 5434 omnibus
1399 5357 1816 5430 animalibus
1885 5358 2139 5429 talibus

579 5475 687 5539 cst
708 5470 1128 5553 stomachus,
1150 5475 1270 5566 qui
1293 5478 1527 5539 vatter·
1555 5464 1801 5567 major
1823 5487 1870 5533 v
1872 5474 2133 5555 ocatur,

577 5586 651 5650 et
683 5577 878 5672 pellis
913 5580 1148 5663 etiam,
1199 5604 1355 5675 quae
1401 5574 1687 5671 quidem
1737 5573 2138 5667 pellis=para

578 5695 682 5760 eet
742 5689 922 5761 inter
973 5690 1145 5763 meri
1209 5700 1280 5762 et
1324 5681 1762 5759 stomachum
1805 5682 2137 5761 tintefior

1603 361 1688 428 D.
1739 359 1937 428 ALB.
1991 358 2209 429 MAG.
2261 360 2469 429 ORD.
2528 359 2824 427 PRAED.

2267 533 2418 600 dico
2448 531 2643 622 pellis
2674 538 2777 597 est
2814 554 3054 622 aspera
3119 542 3183 602 et
3220 534 3490 614 villosa,
3524 543 3601 603 ut
3653 536 3825 602 dura

2265 650 2494 707 tenere
2550 647 2613 707 et
2656 646 2936 728 tangere
2988 647 3201 732 possit
3248 647 3393 711 sine
3437 648 3545 711 sui
3601 631 3825 711 nocu'-

2265 747 2872 815 mento.'lnferius
2928 758 3159 818 autem
3212 752 3299 818 ad
3349 754 3821 842 portenarium

2265 859 2519 923 ventris
2548 860 2825 947 majoris
2855 868 2960 928 est
2987 861 3160 928 alius
3189 868 3426 928 venter
3446 861 3821 950 applicatus

2265 965 2509 1051 majori
2565 967 2787 1032 ventri
2842 968 2928 1035 ad
2976 969 3270 1036 radicem
3303 969 3700 1059 portanarii,
3735 987 3823 1035 ex

2264 1096 2401 1165 quo
2456 1081 2711 1164 sugunt
2783 1079 3016 1148 multae
3081 1081 3612 1148 mesaraicarum
3676 1102 3694 1147 :
3750 1086 3820 1148 et

2263 1183 2424 1272 quia
2487 1190 2588 1248 est
2642 1180 2728 1248 ad
2791 1187 3240 1274 quantitatem
3292 1186 3690 1277 portanarii,
3734 1184 3821 1252 ad

2263 1310 2467 1378 quem
2523 1296 2624 1355 est
2686 1294 3017 1359 transitus
3081 1293 3214 1360 cibi
3272 1291 3524 1368 mollis,
3592 1294 3822 1359 minor

2264 1420 2470 1487 quam
2526 1405 2763 1464 venter
2827 1403 3070 1491 major,
3131 1410 3194 1469 et
3245 1424 3451 1492 quam
3494 1403 3689 1468 meri.
3733 1399 3819 1466 Et

2260 1512 2416 1595 post
2479 1501 2661 1572 hunc
2698 1506 2944 1575 iterum
2992 1517 3095 1576 est
3157 1509 3331 1576 alius
3359 1509 3477 1600 qui
3535 1507 3817 1599 quidem

2263 1611 2541 1678 inferius
2568 1612 2829 1679 iterum
2871 1634 3014 1682 non
3057 1614 3333 1706 quidem
3392 1614 3815 1694 immediate,

2261 1718 2380 1786 sed
2423 1719 2762 1787 mediante
2805 1722 3131 1810 praedicto
3178 1730 3279 1790 est
3317 1730 3472 1814 post
3500 1729 3814 1808 ventrem

2261 1831 2596 1919 maiorem
2628 1850 2645 1896 ε
2681 1836 2749 1897 et
2793 1827 2905 1899 ille
2944 1840 3045 1901 est
3083 1833 3153 1900 in
3184 1833 3559 1924 quantitate
3605 1832 3815 1911 tertii,

2260 1944 2328 2005 et
2390 1935 2758 2028 aliquando
2828 1942 2931 2006 est
2993 1939 3216 2028 major
3268 1938 3338 2006 in
3405 1935 3817 2030 quibusdam

2259 2042 2668 2111 animalibus
2696 2052 2976 2133 propter
2997 2047 3394 2113 intestinum
3436 2042 3622 2136 quod
3651 2066 3818 2134 par-

2257 2151 2542 2242 ticipant
2596 2148 2910 2241 quaedam
2968 2154 3296 2244 ipsorum,
3366 2161 3429 2218 et
3499 2153 3813 2242 quandam

2256 2280 2421 2326 non.
2459 2256 2542 2325 Et
2578 2255 2691 2324 ille
2722 2263 3006 2347 quartus
3035 2267 3136 2328 est
3159 2257 3443 2326 ultimus
3473 2266 3539 2326 et
3567 2257 3816 2348 longus

2258 2374 2325 2434 et
2369 2364 2746 2443 involutus,
2777 2373 2857 2433 ut
2895 2387 2980 2435 ex
3008 2367 3242 2435 multis
3271 2368 3417 2459 ejus
3449 2366 3819 2434 revolutio·

2258 2471 2461 2542 nibus
2515 2470 2928 2542 sufficienter
2978 2474 3249 2558 trahere
3284 2475 3552 2565 possint
3594 2492 3819 2541 mesa-

2256 2580 2477 2648 raicae.
2508 2576 2815 2645 villosus
2842 2581 3048 2648 etiam
3078 2589 3181 2649 est
3211 2581 3280 2648 in
3310 2580 3646 2672 principio
3676 2577 3811 2657 sui,

2257 2697 2326 2758 et
2351 2686 2581 2757 mollis
2597 2694 2665 2754 et
2703 2686 2876 2755 lenis
2894 2711 2981 2757 ex
3009 2697 3199 2783 parte
3239 2689 3512 2757 lictoris.
3551 2687 3633 2755 Et
3663 2693 3822 2779 post

2259 2798 2453 2866 illum
2501 2815 2641 2865 non
2669 2804 2772 2864 est
2799 2793 2928 2864 nisi
2968 2797 3370 2866 intestinum
3411 2820 3451 2865 a
3500 2818 3638 2888 quo
3669 2815 3815 2863 non

2256 2902 2550 2973 trahitur
2584 2901 2800 2983 cibus,
2832 2905 2951 2973 sed
2997 2910 3098 2973 est
3143 2906 3257 2972 via
3317 2905 3543 2972 exitus
3571 2924 3818 2994 super-

2256 3012 2621 3088 ssuitatum,
2668 3007 2852 3101 qnod
2909 3010 3209 3105 longaon
3237 3013 3309 3080 in
3336 3010 3618 3080 homine
3648 3032 3816 3102 pro-

2254 3119 2707 3211 portionatnr.

2343 3226 2506 3294 Haec
2564 3226 2777 3317 igitur
2847 3235 2949 3296 est
2985 3228 3342 3321 dispositio
3397 3227 3804 3296 interiorum

2254 3332 2722 3404 membrorum
2795 3336 3195 3408 animalium
3252 3341 3629 3408 carentium
3693 3358 3812 3405 an-

2252 3438 2616 3509 terioribus
2660 3437 2976 3509 dentibus
3029 3444 3102 3511 in
3157 3443 3493 3535 superiori
3539 3437 3801 3511 mandi·

2252 3546 2437 3626 bula,
2471 3554 2541 3615 et
2583 3543 2983 3618 habentium
3030 3568 3289 3618 cornua
3347 3550 3421 3618 in
3468 3547 3808 3640 capitibus

2251 3653 2420 3722 suis.

2339 3761 2615 3830 Animal
2657 3765 2886 3829 autem
2925 3761 3185 3832 habens
3229 3761 3466 3833 dentes
3493 3762 3808 3855 superius

2249 3876 2316 3940 et
2373 3868 2679 3948 inferius,
2739 3889 2959 3938 unum
2995 3870 3221 3938 solum
3249 3868 3457 3940 habet
3492 3875 3806 3939 ventrem

2249 3977 2364 4070 qui
2396 3983 2499 4045 est
2553 3973 2972 4058 stomachus,
3006 3977 3125 4070 qui
3162 3996 3343 4046 nnus
3387 3978 3636 4047 dieitur
3663 3994 3805 4044 non

2247 4084 2524 4180 quidem
2572 4085 2645 4154 in
2681 4086 3024 4158 creatione
3074 4107 3227 4180 qua·
3283 4083 3634 4157 dissimilis
3673 4092 3798 4165 est,

2245 4195 2421 4262 sicut
2444 4199 2627 4285 patet
2669 4213 2755 4261 ex
2783 4188 2891 4262 his
2928 4215 3080 4288 quoe
3110 4198 3178 4264 in
3216 4195 3440 4288 primo
3478 4194 3655 4263 libro
3694 4191 3807 4263 di·-

2244 4308 2436 4392 gesta
2490 4304 2650 4366 sunt
2701 4315 2721 4365 t
2760 4296 2878 4365 sed
2919 4301 3083 4392 quia
3136 4298 3426 4393 digestio
3466 4301 3537 4369 in
3578 4322 3662 4368 eo
3701 4303 3803 4366 est

2244 4404 2450 4473 nnius
2495 4402 2681 4473 modi
2718 4409 2785 4471 et
2813 4403 3095 4496 equalis
3142 4411 3400 4476 tractus
3447 4405 3532 4474 ad
3573 4426 3805 4474 mesa-

2246 4513 2513 4583 raicas:
2571 4518 2638 4581 et
2674 4517 2917 4581 venter
2971 4512 3079 4583 hie
3130 4513 3377 4586 dicitur
3407 4510 3803 4584 stomachus

2241 4640 2400 4689 cum
2440 4618 2762 4689 omnibus
2825 4619 3364 4713 dependentibus
3419 4620 3507 4691 ab
3563 4642 3674 4704 eo,
3727 4619 3801 4687 in

2242 4725 2493 4820 quibus
2545 4734 2647 4794 est
2708 4721 3020 4795 alteratio
3058 4733 3123 4797 et
3159 4726 3447 4820 digestio
3492 4726 3624 4798 cibi
3667 4746 3686 4794 ε
3731 4730 3799 4795 et

2241 4834 2404 4904 talia
2439 4840 2598 4902 sunt
2627 4830 2864 4912 homo,
2896 4830 3030 4916 leo,
3060 4836 3274 4919 canis,
3306 4858 3531 4916 ursus,
3563 4832 3797 4926 lupus,

2241 4950 2308 5011 et
2341 4938 2620 5011 similia.
2652 4936 2739 5005 Et
2765 4943 2919 5032 post
2958 4940 3136 5013 hune
3174 4950 3485 5013 ventrem
3542 4938 3795 5010 habent

2239 5048 2585 5129 intestina,
2627 5062 2781 5137 qun
2850 5046 3075 5119 solum
3114 5051 3196 5119 ad
3245 5050 3377 5120 hoc
3412 5053 3573 5117 sunt
3610 5044 3796 5140 quod

2237 5157 2375 5225 sint
2410 5155 2525 5223 via
2552 5154 2778 5222 exitus
2821 5154 3017 5227 sicca
3071 5156 3586 5251 superfluitatls.
3621 5153 3796 5222 Om-

2236 5264 2355 5332 nia
2400 5260 2585 5330 enim
2627 5257 2957 5350 aquibus
3006 5270 3262 5333 tractus
3307 5270 3408 5333 eet
3456 5259 3790 5341 alimenti,

2236 5367 2559 5438 videntur
2591 5365 2661 5433 in
2692 5365 2910 5457 tigara
2936 5371 3263 5440 villorum
3302 5382 3452 5439 esse
3483 5367 3795 5461 ejusdem

2237 5476 2514 5571 speciei,
2572 5471 2693 5542 sed
2746 5479 3125 5566 quantitate
3172 5486 3330 5547 sunt
3378 5475 3793 5556 differentia,

2237 5592 2382 5655 tam
2437 5583 2629 5651 ‘later
2653 5599 2731 5651 se
2765 5594 3013 5673 quam
3030 5577 3239 5657 etiam
3282 5586 3463 5656 inter
3524 5583 3797 5670 diversa

2241 5685 2626 5759 animalia·
2647 5687 3000 5777 quoniam
3045 5695 3286 5761 venter
3329 5691 3402 5761 in
3449 5674 3794 5782 aliquibus
