4919 6371
1950 438 2119 503 LIB.
2170 434 2299 501 VII
2348 433 2468 499 DE
2516 430 3111 510 ANIMALIBUS,
3163 432 3475 500 TRACT.
3532 434 3558 498 1

1136 606 1418 673 medunt
1447 603 1792 679 animalia,
1827 602 1964 668 fere
2014 602 2246 668 omnia
2310 601 2625 668 cibantur
2653 623 2690 667 a

1132 714 1432 804 piscibus
1473 711 1699 802 parvis
1741 731 1912 799 quos
1959 711 2229 778 vincere
2278 716 2590 800 possunt,
2628 716 2693 776 et

1134 844 1273 888 suae
1312 825 1695 908 congruunt
1730 817 2213 907 complexioni,
2248 820 2419 886 sicut
2455 819 2692 885 barco-

1134 951 1209 995 ra
1274 927 1390 1017 qui
1437 925 1731 993 comedit
1790 926 2121 1016 quosdam
2158 928 2377 1017 pisces
2415 948 2685 1016 parvos

1133 1032 1341 1121 Cujus
1372 1035 1647 1125 signum
1689 1043 1812 1114 est,
1851 1038 2176 1125 quoniam
2216 1058 2373 1102 cum
2431 1034 2694 1122 capitur

1132 1148 1196 1208 et
1229 1149 1680 1222 exenteratur,
1743 1145 2106 1232 ejiciuntur
2153 1144 2234 1209 de
2273 1148 2510 1208 ventre
2551 1141 2693 1228 ejus

1131 1251 1347 1340 pisces
1386 1253 1602 1340 parvi,
1648 1251 1822 1318 sicut
1866 1251 2025 1317 facit
2065 1249 2283 1315 lucius
2326 1246 2507 1336 apud
2538 1267 2685 1312 nos.

1127 1356 1417 1426 Tortuca
1476 1361 1680 1426 etiam
1726 1359 1991 1424 marina
2055 1355 2350 1424 comedit
2417 1353 2691 1421 kacalos

1133 1466 1379 1533 durum
1412 1464 1662 1532 animal
1697 1473 1761 1532 et
1790 1473 2102 1541 testeum,
2150 1463 2479 1555 quoniam
2513 1462 2691 1531 orisi-

1130 1574 1310 1642 cium
1355 1577 1641 1639 tortucae
1699 1571 1934 1639 durius
1975 1580 2076 1639 est
2113 1579 2179 1639 et
2225 1570 2467 1638 fortius
2501 1571 2688 1636 omni

1130 1662 1389 1746 orificio
1429 1679 1790 1768 cujuslibet
1819 1679 2159 1757 animaliS‚
2204 1679 2531 1769 quoniam
2564 1701 2687 1745 suo

1127 1808 1244 1854 ore
1312 1787 1515 1854 etiam
1581 1786 1877 1877 lapidem
1935 1795 2288 1875 acceptum
2347 1785 2597 1876 frangit
2668 1808 2682 1851 :

1128 1893 1311 1983 quod
1351 1916 1427 1960 os
1457 1894 1516 1961 ei
1549 1901 1792 1961 natura
1847 1917 1988 1961 non
2044 1902 2511 1984 praeparasset,
2558 1892 2684 1959 nisi

1128 2001 1298 2070 dura
1336 2001 1565 2093 aliqua
1593 2004 1950 2070 masticare
1983 2010 2047 2070 et
2092 2004 2400 2093 frangere
2435 2003 2503 2069 in
2535 2003 2686 2069 cibo

1126 2108 1493 2179 debuisset.
1529 2112 1685 2180 Exit
1723 2119 1952 2180 tamen
2001 2113 2085 2180 ad
2126 2113 2342 2203 ripam
2383 2111 2690 2203 aliquan-

1123 2218 1236 2298 do,
1271 2227 1336 2287 et
1370 2220 1671 2309 pascitur
1700 2219 1930 2288 herbis
1970 2220 2406 2311 quibusdam,
2469 2230 2530 2287 et
2600 2222 2684 2288 ad

1122 2347 1371 2417 aquam
1405 2349 1676 2394 reversa
1707 2327 2004 2395 ascendit
2046 2327 2130 2394 ad
2171 2351 2366 2418 aquai
2403 2330 2687 2418 superti-

1121 2433 1322 2513 ciem,
1360 2435 1451 2501 ita
1481 2440 1723 2502 natans
1754 2435 1938 2525 quod
1969 2435 2173 2503 etiam
2204 2457 2242 2501 a
2281 2433 2424 2502 sole
2466 2434 2687 2502 desic-

1122 2549 1314 2610 catur
1347 2564 1362 2609 ε
1400 2565 1536 2610 non
1569 2544 1754 2610 enim
1785 2551 1887 2612 est
1924 2545 1983 2610 ei
2025 2542 2316 2611 salutare
2346 2543 2414 2610 in
2456 2543 2681 2634 aliqua

1120 2648 1291 2718 hora
1322 2651 1391 2718 in
1424 2658 1567 2720 toto
1618 2653 1744 2720 sub
1802 2676 1978 2744 aqua
2027 2653 2268 2744 mergi,
2314 2652 2505 2742 qnasi
2556 2652 2685 2718 ali-

1122 2758 1286 2848 quid
1361 2782 1727 2828 commune
1787 2759 2033 2828 babeat
2100 2769 2238 2829 tam
2306 2784 2461 2828 cum
2530 2783 2680 2827 aere

1123 2888 1330 2957 quam
1370 2890 1525 2934 cuni
1556 2891 1757 2958 aqua.

1208 2974 1539 3044 Similiter
1570 2987 1802 3046 autem
1834 2979 2217 3045 communis
2258 2987 2494 3068 pastus
2570 3003 2684 3046 eu-

1122 3105 1275 3152 rum
1307 3086 1422 3176 qui
1453 3085 1773 3154 dicuntur
1812 3088 2047 3154 mollis
2077 3098 2257 3155 testeo
2298 3112 2319 3155 .·
2353 3089 2679 3178 quoniam

1125 3193 1472 3284 quodlibet
1521 3196 1809 3263 istorum
1849 3196 2138 3264 comedit
2182 3193 2427 3264 herbas
2458 3205 2519 3263 et
2580 3196 2677 3262 la·

1122 3300 1325 3392 pillos
1382 3311 1448 3371 et
1502 3305 1719 3393 pisces
1769 3327 1941 3394 quos
1994 3303 2496 3395 deprehendere
2526 3312 2681 3394 pot-

1113 3416 1214 3476 est
1254 3431 1270 3478 τ
1318 3410 1412 3478 ita
1457 3410 1642 3501 quod
1695 3433 1939 3479 cancer
1969 3411 2288 3493 fluvialiS,
2324 3422 2392 3479 ut
2445 3413 2677 3479 dicunt

1114 3516 1370 3607 experti
1437 3519 1834 3608 piscatores,
1903 3520 2106 3586 etiam
2168 3521 2235 3587 in
2321 3521 2674 3611 gurgustia

1119 3623 1307 3693 vadit
1363 3623 1450 3691 ad
1506 3624 1760 3693 lucium
1820 3634 1881 3693 et
1944 3627 2118 3693 rodit
2184 3650 2366 3694 eum.
2435 3628 2673 3695 Cancri

1115 3731 1298 3799 enim
1337 3729 1623 3822 lapidosi
1656 3731 1771 3822 qui
1804 3731 1929 3799 sub
1962 3731 2299 3822 lapidibus
2338 3731 2671 3813 habitant,

1113 3859 1350 3905 carnes
1413 3838 1781 3907 comedunt
1857 3839 1925 3906 in
1967 3847 2257 3923 tantum,
2292 3839 2480 3932 quod
2527 3842 2673 3929 jam

1110 3943 1410 4012 vidimus
1459 3947 1956 4037 experimento,
1992 3947 2174 4038 quod
2229 3948 2547 4015 carnibus
2606 3951 2671 4015 in

1112 4050 1430 4119 Danubio
1489 4051 1786 4143 alligatis
1833 4054 2146 4133 navibus,
2181 4065 2242 4123 et
2295 4056 2362 4123 in
2420 4078 2671 4147 aquam

1107 4159 1482 4251 suspensis,
1566 4160 1867 4230 adbzeret
1934 4186 2177 4253 niaigna
2269 4187 2669 4231 cain-rormn

1106 4266 1503 4336 multitudo.
1550 4267 1824 4335 Karabo
1874 4271 2077 4338 etiam
2124 4270 2335 4339 vincit
2381 4293 2670 4359 magnos

1106 4375 1324 4466 pisces
1369 4384 1434 4443 et
1465 4376 1761 4444 comedit
1839 4401 1981 4445 eos.
2055 4377 2373 4468 Multipes
2438 4389 2667 4447 autem

1107 4482 1222 4573 qui
1252 4490 1349 4550 est
1371 4482 1668 4575 polipus,
1711 4484 1921 4553 vincit
1954 4486 2234 4564 karabo,
2278 4494 2342 4553 et
2374 4488 2665 4555 eomedit

1107 4590 1333 4680 ipsum
1368 4612 1383 4657 ε
1420 4599 1698 4682 propter
1729 4592 1908 4683 quod
1943 4593 2146 4660 ambo
2182 4593 2247 4660 in
2279 4617 2496 4662 unum
2532 4603 2666 4663 rete

1104 4697 1503 4779 incidentes,
1575 4709 1887 4769 mortuus
1972 4702 2315 4770 invenitur
2405 4703 2666 4771 karabo

1103 4829 1339 4876 morsu
1388 4805 1784 4898 multipedis
1823 4809 1929 4877 vel
1963 4812 2206 4878 timore
2235 4811 2404 4900 ejus.
2445 4812 2669 4880 Kara-

1105 4912 1194 4982 bo
1225 4921 1455 4984 autem
1485 4916 1777 4985 comedit
1810 4917 1875 4983 id
1916 4918 2097 5009 quod
2144 4927 2427 4987 vocatur
2444 4919 2668 5009 jona-

1106 5047 1320 5104 coros,
1354 5048 1435 5092 eo
1468 5025 1956 5117 quodpropter
2005 5028 2434 5118 asperitatem
2477 5028 2667 5097 sorti-

1104 5153 1262 5198 cum
1293 5133 1441 5221 ejus
1471 5155 1611 5201 non
1642 5140 1867 5225 potest
1914 5134 2196 5203 evadere
2240 5134 2325 5203 ab
2365 5158 2473 5212 eo,
2512 5135 2664 5204 lieet

1101 5238 1189 5304 sit
1226 5236 1429 5307 labile
1461 5242 1808 5310 viscosum
1838 5241 2021 5332 quod
2052 5242 2411 5313 difficulter
2453 5245 2662 5311 teneri

1099 5352 1346 5436 potest.
1378 5346 1761 5418 Jonacoros
1790 5357 2018 5417 autem
2058 5351 2278 5419 victus
2327 5375 2361 5417 a
2404 5351 2663 5418 karabo

1099 5453 1312 5521 vincit
1340 5452 1787 5548 multipedem
1838 5457 1980 5527 sive
2038 5458 2374 5549 polipum,
2432 5467 2498 5527 et
2556 5484 2666 5527 co-

1100 5560 1312 5630 medit
1350 5585 1509 5633 eum
1550 5567 1667 5656 qui
1696 5567 1991 5635 comedit
2021 5575 2087 5635 et
2114 5568 2325 5637 vincit
2373 5568 2659 5651 karabo,

1098 5676 1375 5761 propter
1410 5672 1878 5741 viscositatem
1927 5681 2192 5744 tantum
2227 5675 2373 5767 ejus
2429 5674 2665 5744 adhoe-

1099 5785 1202 5846 ret
1238 5779 1780 5872 inseparabiliter
1834 5781 2092 5874 polipo,
2127 5793 2195 5854 et
2252 5807 2391 5854 non
2438 5792 2664 5876 potest

4227 434 4340 500 371

2804 597 3095 689 abstergi
3127 598 3210 665 ab
3241 599 3390 688 ipso
3423 597 3638 664 donec
3665 599 3900 664 vicerit
3946 604 4012 663 et
4037 596 4356 664 comede-

2800 708 2884 774 rit
2916 731 3098 774 eum.
3163 705 3497 774 Similiter
3573 714 3799 771 autem
3858 728 4092 772 omnes
4171 703 4353 771 modi

2800 816 3133 883 malachie
3163 815 3531 883 comedunt
3584 834 3876 880 carnem.
3926 813 4196 879 Kal-abo
4231 837 4356 878 an-

2800 931 2937 990 tem
2972 924 3272 991 comedit
3314 924 3531 1014 pisces
3566 944 3836 1013 parvos,
3872 931 4119 989 etcum
4158 921 4357 988 fuerit

2799 1031 2869 1097 in
2907 1032 3247 1119 profundo
3289 1033 3496 1099 maris
3537 1033 3739 1098 etiam
3778 1030 3944 1098 locis
4003 1028 4348 1120 lapidosiS,

2800 1138 3043 1227 accipit
3098 1162 3214 1206 eos
3273 1138 3540 1206 duobus
3585 1137 3780 1205 labiis
3820 1161 4060 1205 manus
4091 1160 4252 1215 suoe,
4289 1145 4353 1204 et

2799 1245 2980 1312 ducit
3031 1246 3115 1313 ad
3167 1270 3243 1314 os
3274 1269 3476 1314 suum
3521 1246 3763 1313 fractos
3796 1247 3865 1312 in
3905 1245 4069 1312 duas
4100 1254 4349 1334 partes,

2798 1353 2972 1420 sicut
3030 1355 3236 1421 etiam
3266 1353 3424 1421 facit
3462 1376 3721 1421 cancer.
3781 1353 4067 1431 Quando
4129 1362 4351 1418 autem

2797 1484 2937 1528 non
2964 1462 3182 1541 timet,
3219 1461 3520 1528 ambulat
3571 1470 3763 1528 caute
3823 1459 4216 1528 naturaliter
4272 1460 4355 1526 ad

2798 1572 3097 1636 anterius
3127 1593 3331 1659 super
3352 1569 3556 1660 pedes
3589 1592 3749 1637 suos
3791 1568 4174 1636 inclinando
4209 1591 4356 1636 cor-

2795 1698 2933 1742 nua
2997 1699 3120 1743 sua
3184 1675 3394 1767 longa
3443 1675 3528 1742 ad
3574 1674 3807 1754 latera,
3852 1698 3936 1743 ne
3980 1676 4353 1765 impediant

2799 1781 3363 1862 ambulationem,
3427 1791 3491 1850 et
3555 1793 3716 1850 tunc
3770 1792 4058 1850 venatur
4124 1782 4351 1850 forfice

2797 1914 3065 1958 manus.
3113 1890 3405 1970 Quando
3463 1900 3688 1960 autem
3730 1901 3829 1960 est
3896 1892 3965 1958 in
4005 1894 4342 1982 angustia,

2795 1998 3156 2066 retrocedit
3203 1998 3504 2066 natando
3553 1999 3949 2065 attractione
4007 2007 4069 2066 et
4113 2008 4354 2066 exten-

2795 2107 2985 2173 sione
3039 2107 3293 2175 eaudae.
3377 2106 3649 2175 Karabo
3711 2107 3912 2175 etiam
3981 2107 4345 2198 aliquando

2792 2222 3100 2304 pugnant
3140 2214 3315 2283 inter
3384 2238 3454 2281 se
3510 2216 3679 2283 sicut
3745 2216 3987 2282 arietes
4037 2216 4349 2283 ferientes

2792 2322 3112 2389 cornibus
3179 2346 3276 2402 se,
3321 2332 3387 2391 et
3429 2346 3569 2390 non
3626 2330 3889 2390 tantum
3958 2347 4134 2390 unus
4195 2349 4348 2392 cum

2790 2430 2951 2511 alio,
2986 2432 3105 2500 sed
3156 2434 3362 2501 etiam
3409 2455 3544 2500 una
3590 2433 3766 2500 acies
3806 2442 4040 2501 contra
4082 2434 4284 2501 aliam
4326 2456 4340 2500 ε

2780 2541 2927 2629 jam
2987 2542 3169 2609 enim
3234 2544 3304 2609 in
3361 2541 3478 2609 tali
3537 2565 3767 2632 pugna
3807 2543 4001 2609 multi
4035 2553 4187 2609 sunt
4220 2544 4344 2609 visi

2790 2649 3075 2727 karabo,
3129 2651 3303 2717 sicut
3350 2672 3517 2740 grex
3568 2651 3634 2714 in
3703 2649 3973 2716 aciebus
4023 2651 4349 2718 ordinatis

2790 2759 2874 2826 ad
2905 2783 3234 2850 pugnam,
3279 2767 3353 2825 ut
3384 2758 3541 2825 dirit
3585 2760 3956 2826 Avicenna.
3995 2758 4153 2826 Hm«-
4216 2761 4351 2845 igi-

2786 2877 2899 2937 tur
2928 2879 3029 2936 est
3078 2879 3320 2936 natura
3367 2877 3433 2936 et
3484 2868 3837 2958 dispositio
3905 2893 4140 2935 eorum
4199 2893 4347 2958 qnae

2788 2978 3025 3046 mollis
3055 2989 3237 3046 testae
3267 2978 3607 3046 dicuntur.

2879 3086 3211 3154 Similiter
3240 3094 3470 3152 autem
3502 3084 3568 3151 id
3600 3083 3780 3175 quod
3840 3093 4120 3152 vocatur
4151 3086 4345 3151 tlte-o-

2783 3197 3045 3285 cydem,
3092 3204 3193 3266 est
3219 3196 3301 3265 de
3332 3218 3578 3287 genere
3609 3194 3835 3261 mollis
3868 3203 4054 3262 testae
4087 3204 4151 3265 et
4183 3196 4341 3262 vin-

2783 3306 2874 3372 cit
2906 3327 3191 3395 magnos
3231 3305 3473 3394 pisces,
3519 3310 3579 3371 et
3630 3303 3920 3370 comedit
3985 3328 4122 3369 eos.
4161 3302 4342 3370 Mut-

2782 3413 2957 3502 tipes
2998 3421 3227 3479 autem
3268 3412 3383 3501 qui
3442 3419 3543 3479 est
3605 3410 3901 3501 polipus,
3974 3411 4340 3501 aliqnando

2783 3527 3152 3611 congregat
3182 3519 3447 3586 diversa
3480 3526 3699 3586 ostrea
3741 3516 4103 3597 conchilia,
4147 3527 4206 3585 et
4257 3542 4341 3586 ex

2783 3627 2970 3693 testis
3009 3625 3300 3695 extrahit
3332 3649 3567 3695 carnes
3619 3649 3854 3694 eorum
3887 3635 3954 3693 et
4019 3626 4335 3694 cmm-dit.

2778 3734 3177 3802 Judaeorum
3244 3743 3473 3803 autem
3551 3733 3862 3801 doctores
3919 3733 4342 3802 Palmatis-ta·

2780 3843 3031 3923 vocati,
3069 3844 3334 3911 mentiti
3368 3847 3525 3909 sunt
3556 3839 3883 3919 dicentes,
3929 3841 4109 3933 quod
4147 3841 4342 3933 gala-

2780 3945 2866 4015 be
2925 3973 2995 4016 se
3054 3949 3229 4015 intra
3268 3972 3340 4015 se
3395 3949 3462 4014 in
3508 3971 3629 4014 sua
3661 3946 3882 4037 specie
3942 3948 4331 4015 comedunt.

2779 4056 3191 4146 (lpinionem
3269 4062 3497 4122 autem
3574 4061 3973 4143 acceperunt
4030 4077 4112 4121 ex
4178 4053 4330 4132 boc,

2778 4166 2961 4255 quod
2995 4166 3201 4232 morsi
3252 4164 3571 4232 videntur
3608 4163 3879 4254 quando
3921 4165 4279 4254 capiuntur
4313 4189 4329 4233 ε

2776 4273 2892 4341 sed
2926 4273 3184 4364 decepti
3231 4282 3413 4351 sunt,
3476 4274 3801 4363 quoniam
3861 4271 3923 4338 id
3976 4273 4155 4362 quod
4207 4296 4336 4340 vo-

2776 4388 2968 4448 ratur
3022 4405 3340 4469 meyer-es,
3395 4379 3659 4447 mordet
3698 4403 3838 4447 eos.
3888 4380 4046 4446 Fere
4106 4390 4334 4447 autem

2776 4512 3017 4555 omnes
3074 4489 3291 4578 pisces
3342 4487 3655 4554 cibantur
3693 4510 3728 4552 a
3805 4486 4007 4577 pullis
4061 4485 4329 4576 galahe,

2775 4596 3049 4686 qnando
3101 4596 3405 4686 pervenit
3466 4602 3730 4685 tempus
3772 4593 4078 4685 plurimae
4128 4595 4336 4684 pulli-

2775 4704 3108 4771 tieationis
3159 4703 3445 4770 istorum
3481 4702 3792 4793 piscium.

2865 4811 3194 4892 Quaedam
3236 4820 3469 4880 autem
3501 4811 3901 4878 animalium
3964 4808 4327 4878 comedunt

2773 4944 3047 4988 earnem
3090 4921 3259 4988 sicut
3302 4945 3379 4988 ea
3424 4943 3575 5011 quae
3606 4926 3888 4985 voratur
3925 4917 4142 4993 coleti,
4194 4916 4326 4984 La-

2771 5029 2912 5094 tine
2955 5036 3183 5094 autem
3215 5026 3535 5094 dicuntur
3560 5026 3867 5093 selae-laea
3899 5033 3959 5091 et
3984 5025 4233 5112 nuaym‘
4261 5031 4322 5090 et

2773 5135 3149 5204 rac-lekleino
3182 5145 3250 5204 et
3280 5134 3860 5223 elworbozlymw,
3905 5156 4106 5224 quem
4166 5132 4324 5223 qui-

2770 5244 2928 5311 dam
3033 5246 3356 5312 muria-em
3444 5267 3589 5310 esse
3676 5244 4174 5334 interpretatur,
4260 5249 4325 5308 et

2769 5355 3002 5421 cheam
3054 5378 3363 5432 murone,
3414 5349 3598 5444 quod
3648 5375 3772 5420 nos
3822 5376 4175 5420 nuere-nam
4208 5375 4327 5417 vo-

2769 5485 3029 5529 camus.
3080 5461 3171 5530 Ea
3201 5468 3430 5529 autem
3473 5482 3623 5550 qnoe
3652 5468 3983 5528 vocantur
4012 5460 4322 5547 llam-yca,

2770 5569 3084 5639 cibantur
3113 5569 3341 5638 herbis
3379 5567 3632 5660 parvis.
3678 5568 3926 5638 Celeka
3957 5576 4187 5637 autem
4234 5568 4325 5634 ci-

2768 5677 2971 5747 batur
3034 5687 3331 5748 stercore
3396 5676 3540 5745 sive
3588 5700 3772 5747 caeno
3830 5685 3894 5746 et
3959 5675 4214 5753 herbis,
4260 5679 4327 5740 et

2768 5788 3070 5877 pascitur
3108 5786 3303 5880 quasi
3342 5782 3671 5876 quolibet,
3707 5793 3774 5853 et
3802 5783 3988 5852 solus
4026 5782 4167 5873 ipse
4204 5802 4323 5871 per
