4919 6371
564 339 649 404 '12
1559 357 1645 422 D.
1696 357 1897 422 ΑΕΒ.
1950 353 2167 422 MAG.

556 510 837 598 jutorio,
886 515 1311 604 ingrossatur
1347 529 1415 587 et
1442 530 1541 587 est
1572 522 1776 610 plana
1804 544 2111 589 connexa

562 619 621 682 ei
664 617 1049 708 ligamentis
1078 623 1370 691 fortibus
1429 625 1623 692 laxis,
1666 626 1800 694 Sed
1844 630 2115 698 immer-

559 724 740 811 gitur
776 723 986 792 altera
1015 729 1083 792 in
1114 728 1397 795 alteram
1430 753 1553 819 per
1578 735 1965 804 vertebrum
2002 738 2111 804 vel

559 829 956 910 buccellam,
990 855 1071 899 eo
1104 834 1291 921 quod
1321 837 1665 908 mediante
1694 842 1837 932 ipsa
1868 845 1943 912 sit
1972 869 2116 912 mo-

559 944 667 1002 tus
693 947 1155 1027 contorquens
1185 950 1251 1006 et
1273 946 1681 1033 resupinans
1712 951 2064 1019 brachium
2093 976 2108 1017 :

556 1043 740 1131 quod
774 1042 913 1109 lieri
948 1065 1086 1109 non
1116 1057 1373 1133 posset,
1409 1053 1464 1117 si
1495 1053 1710 1124 altera
1741 1059 1809 1125 in
1831 1058 2112 1125 alteram

552 1148 902 1227 inem-aret,
935 1151 1122 1239 quod
1187 1165 1352 1225 tunc
1408 1183 1533 1250 per
1585 1164 1793 1231 talem
1848 1175 2110 1231 motum

555 1252 1021 1323 dislocaretur.
1066 1257 1360 1330 Inferior
1385 1276 1616 1334 autem
1655 1270 1726 1335 in
1752 1278 1939 1358 parte
1978 1293 2112 1360 qua

561 1362 780 1451 tangit
828 1360 1089 1433 brachii
1159 1369 1497 1451 cubitum,
1539 1372 1749 1443 babet
1782 1376 2112 1444 nodutum

555 1490 675 1557 per
703 1469 908 1558 quem
931 1474 1263 1562 recipitur
1291 1479 1364 1542 in
1393 1477 1578 1545 fossa
1605 1503 1757 1571 quae
1786 1493 1886 1551 est
1913 1485 1984 1551 in
2014 1489 2115 1552 in·

556 1577 780 1647 seriori
839 1591 1027 1670 parte
1068 1582 1418 1670 adjutorii,
1462 1596 1533 1656 et
1579 1591 1641 1657 ei
1679 1591 1942 1661 fortiter
1978 1593 2115 1662 col-

559 1684 831 1775 ligatur,
873 1709 955 1754 eo
989 1687 1175 1777 quod
1200 1712 1328 1780 per
1362 1691 1553 1762 illam
1585 1696 1659 1764 fit
1696 1709 1925 1768 motus
1953 1699 2116 1767 bra-

555 1789 689 1856 cbii
721 1790 806 1858 ad
828 1791 1282 1863 domesticum
1352 1801 1630 1888 quando
1687 1805 2116 1895 amplexatur

557 1906 624 1964 et
642 1900 935 1991 stringit,
966 1909 1034 1969 et
1071 1902 1160 1969 ad
1197 1903 1513 1976 silvestre
1573 1914 1850 2001 quando
1898 1916 2113 2002 rejicit

553 2005 808 2097 aliquid
846 2017 913 2075 et
949 2010 1221 2099 repellit
1252 2033 1270 2079 ε
1307 2022 1376 2081 et
1415 2018 1576 2106 quia
1608 2016 1678 2086 bi
1712 2030 1941 2089 motus
1970 2022 2115 2089 for-

553 2121 653 2181 tes
681 2122 863 2191 sunt,
905 2114 1167 2206 indiget
1232 2120 1304 2186 in
1372 2123 1472 2190 eis
1529 2123 1692 2193 forti
1732 2126 2107 2218 ligatione:

554 2227 620 2285 et
658 2219 799 2288 lnaec
817 2221 1080 2290 fortiter
1097 2223 1312 2315 ligata
1339 2231 1648 2300 continet
1679 2237 1887 2302 etiam
1907 2259 2116 2327 supe-

552 2329 800 2396 riorem
841 2352 924 2398 ne
963 2331 1266 2402 discedat
1302 2336 1387 2404 ad
1420 2339 1591 2428 ipsa.
1628 2340 1707 2409 ln
1738 2345 1963 2412 medio
1994 2368 2112 2413 au·

554 2445 691 2504 tem
738 2434 1188 2528 longitudinis
1225 2465 1368 2512 suae
1422 2449 1750 2517 recedunt
1799 2451 2116 2544 aliquan-

558 2543 775 2612 tulum
796 2545 882 2613 ab
921 2548 1241 2629 invicem,
1296 2562 1372 2621 ut
1425 2553 1737 2626 locentur
1780 2561 1957 2629 inter
2000 2586 2115 2631 eas

558 2660 623 2721 et
661 2654 835 2722 circa
854 2678 968 2722 eas
1000 2660 1191 2726 nervi
1226 2668 1295 2729 et
1321 2665 1614 2732 musculi
1651 2672 1908 2760 magni,
1967 2674 2115 2761 qui·

554 2760 682 2828 bus
711 2761 967 2855 indiget
1034 2764 1122 2833 ad
1178 2767 1594 2860 multiplices
1658 2787 1887 2845 motus
1923 2802 2109 2846 suos.

554 2866 655 2933 Ex
712 2877 900 2958 parte
964 2879 1198 2941 autem
1237 2872 1358 2944 illa
1410 2900 1549 2969 qua
1596 2880 1985 2974 diriguntur
2027 2887 2116 2954 ad

555 2983 910 3055 rascetam‚
950 2988 1112 3047 sunt
1140 2985 1521 3072 grossiores
1560 2988 1706 3058 istae
1747 2993 2113 3062 arundines

560 3104 831 3172 parum,
864 3092 931 3152 et
959 3088 1155 3176 quasi
1188 3088 1505 3161 abscissae
1544 3105 1612 3162 et
1674 3098 1992 3188 planatae.
2042 3111 2115 3170 ut

561 3212 769 3281 super
803 3214 919 3261 eas
936 3192 1139 3264 valde
1171 3194 1328 3266 laxa
1356 3201 1479 3269 sed
1524 3202 1723 3273 firma
1751 3216 1820 3275 et
1856 3207 2012 3277 forti
2042 3209 2120 3277 li·

556 3307 794 3385 gatura
825 3298 1126 3391 ligentur
1158 3327 1319 3373 ossa
1382 3318 1684 3380 rascetae.

650 3403 812 3476 nme
870 3409 1080 3499 igitur
1116 3419 1222 3480 est
1285 3412 1648 3506 dispositio
1713 3420 1999 3509 brachii,
2048 3436 2113 3494 et

560 3510 796 3591 cubiti,
840 3522 906 3583 et
935 3515 1289 3607 adjutorii.

645 3628 932 3699 Rascela
958 3642 1195 3703 autem
1224 3659 1315 3706 ex
1350 3649 1509 3711 octo
1546 3650 1985 3738 componitur
2010 3675 2119 3721 os-

556 3732 744 3802 sibus
770 3733 1156 3809 durissimis
1211 3751 1282 3812 et
1337 3747 1641 3821 medulla
1696 3758 2110 3827 carentibus.

557 3838 746 3910 Dura
771 3845 955 3912 enim
986 3870 1135 3917 esse
1161 3854 1494 3941 oportuit,
1520 3867 1598 3927 ut
1625 3859 1829 3930 sortia
1864 3864 2003 3936 sint
2027 3866 2116 3935 ad
2227 3862 2242 3876 ’

554 3945 953 4035 tenendum,
984 3960 1050 4020 et
1081 3963 1159 4022 ut
1178 3977 1318 4025 non
1350 3960 1492 4030 ‘cito
1509 3961 1867 4058 frangatur
1882 3994 1923 4039 a
1945 3972 2118 4041 mul·

559 4053 646 4119 tis
696 4053 1104 4145 impulsibus
1160 4070 1229 4130 et
1284 4062 1684 4141 laesionibus
1728 4060 1885 4167 quai
1936 4080 2119 4147 acci-

557 4156 728 4226 dunt
754 4161 823 4228 in
850 4183 959 4231 ea.
994 4162 1173 4235 Sunt
1201 4177 1438 4240 autem
1490 4185 1649 4247 octo
1678 4202 1835 4250 ossa
1854 4182 2111 4265 brevia,

559 4288 644 4333 ex
682 4266 932 4358 quibus
978 4278 1115 4342 tres
1155 4277 1473 4359 ,tendunt
1494 4306 1739 4356 versus
1763 4311 1922 4359 ossa
1966 4314 2117 4383 quae

559 4371 879 4444 dicuntur
903 4381 1176 4471 asseyd‚
1219 4393 1290 4453 et
1324 4386 1720 4481 junguntur
1773 4419 1931 4467 cum
1969 4399 2112 4490 pla·

558 4480 856 4550 nitiebus
891 4508 1157 4557 eorum.
1191 4489 1280 4562 Et
1308 4495 1473 4587 quia
1500 4521 1658 4570 ossa
1684 4505 1929 4597 asseyd
1958 4516 2120 4576 sunt

561 4585 700 4655 duo
742 4595 1009 4660 tantum
1062 4594 1135 4663 in
1192 4595 1552 4674 latitudine
1607 4606 1868 4679 brachii
1896 4614 2114 4705 capita

560 4715 684 4762 sua
711 4692 1054 4779 habentia,
1075 4712 1352 4794 oportet
1376 4713 1456 4776 ut
1495 4712 1624 4780 tria
1650 4736 1807 4783 ossa
1845 4728 2115 4788 rascetae

562 4801 707 4869 istis
733 4824 1040 4875 connexa
1078 4819 1307 4881 essent
1333 4812 1421 4883 ad
1447 4814 1638 4886 illam
1669 4831 1929 4910 partem
1968 4835 2022 4891 st
2035 4827 2118 4892 ri·

562 4910 799 4994 ctiora,
838 4920 914 4981 ut
941 4913 1070 4983 tria
1096 4916 1371 4988 duobus
1406 4929 1877 4999 convenirent.
1903 4931 2119 5012 Quarb

560 5023 708 5083 tum
764 5026 994 5088 autem
1049 5031 1152 5091 est
1197 5026 1602 5115 adjunctum
1649 5036 1865 5105 tribus
1903 5040 1973 5108 in
2007 5042 2117 5109 in-

558 5120 785 5191 feriori
847 5134 1037 5216 parte
1113 5150 1257 5199 non
1319 5134 1451 5202 nisi
1537 5136 1607 5206 in
1672 5141 2112 5231 adjutorium.

556 5235 626 5296 et
704 5229 1063 5321 stringitur
1124 5235 1327 5306 valde
1391 5263 1634 5312 versus
1697 5250 1965 5341 asseyd,
2023 5255 2115 5321 ita

558 5334 743 5425 quod
770 5336 843 5406 in
873 5337 1142 5412 duabus
1167 5343 1590 5435 planitiebus
1622 5355 1829 5424 unius
1875 5362 2114 5452 asseyd

557 5438 926 5532 alligantur
968 5443 1135 5528 duo,
1189 5458 1258 5518 et
1306 5453 1629 5526 similiter
1672 5458 1808 5528 alia
1852 5461 1990 5533 duo
2042 5468 2114 5535 in

560 5544 824 5616 duabus
857 5547 1275 5640 planitiebus
1296 5557 1600 5632 alterius.
1633 5561 1719 5632 Et
1749 5572 1852 5635 est
1876 5591 2113 5640 eorum

560 5675 777 5725 nexus
812 5653 1103 5728 fortibus
1131 5660 1445 5752 ligaturis
1509 5667 1770 5739 factus:
1830 5675 1949 5745 sed
2014 5687 2114 5748 cst

2218 355 2425 429 0111).
2475 365 2770 435 PnAEn.

2217 528 2413 599 valde
2451 533 2666 613 laxus,
2709 547 2787 606 ut
2821 564 3064 609 manus
3105 547 3273 617 bene
3339 556 3425 620 sit
3491 557 3776 625 mobilis

2217 635 2299 700 ad
2341 661 2615 709 omnem
2644 655 2929 735 partem.
2964 649 3123 717 Haec
3178 666 3408 723 autem
3475 675 3777 751 quatuor

2220 766 2373 810 ossa
2409 746 2780 821 dilatantur
2841 780 3078 825 versus
3114 773 3352 850 pecten
3385 789 3659 850 manus,
3703 785 3772 840 et

2220 849 2626 924 abinvicem
2674 865 3047 933 secundum
3093 868 3556 959 longitudines
3611 901 3772 945 suas

2216 957 2576 1044 conjuncta
2630 966 3124 1057 aliquantulum
3188 978 3518 1068 paulatim
3577 1006 3772 1073 sepa-

2218 1071 2449 1130 rantur
2483 1082 2760 1160 propter
2783 1097 3027 1144 manus
3056 1089 3523 1172 capacitatem.
3559 1090 3642 1157 Et
3691 1093 3762 1158 in

2217 1166 2329 1235 illa
2368 1185 2556 1260 parte
2587 1189 2879 1268 quatuor
2913 1187 3046 1254 alia
3075 1191 3360 1261 obviant
3397 1199 3522 1281 εἰς,
3554 1208 3624 1266 et
3658 1200 3767 1266 al-

2218 1275 2518 1367 ligantur
2545 1289 2643 1354 eis
2671 1291 2764 1357 ita
2793 1295 3021 1362 stricto
3062 1321 3267 1376 nexu,
3292 1305 3478 1392 quod
3531 1330 3767 1374 secun·

2218 1384 2378 1454 dum
2409 1413 2683 1463 sensum
2714 1400 2950 1468 eadem
2993 1428 3150 1474 cum
3180 1412 3279 1475 eis
3305 1412 3649 1480 videntur.
3685 1415 3772 1482 Et

2218 1493 2359 1564 baec
2396 1511 2554 1570 sunt
2582 1506 2786 1574 etiam
2823 1508 3058 1580 brevia
3087 1526 3154 1582 et
3181 1518 3548 1588 durissima
3587 1531 3656 1590 et
3684 1525 3775 1589 si·

2219 1625 2302 1669 ne
2340 1607 2636 1677 medulla
2671 1624 2951 1704 propter
2978 1621 3250 1690 easdem
3299 1649 3542 1695 causas
3596 1652 3770 1719 quas

2216 1733 2417 1801 supra
2455 1715 2539 1784 de
2576 1718 2725 1788 aliis
2754 1721 3079 1794 diximus.

2308 1819 2554 1890 Statim
2584 1839 2810 1896 autem
2850 1832 2983 1900 illis
3037 1840 3553 1931 conjunguntur
3588 1869 3771 1937 qua-

2216 1933 2373 1993 tuor
2399 1952 2555 1998 ossa
2589 1956 2741 2024 quae
2778 1939 3137 2027 perficiunt
3199 1958 3440 2036 pecten
3516 1974 3767 2021 manus

2216 2057 2340 2123 per
2392 2038 2884 2131 longitudinem
2941 2055 3330 2142 conjuncta,
3373 2070 3440 2127 et
3507 2059 3767 2131 habent

2216 2143 2422 2212 etiam
2452 2149 2755 2220 strictum
2786 2177 3038 2226 nexum
3094 2185 3251 2230 cum
3290 2177 3589 2256 quatuor
3643 2193 3762 2238 se-

2216 2251 2454 2318 cundis
2517 2259 2784 2326 ossibus
2853 2277 3152 2347 rascetae,
3236 2282 3306 2339 et
3388 2275 3766 2346 dilatantur

2217 2358 2540 2445 paulatim
2569 2364 2657 2431 ab
2685 2368 2977 2439 invicem
3014 2374 3098 2442 ad
3129 2383 3585 2471 receptionem
3633 2408 3755 2451 os-

2216 2466 2393 2533 sium
2430 2492 2581 2558 quae
2608 2482 2765 2540 sunt
2793 2477 2863 2544 in
2892 2479 3141 2572 digitis.
3170 2485 3328 2554 Haec
3352 2500 3584 2558 autem
3606 2515 3772 2560 con·

2207 2571 2473 2659 junctio
2525 2576 2898 2652 latitudinis
2963 2611 3206 2658 manus
3262 2596 3339 2661 lit
3401 2607 3767 2688 propterea

2218 2681 2399 2769 quod
2429 2689 2641 2773 possit
2677 2688 2954 2761 dilatare
2994 2718 3092 2776 se,
3135 2708 3201 2767 et
3232 2703 3666 2784 contrahere,
3699 2716 3767 2774 ct

2217 2811 2612 2878 concavare,
2644 2805 2711 2864 et
2739 2800 3147 2872 rectificare:
3189 2805 3332 2874 baec
3381 2813 3571 2877 enim
3613 2813 3772 2879 exi-

2216 2905 2473 2984 guntur
2498 2900 2582 2967 ad
2624 2926 2828 2993 opera
2867 2907 3134 2978 diversa
3182 2916 3454 2983 tenendi
3495 2926 3563 2985 et
3592 2920 3771 3006 reji-

2218 3002 2434 3069 ciendi
2470 3029 2710 3075 manus
2738 3020 2802 3078 et
2841 3019 3204 3104 operandi,
3257 3044 3340 3088 eo
3407 3023 3594 3113 quod
3627 3047 3771 3093 ma·

2219 3130 2348 3174 nus
2410 3121 2514 3181 est
2557 3138 2891 3208 organum
2953 3123 3124 3192 sicut
3200 3128 3269 3195 in
3317 3131 3766 3221 sequentibus

2218 3218 2635 3293 docebimus.

2308 3329 2537 3419 Diqiti
2569 3344 2795 3405 autem
2825 3348 3121 3430 quatuor
3183 3344 3465 3414 obviant
3511 3351 3758 3438 praedi·

2218 3434 2345 3501 ctis
2391 3448 2685 3526 quatuor
2734 3445 3045 3516 ossibus:
3111 3452 3638 3544 conjunguntur
3665 3466 3766 3524 ta-

2222 3563 2379 3609 men
2405 3546 2503 3613 eis
2531 3546 2685 3617 laxo
2720 3551 2919 3623 valde
2946 3578 3156 3636 nexu,
3190 3569 3267 3627 ut
3296 3563 3436 3630 sint
3473 3562 3768 3633 mobiles

2220 3970 2603 4056 circulares,
2626 3978 2696 4046 in
2717 3982 2964 4071 quibus
2980 3987 3285 4058 volvitur
3310 4014 3390 4058 os
3418 4002 3767 4084 receptum

2218 4087 2398 4168 apte.
2431 4080 2514 4149 131
2540 4093 2698 4153 sunt
2723 4108 2878 4156 ossa
2913 4090 3285 4184 digitorum
3333 4097 3509 4166 dura
3561 4099 3769 4170 valde

2219 4194 2287 4251 et
2316 4188 2658 4269 grossiora
2673 4212 2945 4284 semper
2965 4220 3207 4266 versus
3232 4208 3576 4291 pecten‚et
3602 4203 3776 4272 sub-

2215 4289 2440 4359 tiliora
2502 4315 2739 4364 versus
2780 4307 3083 4373 extrema
3146 4327 3296 4388 sua,
3354 4317 3434 4377 ut
3502 4310 3766 4401 digitus

2221 4395 2545 4489 paulatim
2591 4413 2893 4476 acuatur.
2935 4407 3122 4481 Licet
3163 4424 3393 4483 autem
3440 4415 3768 4487 fortiores

2220 4516 2445 4576 essent
2478 4508 2697 4601 digiti,
2728 4514 2787 4581 si
2830 4537 2917 4585 ex
2973 4541 3113 4587 uno
3162 4524 3493 4593 continuo
3521 4534 3643 4596 aut
3670 4549 3757 4596 ex

2219 4611 2488 4682 duobus
2538 4616 2992 4693 fumarentur
3041 4627 3335 4712 ossibus‚
3406 4642 3477 4701 et
3519 4655 3770 4703 manus

2219 4718 2572 4791 similiter:
2603 4746 2742 4794 non
2770 4722 3001 4799 lamen
3027 4743 3255 4804 essent
3290 4738 3385 4805 ita
3411 4736 3770 4829 plicabiles

2220 4827 2305 4893 ad
2335 4836 2489 4917 apte
2516 4833 2930 4921 operandum
2959 4846 3026 4907 et
3066 4842 3476 4914 tenendum:
3511 4855 3579 4915 et
3604 4871 3769 4939 pro-

2220 4942 2369 5023 pter
2394 4933 2523 5005 hoc
2550 4961 2591 5005 a
2629 4948 2865 5011 natura
2909 4944 3082 5016 facta
3108 4959 3267 5020 sunt
3294 4975 3374 5020 ea
3413 4975 3569 5045 quoe
3600 4964 3762 5025 sunt

2220 5040 2290 5109 in
2320 5065 2568 5114 manu:
2602 5056 2666 5116 et
2703 5047 2835 5120 hoc
2896 5055 3079 5146 quod
3113 5058 3527 5132 infirmitatis
3562 5064 3762 5135 affert

2221 5149 2583 5219 inultitudo
2625 5158 2907 5239 ossium,
2966 5166 3257 5234 restituit
3310 5169 3640 5240 fortitudo
3672 5171 3763 5239 li-

2217 5270 2722 5348 gamentorum.
2754 5265 3117 5346 Quodlibet
3144 5284 3377 5345 autem
3408 5301 3490 5346 os
3517 5281 3762 5369 cujus-

2221 5363 2383 5435 libet
2454 5369 2647 5460 digiti
2703 5381 2804 5442 est
2856 5375 3356 5470 aliquantulum
3419 5409 3758 5459 curvum:

2220 5482 2289 5542 et
2324 5498 2608 5547 curvum
2645 5502 2846 5551 suum
2874 5487 3103 5578 quoad
3137 5510 3527 5566 convexum
3554 5494 3768 5569 babet

2221 5603 2493 5653 sursum
2509 5586 2595 5655 ad
2613 5590 3037 5681 superficiem
3056 5619 3302 5669 manus
3319 5606 3761 5694 exteriorem,

2222 5706 2592 5761 concavum
2620 5703 2848 5766 autem
2877 5723 3114 5772 versus
3142 5704 3565 5801 interiorem,
3598 5715 3765 5808 quia
