<?xml version="1.0" encoding="UTF-8"?>
<!DOCTYPE html PUBLIC "-//W3C//DTD XHTML 1.0 Transitional//EN"
    "http://www.w3.org/TR/xhtml1/DTD/xhtml1-transitional.dtd">
<html xmlns="http://www.w3.org/1999/xhtml" xml:lang="en" lang="en">
 <head>
  <title>
</title>
<meta http-equiv="Content-Type" content="text/html;charset=utf-8" />
  <meta name='ocr-system' content='tesseract 3.04.00' />
  <meta name='ocr-capabilities' content='ocr_page ocr_carea ocr_par ocr_line ocrx_word'/>
</head>
<body>
  <div class='ocr_page' id='page_1' title='image "balbertimagnira01chgoog_0095.png"; bbox 0 0 4919 6371; ppageno 0'>
   <div class='ocr_carea' id='block_1_1' title="bbox 2000 361 4372 441">
    <p class='ocr_par' dir='ltr' id='par_1_1' title="bbox 2000 361 4372 441">
     <span class='ocr_line' id='line_1_1' title="bbox 2000 361 4372 441; baseline 0 -6"><span class='ocrx_word' id='word_1_1' title='bbox 2000 366 2168 436; x_wconf 91' lang='lat' dir='ltr'><strong>LlB.</strong></span> <span class='ocrx_word' id='word_1_2' title='bbox 2223 366 2251 433; x_wconf 92' lang='grc' dir='ltr'>Ι</span> <span class='ocrx_word' id='word_1_3' title='bbox 2297 364 2418 432; x_wconf 90' lang='lat' dir='ltr'><strong>DE</strong></span> <span class='ocrx_word' id='word_1_4' title='bbox 2464 361 3057 441; x_wconf 80' lang='lat' dir='ltr'><strong>ANIMALIBUs,</strong></span> <span class='ocrx_word' id='word_1_5' title='bbox 3106 362 3416 431; x_wconf 81' lang='lat' dir='ltr'><strong>TRACT.</strong></span> <span class='ocrx_word' id='word_1_6' title='bbox 3470 362 3533 429; x_wconf 95' lang='lat' dir='ltr'><strong>lI</strong></span> <span class='ocrx_word' id='word_1_7' title='bbox 4287 371 4372 438; x_wconf 84' lang='lat'><strong>79</strong></span> 
     </span>
    </p>
   </div>
   <div class='ocr_carea' id='block_1_2' title="bbox 1151 532 2708 1049">
    <p class='ocr_par' dir='ltr' id='par_1_2' title="bbox 1151 532 2708 1049">
     <span class='ocr_line' id='line_1_2' title="bbox 1155 532 2706 627; baseline -0.006 -23"><span class='ocrx_word' id='word_1_8' title='bbox 1155 534 1619 604; x_wconf 88' lang='lat' dir='ltr'><strong>musculorum</strong></span> <span class='ocrx_word' id='word_1_9' title='bbox 1649 535 1765 627; x_wconf 90' lang='lat' dir='ltr'><strong>qui</strong></span> <span class='ocrx_word' id='word_1_10' title='bbox 1795 536 1918 603; x_wconf 90' lang='lat' dir='ltr'><strong>sub</strong></span> <span class='ocrx_word' id='word_1_11' title='bbox 1958 536 2128 604; x_wconf 89' lang='lat' dir='ltr'><strong>meri</strong></span> <span class='ocrx_word' id='word_1_12' title='bbox 2167 536 2309 602; x_wconf 87' lang='lat' dir='ltr'><strong>sive</strong></span> <span class='ocrx_word' id='word_1_13' title='bbox 2341 532 2466 599; x_wconf 88' lang='lat' dir='ltr'><strong>sub</strong></span> <span class='ocrx_word' id='word_1_14' title='bbox 2520 552 2706 598; x_wconf 87' lang='lat' dir='ltr'><strong>oeso-</strong></span> 
     </span>
     <span class='ocr_line' id='line_1_3' title="bbox 1152 639 2703 734; baseline -0.005 -24"><span class='ocrx_word' id='word_1_15' title='bbox 1152 643 1376 734; x_wconf 82' lang='lat' dir='ltr'><strong>phago</strong></span> <span class='ocrx_word' id='word_1_16' title='bbox 1409 652 1781 732; x_wconf 91' lang='lat' dir='ltr'><strong>ponuntur,</strong></span> <span class='ocrx_word' id='word_1_17' title='bbox 1815 643 2184 712; x_wconf 87' lang='lat' dir='ltr'><strong>extendens</strong></span> <span class='ocrx_word' id='word_1_18' title='bbox 2214 663 2283 708; x_wconf 89' lang='lat' dir='ltr'><strong>se</strong></span> <span class='ocrx_word' id='word_1_19' title='bbox 2323 639 2409 706; x_wconf 90' lang='lat' dir='ltr'><strong>ad</strong></span> <span class='ocrx_word' id='word_1_20' title='bbox 2438 646 2703 727; x_wconf 88' lang='lat' dir='ltr'><strong>partem</strong></span> 
     </span>
     <span class='ocr_line' id='line_1_4' title="bbox 1153 742 2704 841; baseline -0.006 -23"><span class='ocrx_word' id='word_1_21' title='bbox 1153 750 1481 841; x_wconf 89' lang='lat' dir='ltr'><strong>spondilis</strong></span> <span class='ocrx_word' id='word_1_22' title='bbox 1528 742 1765 840; x_wconf 82' lang='lat' dir='ltr'><strong>primae</strong></span> <span class='ocrx_word' id='word_1_23' title='bbox 1813 760 1880 818; x_wconf 90' lang='lat' dir='ltr'><strong>et</strong></span> <span class='ocrx_word' id='word_1_24' title='bbox 1917 749 2228 817; x_wconf 84' lang='lat' dir='ltr'><strong>secundae</strong></span> <span class='ocrx_word' id='word_1_25' title='bbox 2266 770 2281 813; x_wconf 74' lang='grc' dir='ltr'>ε</span> <span class='ocrx_word' id='word_1_26' title='bbox 2332 745 2464 812; x_wconf 89' lang='lat' dir='ltr'><strong>hoc</strong></span> <span class='ocrx_word' id='word_1_27' title='bbox 2520 745 2704 812; x_wconf 88' lang='lat' dir='ltr'><strong>enim</strong></span> 
     </span>
     <span class='ocr_line' id='line_1_5' title="bbox 1151 855 2708 942; baseline -0.005 -16"><span class='ocrx_word' id='word_1_28' title='bbox 1151 856 1615 926; x_wconf 89' lang='lat' dir='ltr'><strong>contrahendo</strong></span> <span class='ocrx_word' id='word_1_29' title='bbox 1664 881 1737 925; x_wconf 88' lang='lat' dir='ltr'><strong>se</strong></span> <span class='ocrx_word' id='word_1_30' title='bbox 1793 856 1918 923; x_wconf 93' lang='lat' dir='ltr'><strong>sub</strong></span> <span class='ocrx_word' id='word_1_31' title='bbox 1972 855 2140 921; x_wconf 88' lang='lat' dir='ltr'><strong>meri</strong></span> <span class='ocrx_word' id='word_1_32' title='bbox 2196 860 2432 919; x_wconf 90' lang='lat' dir='ltr'><strong>curvat</strong></span> <span class='ocrx_word' id='word_1_33' title='bbox 2503 860 2708 942; x_wconf 89' lang='lat' dir='ltr'><strong>caput</strong></span> 
     </span>
     <span class='ocr_line' id='line_1_6' title="bbox 1151 958 2705 1049; baseline -0.005 -16"><span class='ocrx_word' id='word_1_34' title='bbox 1151 966 1399 1033; x_wconf 85' lang='lat' dir='ltr'><strong>solum.</strong></span> <span class='ocrx_word' id='word_1_35' title='bbox 1458 965 1532 1033; x_wconf 90' lang='lat' dir='ltr'><strong>Si</strong></span> <span class='ocrx_word' id='word_1_36' title='bbox 1580 974 1807 1033; x_wconf 89' lang='lat' dir='ltr'><strong>autem</strong></span> <span class='ocrx_word' id='word_1_37' title='bbox 1858 961 2160 1028; x_wconf 81' lang='lat' dir='ltr'>extensio</span> <span class='ocrx_word' id='word_1_38' title='bbox 2218 959 2304 1026; x_wconf 94' lang='lat' dir='ltr'><strong>ad</strong></span> <span class='ocrx_word' id='word_1_39' title='bbox 2360 958 2705 1049; x_wconf 88' lang='lat' dir='ltr'><strong>spondiles</strong></span> 
     </span>
    </p>
   </div>
   <div class='ocr_carea' id='block_1_3' title="bbox 1115 1067 2707 5784">
    <p class='ocr_par' dir='ltr' id='par_1_3' title="bbox 1118 1067 2707 5221">
     <span class='ocr_line' id='line_1_7' title="bbox 1150 1067 2707 1161; baseline -0.004 -22"><span class='ocrx_word' id='word_1_40' title='bbox 1150 1071 1359 1140; x_wconf 91' lang='lat' dir='ltr'><strong>dictas</strong></span> <span class='ocrx_word' id='word_1_41' title='bbox 1399 1077 1826 1161; x_wconf 77' lang='lat' dir='ltr'>cooperatur,</span> <span class='ocrx_word' id='word_1_42' title='bbox 1871 1075 2189 1135; x_wconf 88' lang='lat' dir='ltr'><strong>curvatur</strong></span> <span class='ocrx_word' id='word_1_43' title='bbox 2227 1067 2312 1134; x_wconf 85' lang='lat' dir='ltr'><strong>ad</strong></span> <span class='ocrx_word' id='word_1_44' title='bbox 2369 1076 2572 1156; x_wconf 88' lang='lat' dir='ltr'><strong>caput</strong></span> <span class='ocrx_word' id='word_1_45' title='bbox 2640 1075 2707 1132; x_wconf 91' lang='lat' dir='ltr'><strong>et</strong></span> 
     </span>
     <span class='ocr_line' id='line_1_8' title="bbox 1150 1173 2707 1263; baseline -0.006 -16"><span class='ocrx_word' id='word_1_46' title='bbox 1150 1178 1404 1247; x_wconf 88' lang='lat' dir='ltr'><strong>collum</strong></span> <span class='ocrx_word' id='word_1_47' title='bbox 1436 1176 1760 1244; x_wconf 90' lang='lat' dir='ltr'><strong>anterius.</strong></span> <span class='ocrx_word' id='word_1_48' title='bbox 1812 1173 2101 1242; x_wconf 90' lang='lat' dir='ltr'><strong>Musculi</strong></span> <span class='ocrx_word' id='word_1_49' title='bbox 2150 1182 2380 1241; x_wconf 89' lang='lat' dir='ltr'><strong>autem</strong></span> <span class='ocrx_word' id='word_1_50' title='bbox 2429 1173 2546 1263; x_wconf 91' lang='lat' dir='ltr'><strong>qui</strong></span> <span class='ocrx_word' id='word_1_51' title='bbox 2587 1193 2707 1238; x_wconf 92' lang='lat' dir='ltr'><strong>so-</strong></span> 
     </span>
     <span class='ocr_line' id='line_1_9' title="bbox 1145 1282 2705 1373; baseline -0.005 -22"><span class='ocrx_word' id='word_1_52' title='bbox 1145 1285 1290 1352; x_wconf 94' lang='lat' dir='ltr'><strong>lum</strong></span> <span class='ocrx_word' id='word_1_53' title='bbox 1366 1291 1571 1373; x_wconf 87' lang='lat' dir='ltr'><strong>caput</strong></span> <span class='ocrx_word' id='word_1_54' title='bbox 1623 1290 1908 1349; x_wconf 81' lang='lat' dir='ltr'><strong>curvant</strong></span> <span class='ocrx_word' id='word_1_55' title='bbox 1978 1282 2339 1373; x_wconf 79' lang='lat' dir='ltr'><strong>posteriuS,</strong></span> <span class='ocrx_word' id='word_1_56' title='bbox 2411 1285 2705 1368; x_wconf 90' lang='lat' dir='ltr'><strong>quatuor</strong></span> 
     </span>
     <span class='ocr_line' id='line_1_10' title="bbox 1147 1385 2701 1480; baseline -0.005 -21"><span class='ocrx_word' id='word_1_57' title='bbox 1147 1398 1305 1459; x_wconf 92' lang='lat' dir='ltr'><strong>sunt</strong></span> <span class='ocrx_word' id='word_1_58' title='bbox 1343 1391 1529 1480; x_wconf 85' lang='lat' dir='ltr'><strong>paria</strong></span> <span class='ocrx_word' id='word_1_59' title='bbox 1579 1389 2069 1468; x_wconf 91' lang='lat' dir='ltr'><strong>musculorum,</strong></span> <span class='ocrx_word' id='word_1_60' title='bbox 2103 1411 2256 1479; x_wconf 83' lang='lat' dir='ltr'><strong>quae</strong></span> <span class='ocrx_word' id='word_1_61' title='bbox 2321 1391 2446 1453; x_wconf 88' lang='lat' dir='ltr'><strong>sub</strong></span> <span class='ocrx_word' id='word_1_62' title='bbox 2523 1385 2701 1453; x_wconf 91' lang='lat' dir='ltr'><strong>dicto</strong></span> 
     </span>
     <span class='ocr_line' id='line_1_11' title="bbox 1145 1491 2701 1588; baseline -0.003 -25"><span class='ocrx_word' id='word_1_63' title='bbox 1145 1497 1291 1588; x_wconf 90' lang='lat' dir='ltr'><strong>pari</strong></span> <span class='ocrx_word' id='word_1_64' title='bbox 1332 1504 1707 1587; x_wconf 88' lang='lat' dir='ltr'><strong>ponuntur,</strong></span> <span class='ocrx_word' id='word_1_65' title='bbox 1740 1505 1881 1564; x_wconf 90' lang='lat' dir='ltr'><strong>tam</strong></span> <span class='ocrx_word' id='word_1_66' title='bbox 1913 1496 1984 1562; x_wconf 91' lang='lat' dir='ltr'><strong>in</strong></span> <span class='ocrx_word' id='word_1_67' title='bbox 2013 1493 2352 1583; x_wconf 90' lang='lat' dir='ltr'><strong>juncturis</strong></span> <span class='ocrx_word' id='word_1_68' title='bbox 2392 1513 2598 1582; x_wconf 88' lang='lat' dir='ltr'><strong>quam</strong></span> <span class='ocrx_word' id='word_1_69' title='bbox 2630 1491 2701 1558; x_wconf 91' lang='lat' dir='ltr'><strong>in</strong></span> 
     </span>
     <span class='ocr_line' id='line_1_12' title="bbox 1147 1597 2706 1688; baseline -0.004 -18"><span class='ocrx_word' id='word_1_70' title='bbox 1147 1603 1297 1671; x_wconf 89' lang='lat' dir='ltr'><strong>aliis</strong></span> <span class='ocrx_word' id='word_1_71' title='bbox 1376 1602 1856 1670; x_wconf 80' lang='lat' dir='ltr'><strong>additamentis</strong></span> <span class='ocrx_word' id='word_1_72' title='bbox 1912 1600 2331 1668; x_wconf 87' lang='lat' dir='ltr'><strong>diversarum</strong></span> <span class='ocrx_word' id='word_1_73' title='bbox 2418 1597 2706 1688; x_wconf 86' lang='lat' dir='ltr'><strong>spondi-</strong></span> 
     </span>
     <span class='ocr_line' id='line_1_13' title="bbox 1145 1703 2697 1799; baseline -0.003 -23"><span class='ocrx_word' id='word_1_74' title='bbox 1145 1709 1342 1788; x_wconf 91' lang='lat' dir='ltr'><strong>lium,</strong></span> <span class='ocrx_word' id='word_1_75' title='bbox 1386 1709 1469 1776; x_wconf 88' lang='lat' dir='ltr'><strong>de</strong></span> <span class='ocrx_word' id='word_1_76' title='bbox 1508 1708 1757 1799; x_wconf 92' lang='lat' dir='ltr'><strong>quibus</strong></span> <span class='ocrx_word' id='word_1_77' title='bbox 1797 1730 1935 1774; x_wconf 93' lang='lat' dir='ltr'><strong>non</strong></span> <span class='ocrx_word' id='word_1_78' title='bbox 1965 1713 2230 1797; x_wconf 76' lang='lat' dir='ltr'><strong>oportet</strong></span> <span class='ocrx_word' id='word_1_79' title='bbox 2277 1703 2462 1772; x_wconf 86' lang='lat' dir='ltr'><strong>aliud</strong></span> <span class='ocrx_word' id='word_1_80' title='bbox 2501 1705 2697 1782; x_wconf 88' lang='lat' dir='ltr'><strong>scire,</strong></span> 
     </span>
     <span class='ocr_line' id='line_1_14' title="bbox 1145 1812 2703 1908; baseline -0.004 -24"><span class='ocrx_word' id='word_1_81' title='bbox 1145 1817 1276 1885; x_wconf 90' lang='lat' dir='ltr'><strong>nisi</strong></span> <span class='ocrx_word' id='word_1_82' title='bbox 1321 1816 1506 1908; x_wconf 91' lang='lat' dir='ltr'><strong>quod</strong></span> <span class='ocrx_word' id='word_1_83' title='bbox 1536 1815 1675 1883; x_wconf 94' lang='lat' dir='ltr'><strong>duo</strong></span> <span class='ocrx_word' id='word_1_84' title='bbox 1727 1814 1934 1906; x_wconf 90' lang='lat' dir='ltr'><strong>primi</strong></span> <span class='ocrx_word' id='word_1_85' title='bbox 1963 1821 2167 1903; x_wconf 90' lang='lat' dir='ltr'><strong>caput</strong></span> <span class='ocrx_word' id='word_1_86' title='bbox 2201 1812 2535 1903; x_wconf 73' lang='lat' dir='ltr'><strong>posterius</strong></span> <span class='ocrx_word' id='word_1_87' title='bbox 2575 1812 2703 1878; x_wconf 90' lang='lat' dir='ltr'><strong>eri-</strong></span> 
     </span>
     <span class='ocr_line' id='line_1_15' title="bbox 1143 1922 2698 2017; baseline -0.005 -24"><span class='ocrx_word' id='word_1_88' title='bbox 1143 1934 1336 2017; x_wconf 81' lang='lat' dir='ltr'><strong>gunt,</strong></span> <span class='ocrx_word' id='word_1_89' title='bbox 1417 1932 1534 1992; x_wconf 90' lang='lat' dir='ltr'><strong>aut</strong></span> <span class='ocrx_word' id='word_1_90' title='bbox 1593 1925 1739 1992; x_wconf 87' lang='lat' dir='ltr'><strong>sine</strong></span> <span class='ocrx_word' id='word_1_91' title='bbox 1804 1922 2279 1999; x_wconf 87' lang='lat' dir='ltr'><strong>declinatione,</strong></span> <span class='ocrx_word' id='word_1_92' title='bbox 2351 1929 2469 1987; x_wconf 88' lang='lat' dir='ltr'><strong>aut</strong></span> <span class='ocrx_word' id='word_1_93' title='bbox 2543 1943 2698 1987; x_wconf 91' lang='lat' dir='ltr'><strong>cum</strong></span> 
     </span>
     <span class='ocr_line' id='line_1_16' title="bbox 1144 2029 2702 2121; baseline -0.004 -21"><span class='ocrx_word' id='word_1_94' title='bbox 1144 2032 1594 2101; x_wconf 79' lang='lat' dir='ltr'><strong>declinatione</strong></span> <span class='ocrx_word' id='word_1_95' title='bbox 1627 2053 1859 2121; x_wconf 90' lang='lat' dir='ltr'><strong>parva.</strong></span> <span class='ocrx_word' id='word_1_96' title='bbox 1890 2029 2191 2097; x_wconf 89' lang='lat' dir='ltr'><strong>Tertium</strong></span> <span class='ocrx_word' id='word_1_97' title='bbox 2235 2037 2464 2095; x_wconf 87' lang='lat' dir='ltr'><strong>autem</strong></span> <span class='ocrx_word' id='word_1_98' title='bbox 2499 2030 2702 2096; x_wconf 91' lang='lat' dir='ltr'><strong>recti-</strong></span> 
     </span>
     <span class='ocr_line' id='line_1_17' title="bbox 1145 2136 2702 2216; baseline -0.002 -9"><span class='ocrx_word' id='word_1_99' title='bbox 1145 2143 1301 2209; x_wconf 79' lang='lat' dir='ltr'><strong>ticat</strong></span> <span class='ocrx_word' id='word_1_100' title='bbox 1333 2147 1628 2209; x_wconf 88' lang='lat' dir='ltr'><strong>torturas</strong></span> <span class='ocrx_word' id='word_1_101' title='bbox 1667 2138 2159 2206; x_wconf 89' lang='lat' dir='ltr'><strong>declinationis.</strong></span> <span class='ocrx_word' id='word_1_102' title='bbox 2196 2136 2529 2216; x_wconf 88' lang='lat' dir='ltr'><strong>Quartum</strong></span> <span class='ocrx_word' id='word_1_103' title='bbox 2570 2159 2702 2204; x_wconf 91' lang='lat' dir='ltr'><strong>au-</strong></span> 
     </span>
     <span class='ocr_line' id='line_1_18' title="bbox 1143 2247 2701 2339; baseline -0.003 -22"><span class='ocrx_word' id='word_1_104' title='bbox 1143 2258 1280 2317; x_wconf 91' lang='lat' dir='ltr'><strong>tem</strong></span> <span class='ocrx_word' id='word_1_105' title='bbox 1313 2254 1552 2316; x_wconf 89' lang='lat' dir='ltr'><strong>curvat</strong></span> <span class='ocrx_word' id='word_1_106' title='bbox 1588 2247 1674 2315; x_wconf 90' lang='lat' dir='ltr'><strong>ad</strong></span> <span class='ocrx_word' id='word_1_107' title='bbox 1704 2247 2078 2339; x_wconf 80' lang='lat' dir='ltr'><strong>posteriora</strong></span> <span class='ocrx_word' id='word_1_108' title='bbox 2105 2256 2307 2335; x_wconf 91' lang='lat' dir='ltr'><strong>caput</strong></span> <span class='ocrx_word' id='word_1_109' title='bbox 2344 2267 2503 2313; x_wconf 91' lang='lat' dir='ltr'><strong>cum</strong></span> <span class='ocrx_word' id='word_1_110' title='bbox 2546 2269 2701 2313; x_wconf 90' lang='lat' dir='ltr'><strong>ma-</strong></span> 
     </span>
     <span class='ocr_line' id='line_1_19' title="bbox 1146 2355 2696 2427; baseline -0.003 0"><span class='ocrx_word' id='word_1_111' title='bbox 1146 2359 1387 2427; x_wconf 77' lang='lat' dir='ltr'><strong>nifesta</strong></span> <span class='ocrx_word' id='word_1_112' title='bbox 1418 2358 1946 2426; x_wconf 84' lang='lat' dir='ltr'><strong>transversione.</strong></span> <span class='ocrx_word' id='word_1_113' title='bbox 1980 2355 2222 2423; x_wconf 79' lang='lat' dir='ltr'><strong>Adhuc</strong></span> <span class='ocrx_word' id='word_1_114' title='bbox 2262 2365 2491 2423; x_wconf 89' lang='lat' dir='ltr'><strong>autem</strong></span> <span class='ocrx_word' id='word_1_115' title='bbox 2539 2378 2696 2423; x_wconf 93' lang='lat' dir='ltr'><strong>cum</strong></span> 
     </span>
     <span class='ocr_line' id='line_1_20' title="bbox 1144 2463 2698 2557; baseline -0.003 -23"><span class='ocrx_word' id='word_1_116' title='bbox 1144 2467 1324 2534; x_wconf 88' lang='lat' dir='ltr'><strong>tertii</strong></span> <span class='ocrx_word' id='word_1_117' title='bbox 1355 2474 1422 2534; x_wconf 92' lang='lat' dir='ltr'><strong>et</strong></span> <span class='ocrx_word' id='word_1_118' title='bbox 1471 2467 1694 2557; x_wconf 90' lang='lat' dir='ltr'><strong>quarti</strong></span> <span class='ocrx_word' id='word_1_119' title='bbox 1732 2464 1977 2556; x_wconf 86' lang='lat' dir='ltr'><strong>aliquis</strong></span> <span class='ocrx_word' id='word_1_120' title='bbox 2016 2463 2365 2532; x_wconf 83' lang='lat' dir='ltr'><strong>musculus</strong></span> <span class='ocrx_word' id='word_1_121' title='bbox 2393 2464 2698 2533; x_wconf 89' lang='lat' dir='ltr'><strong>declina-</strong></span> 
     </span>
     <span class='ocr_line' id='line_1_21' title="bbox 1140 2570 2690 2661; baseline 0.001 -23"><span class='ocrx_word' id='word_1_122' title='bbox 1140 2573 1337 2651; x_wconf 83' lang='lat' dir='ltr'><strong>verit,</strong></span> <span class='ocrx_word' id='word_1_123' title='bbox 1391 2571 1759 2640; x_wconf 79' lang='lat' dir='ltr'><strong>declinabit</strong></span> <span class='ocrx_word' id='word_1_124' title='bbox 1808 2594 1922 2638; x_wconf 90' lang='lat' dir='ltr'><strong>eas</strong></span> <span class='ocrx_word' id='word_1_125' title='bbox 1953 2571 2038 2639; x_wconf 91' lang='lat' dir='ltr'><strong>ad</strong></span> <span class='ocrx_word' id='word_1_126' title='bbox 2068 2580 2292 2661; x_wconf 89' lang='lat' dir='ltr'><strong>partes</strong></span> <span class='ocrx_word' id='word_1_127' title='bbox 2324 2570 2628 2657; x_wconf 86' lang='lat' dir='ltr'><strong>ejusdem</strong></span> <span class='ocrx_word' id='word_1_128' title='bbox 2673 2593 2690 2639; x_wconf 72' lang='grc' dir='ltr'>ε</span> 
     </span>
     <span class='ocr_line' id='line_1_22' title="bbox 1139 2677 2694 2757; baseline -0.002 -9"><span class='ocrx_word' id='word_1_129' title='bbox 1139 2689 1203 2748; x_wconf 89' lang='lat' dir='ltr'><strong>et</strong></span> <span class='ocrx_word' id='word_1_130' title='bbox 1238 2703 1398 2748; x_wconf 87' lang='lat' dir='ltr'><strong>cum</strong></span> <span class='ocrx_word' id='word_1_131' title='bbox 1437 2679 1643 2748; x_wconf 90' lang='lat' dir='ltr'><strong>ambo</strong></span> <span class='ocrx_word' id='word_1_132' title='bbox 1674 2678 1878 2746; x_wconf 89' lang='lat' dir='ltr'><strong>simul</strong></span> <span class='ocrx_word' id='word_1_133' title='bbox 1918 2677 2381 2757; x_wconf 88' lang='lat' dir='ltr'><strong>retrahuntur,</strong></span> <span class='ocrx_word' id='word_1_134' title='bbox 2416 2679 2694 2746; x_wconf 86' lang='lat' dir='ltr'><strong>tertium</strong></span> 
     </span>
     <span class='ocr_line' id='line_1_23' title="bbox 1136 2784 2698 2876; baseline -0.001 -22"><span class='ocrx_word' id='word_1_135' title='bbox 1136 2786 1395 2855; x_wconf 90' lang='lat' dir='ltr'><strong>scilicet</strong></span> <span class='ocrx_word' id='word_1_136' title='bbox 1426 2839 1433 2845; x_wconf 87' lang='lat'><strong>.</strong></span> <span class='ocrx_word' id='word_1_137' title='bbox 1459 2794 1526 2853; x_wconf 93' lang='lat' dir='ltr'><strong>et</strong></span> <span class='ocrx_word' id='word_1_138' title='bbox 1609 2794 1953 2876; x_wconf 90' lang='lat' dir='ltr'><strong>quartum,</strong></span> <span class='ocrx_word' id='word_1_139' title='bbox 2026 2784 2411 2852; x_wconf 80' lang='lat' dir='ltr'><strong>movebitur</strong></span> <span class='ocrx_word' id='word_1_140' title='bbox 2494 2793 2698 2875; x_wconf 91' lang='lat' dir='ltr'><strong>caput</strong></span> 
     </span>
     <span class='ocr_line' id='line_1_24' title="bbox 1135 2893 2694 2985; baseline -0.001 -21"><span class='ocrx_word' id='word_1_141' title='bbox 1135 2919 1294 2964; x_wconf 89' lang='lat' dir='ltr'><strong>cum</strong></span> <span class='ocrx_word' id='word_1_142' title='bbox 1327 2895 1832 2979; x_wconf 79' lang='lat' dir='ltr'><strong>transversione</strong></span> <span class='ocrx_word' id='word_1_143' title='bbox 1871 2893 1956 2961; x_wconf 90' lang='lat' dir='ltr'><strong>ad</strong></span> <span class='ocrx_word' id='word_1_144' title='bbox 2012 2895 2387 2984; x_wconf 86' lang='lat' dir='ltr'><strong>posteriora</strong></span> <span class='ocrx_word' id='word_1_145' title='bbox 2436 2893 2694 2985; x_wconf 84' lang='lat' dir='ltr'><strong>absque</strong></span> 
     </span>
     <span class='ocr_line' id='line_1_25' title="bbox 1140 3002 2696 3093; baseline -0.001 -22"><span class='ocrx_word' id='word_1_146' title='bbox 1140 3002 1613 3072; x_wconf 84' lang='lat' dir='ltr'><strong>declinatione.</strong></span> <span class='ocrx_word' id='word_1_147' title='bbox 1653 3002 1810 3070; x_wconf 86' lang='lat' dir='ltr'><strong>Tria</strong></span> <span class='ocrx_word' id='word_1_148' title='bbox 1837 3010 2062 3070; x_wconf 86' lang='lat' dir='ltr'><strong>autem</strong></span> <span class='ocrx_word' id='word_1_149' title='bbox 2106 3003 2293 3093; x_wconf 87' lang='lat' dir='ltr'><strong>paria</strong></span> <span class='ocrx_word' id='word_1_150' title='bbox 2334 3011 2493 3070; x_wconf 88' lang='lat' dir='ltr'><strong>sunt</strong></span> <span class='ocrx_word' id='word_1_151' title='bbox 2530 3025 2696 3093; x_wconf 90' lang='lat' dir='ltr'><strong>pro-</strong></span> 
     </span>
     <span class='ocr_line' id='line_1_26' title="bbox 1137 3111 2686 3203; baseline 0.001 -23"><span class='ocrx_word' id='word_1_152' title='bbox 1137 3111 1369 3191; x_wconf 80' lang='lat' dir='ltr'><strong>funda,</strong></span> <span class='ocrx_word' id='word_1_153' title='bbox 1406 3134 1559 3203; x_wconf 76' lang='lat' dir='ltr'><strong>qum</strong></span> <span class='ocrx_word' id='word_1_154' title='bbox 1630 3119 1834 3203; x_wconf 90' lang='lat' dir='ltr'><strong>caput</strong></span> <span class='ocrx_word' id='word_1_155' title='bbox 1888 3134 2042 3180; x_wconf 92' lang='lat' dir='ltr'><strong>cum</strong></span> <span class='ocrx_word' id='word_1_156' title='bbox 2108 3111 2284 3180; x_wconf 87' lang='lat' dir='ltr'><strong>collo</strong></span> <span class='ocrx_word' id='word_1_157' title='bbox 2350 3120 2686 3181; x_wconf 81' lang='lat' dir='ltr'><strong>curvant:</strong></span> 
     </span>
     <span class='ocr_line' id='line_1_27' title="bbox 1136 3222 2693 3314; baseline 0.002 -27"><span class='ocrx_word' id='word_1_158' title='bbox 1136 3243 1427 3311; x_wconf 89' lang='lat' dir='ltr'><strong>quorum</strong></span> <span class='ocrx_word' id='word_1_159' title='bbox 1470 3244 1685 3289; x_wconf 90' lang='lat' dir='ltr'><strong>unum</strong></span> <span class='ocrx_word' id='word_1_160' title='bbox 1717 3222 2133 3313; x_wconf 81' lang='lat' dir='ltr'><strong>triangulum</strong></span> <span class='ocrx_word' id='word_1_161' title='bbox 2192 3228 2294 3288; x_wconf 89' lang='lat' dir='ltr'><strong>est</strong></span> <span class='ocrx_word' id='word_1_162' title='bbox 2353 3225 2693 3314; x_wconf 85' lang='lat' dir='ltr'><strong>posterius</strong></span> 
     </span>
     <span class='ocr_line' id='line_1_28' title="bbox 1134 3327 2692 3408; baseline 0.003 -12"><span class='ocrx_word' id='word_1_163' title='bbox 1134 3327 1433 3406; x_wconf 83' lang='lat' dir='ltr'><strong>cerebro,</strong></span> <span class='ocrx_word' id='word_1_164' title='bbox 1478 3337 1545 3396; x_wconf 88' lang='lat' dir='ltr'><strong>et</strong></span> <span class='ocrx_word' id='word_1_165' title='bbox 1573 3329 1710 3397; x_wconf 87' lang='lat' dir='ltr'><strong>alia</strong></span> <span class='ocrx_word' id='word_1_166' title='bbox 1736 3329 2148 3398; x_wconf 89' lang='lat' dir='ltr'><strong>descendunt</strong></span> <span class='ocrx_word' id='word_1_167' title='bbox 2183 3331 2252 3397; x_wconf 90' lang='lat' dir='ltr'><strong>in</strong></span> <span class='ocrx_word' id='word_1_168' title='bbox 2283 3330 2488 3408; x_wconf 87' lang='lat' dir='ltr'><strong>collo,</strong></span> <span class='ocrx_word' id='word_1_169' title='bbox 2513 3340 2582 3400; x_wconf 94' lang='lat' dir='ltr'><strong>et</strong></span> <span class='ocrx_word' id='word_1_170' title='bbox 2606 3332 2692 3401; x_wconf 85' lang='lat' dir='ltr'><strong>ad</strong></span> 
     </span>
     <span class='ocr_line' id='line_1_29' title="bbox 1134 3436 2696 3530; baseline 0.003 -24"><span class='ocrx_word' id='word_1_171' title='bbox 1134 3436 1275 3507; x_wconf 86' lang='lat' dir='ltr'><strong>alas</strong></span> <span class='ocrx_word' id='word_1_172' title='bbox 1312 3437 1761 3528; x_wconf 82' lang='lat' dir='ltr'><strong>spondilium,</strong></span> <span class='ocrx_word' id='word_1_173' title='bbox 1804 3446 1871 3507; x_wconf 91' lang='lat' dir='ltr'><strong>et</strong></span> <span class='ocrx_word' id='word_1_174' title='bbox 1899 3438 2176 3530; x_wconf 86' lang='lat' dir='ltr'><strong>aliquod</strong></span> <span class='ocrx_word' id='word_1_175' title='bbox 2206 3439 2501 3508; x_wconf 78' lang='lat' dir='ltr'><strong>inultum</strong></span> <span class='ocrx_word' id='word_1_176' title='bbox 2567 3441 2696 3511; x_wconf 91' lang='lat' dir='ltr'><strong>de-</strong></span> 
     </span>
     <span class='ocr_line' id='line_1_30' title="bbox 1130 3543 2692 3637; baseline 0.004 -26"><span class='ocrx_word' id='word_1_177' title='bbox 1130 3543 1391 3612; x_wconf 81' lang='lat' dir='ltr'><strong>scendit</strong></span> <span class='ocrx_word' id='word_1_178' title='bbox 1447 3545 1629 3614; x_wconf 89' lang='lat' dir='ltr'><strong>inter</strong></span> <span class='ocrx_word' id='word_1_179' title='bbox 1691 3543 1835 3613; x_wconf 88' lang='lat' dir='ltr'><strong>alas</strong></span> <span class='ocrx_word' id='word_1_180' title='bbox 1921 3546 2363 3637; x_wconf 85' lang='lat' dir='ltr'><strong>spondilium.</strong></span> <span class='ocrx_word' id='word_1_181' title='bbox 2400 3547 2692 3618; x_wconf 83' lang='lat' dir='ltr'><strong>Musculi</strong></span> 
     </span>
     <span class='ocr_line' id='line_1_31' title="bbox 1127 3654 2685 3745; baseline 0.005 -26"><span class='ocrx_word' id='word_1_182' title='bbox 1127 3659 1353 3719; x_wconf 88' lang='lat' dir='ltr'><strong>autem</strong></span> <span class='ocrx_word' id='word_1_183' title='bbox 1394 3654 1514 3744; x_wconf 91' lang='lat' dir='ltr'><strong>qui</strong></span> <span class='ocrx_word' id='word_1_184' title='bbox 1544 3662 1749 3745; x_wconf 87' lang='lat' dir='ltr'><strong>caput</strong></span> <span class='ocrx_word' id='word_1_185' title='bbox 1776 3654 1861 3722; x_wconf 90' lang='lat' dir='ltr'><strong>ad</strong></span> <span class='ocrx_word' id='word_1_186' title='bbox 1899 3654 2036 3723; x_wconf 90' lang='lat' dir='ltr'><strong>duo</strong></span> <span class='ocrx_word' id='word_1_187' title='bbox 2078 3655 2408 3724; x_wconf 87' lang='lat' dir='ltr'><strong>inclinant</strong></span> <span class='ocrx_word' id='word_1_188' title='bbox 2446 3655 2685 3745; x_wconf 85' lang='lat' dir='ltr'><strong>latera,</strong></span> 
     </span>
     <span class='ocr_line' id='line_1_32' title="bbox 1134 3759 2691 3857; baseline 0.005 -31"><span class='ocrx_word' id='word_1_189' title='bbox 1134 3768 1292 3828; x_wconf 81' lang='lat' dir='ltr'><strong>sunt</strong></span> <span class='ocrx_word' id='word_1_190' title='bbox 1338 3759 1476 3829; x_wconf 90' lang='lat' dir='ltr'><strong>duo</strong></span> <span class='ocrx_word' id='word_1_191' title='bbox 1511 3764 1727 3852; x_wconf 87' lang='lat' dir='ltr'><strong>paria,</strong></span> <span class='ocrx_word' id='word_1_192' title='bbox 1759 3772 1960 3853; x_wconf 88' lang='lat' dir='ltr'><strong>caput</strong></span> <span class='ocrx_word' id='word_1_193' title='bbox 2006 3786 2161 3832; x_wconf 84' lang='lat' dir='ltr'><strong>cum</strong></span> <span class='ocrx_word' id='word_1_194' title='bbox 2212 3765 2508 3855; x_wconf 80' lang='lat' dir='ltr'><strong>spondili</strong></span> <span class='ocrx_word' id='word_1_195' title='bbox 2548 3767 2691 3857; x_wconf 91' lang='lat' dir='ltr'><strong>pri-</strong></span> 
     </span>
     <span class='ocr_line' id='line_1_33' title="bbox 1135 3867 2690 3954; baseline 0.005 -20"><span class='ocrx_word' id='word_1_196' title='bbox 1135 3889 1246 3934; x_wconf 91' lang='lat' dir='ltr'><strong>ma</strong></span> <span class='ocrx_word' id='word_1_197' title='bbox 1274 3867 1746 3937; x_wconf 85' lang='lat' dir='ltr'><strong>continuantia</strong></span> <span class='ocrx_word' id='word_1_198' title='bbox 1776 3879 1931 3937; x_wconf 92' lang='lat' dir='ltr'><strong>ante</strong></span> <span class='ocrx_word' id='word_1_199' title='bbox 1979 3878 2046 3938; x_wconf 87' lang='lat' dir='ltr'><strong>et</strong></span> <span class='ocrx_word' id='word_1_200' title='bbox 2075 3880 2283 3954; x_wconf 87' lang='lat' dir='ltr'><strong>retro,</strong></span> <span class='ocrx_word' id='word_1_201' title='bbox 2325 3879 2390 3939; x_wconf 91' lang='lat' dir='ltr'><strong>et</strong></span> <span class='ocrx_word' id='word_1_202' title='bbox 2437 3894 2478 3940; x_wconf 89' lang='lat' dir='ltr'><strong>a</strong></span> <span class='ocrx_word' id='word_1_203' title='bbox 2515 3872 2690 3942; x_wconf 85' lang='lat' dir='ltr'><strong>dex-</strong></span> 
     </span>
     <span class='ocr_line' id='line_1_34' title="bbox 1124 3976 2688 4073; baseline 0.006 -32"><span class='ocrx_word' id='word_1_204' title='bbox 1124 3982 1229 4043; x_wconf 90' lang='lat' dir='ltr'><strong>tro</strong></span> <span class='ocrx_word' id='word_1_205' title='bbox 1268 3984 1336 4044; x_wconf 87' lang='lat' dir='ltr'><strong>et</strong></span> <span class='ocrx_word' id='word_1_206' title='bbox 1387 3999 1429 4043; x_wconf 88' lang='lat' dir='ltr'><strong>a</strong></span> <span class='ocrx_word' id='word_1_207' title='bbox 1467 3976 1744 4046; x_wconf 86' lang='lat' dir='ltr'><strong>sinistro</strong></span> <span class='ocrx_word' id='word_1_208' title='bbox 1791 3977 2143 4069; x_wconf 87' lang='lat' dir='ltr'><strong>spondilis.</strong></span> <span class='ocrx_word' id='word_1_209' title='bbox 2189 3976 2688 4073; x_wconf 82' lang='lat' dir='ltr'><strong>Quodcumque</strong></span> 
     </span>
     <span class='ocr_line' id='line_1_35' title="bbox 1128 4084 2684 4175; baseline 0.006 -27"><span class='ocrx_word' id='word_1_210' title='bbox 1128 4089 1357 4149; x_wconf 89' lang='lat' dir='ltr'><strong>autem</strong></span> <span class='ocrx_word' id='word_1_211' title='bbox 1385 4104 1603 4150; x_wconf 90' lang='lat' dir='ltr'><strong>unum</strong></span> <span class='ocrx_word' id='word_1_212' title='bbox 1632 4105 1716 4150; x_wconf 86' lang='lat' dir='ltr'><strong>ex</strong></span> <span class='ocrx_word' id='word_1_213' title='bbox 1746 4093 2043 4175; x_wconf 91' lang='lat' dir='ltr'><strong>quatuor</strong></span> <span class='ocrx_word' id='word_1_214' title='bbox 2071 4084 2395 4153; x_wconf 85' lang='lat' dir='ltr'><strong>musculis</strong></span> <span class='ocrx_word' id='word_1_215' title='bbox 2424 4097 2684 4169; x_wconf 86' lang='lat' dir='ltr'><strong>movet,</strong></span> 
     </span>
     <span class='ocr_line' id='line_1_36' title="bbox 1124 4188 2680 4282; baseline 0.004 -25"><span class='ocrx_word' id='word_1_216' title='bbox 1124 4188 1439 4259; x_wconf 84' lang='lat' dir='ltr'><strong>curvabit</strong></span> <span class='ocrx_word' id='word_1_217' title='bbox 1468 4189 1554 4258; x_wconf 89' lang='lat' dir='ltr'><strong>ad</strong></span> <span class='ocrx_word' id='word_1_218' title='bbox 1583 4213 1657 4260; x_wconf 84' lang='lat' dir='ltr'><strong>se</strong></span> <span class='ocrx_word' id='word_1_219' title='bbox 1699 4198 1901 4282; x_wconf 90' lang='lat' dir='ltr'><strong>caput</strong></span> <span class='ocrx_word' id='word_1_220' title='bbox 1947 4214 2103 4260; x_wconf 90' lang='lat' dir='ltr'><strong>cum</strong></span> <span class='ocrx_word' id='word_1_221' title='bbox 2151 4194 2680 4263; x_wconf 75' lang='lat' dir='ltr'><strong>transversione.</strong></span> 
     </span>
     <span class='ocr_line' id='line_1_37' title="bbox 1124 4294 2687 4390; baseline 0.003 -26"><span class='ocrx_word' id='word_1_222' title='bbox 1124 4294 1207 4364; x_wconf 68' lang='grc' dir='ltr'><strong>Εἰ</strong></span> <span class='ocrx_word' id='word_1_223' title='bbox 1270 4295 1689 4388; x_wconf 87' lang='lat' dir='ltr'><strong>quicumque</strong></span> <span class='ocrx_word' id='word_1_224' title='bbox 1754 4298 1892 4366; x_wconf 92' lang='lat' dir='ltr'><strong>duo</strong></span> <span class='ocrx_word' id='word_1_225' title='bbox 1946 4298 2032 4365; x_wconf 89' lang='lat' dir='ltr'><strong>ab</strong></span> <span class='ocrx_word' id='word_1_226' title='bbox 2095 4322 2228 4366; x_wconf 88' lang='lat' dir='ltr'><strong>una</strong></span> <span class='ocrx_word' id='word_1_227' title='bbox 2287 4307 2475 4390; x_wconf 89' lang='lat' dir='ltr'><strong>parte</strong></span> <span class='ocrx_word' id='word_1_228' title='bbox 2545 4309 2687 4368; x_wconf 84' lang='lat' dir='ltr'><strong>tra-</strong></span> 
     </span>
     <span class='ocr_line' id='line_1_38' title="bbox 1125 4398 2688 4496; baseline 0.004 -26"><span class='ocrx_word' id='word_1_229' title='bbox 1125 4398 1409 4484; x_wconf 90' lang='lat' dir='ltr'><strong>huntur,</strong></span> <span class='ocrx_word' id='word_1_230' title='bbox 1449 4402 1725 4473; x_wconf 88' lang='lat' dir='ltr'><strong>trahent</strong></span> <span class='ocrx_word' id='word_1_231' title='bbox 1770 4404 1856 4472; x_wconf 89' lang='lat' dir='ltr'><strong>ad</strong></span> <span class='ocrx_word' id='word_1_232' title='bbox 1894 4427 1966 4472; x_wconf 85' lang='lat' dir='ltr'><strong>se</strong></span> <span class='ocrx_word' id='word_1_233' title='bbox 2005 4412 2205 4496; x_wconf 84' lang='lat' dir='ltr'><strong>eaput</strong></span> <span class='ocrx_word' id='word_1_234' title='bbox 2272 4407 2417 4474; x_wconf 80' lang='lat' dir='ltr'><strong>sine</strong></span> <span class='ocrx_word' id='word_1_235' title='bbox 2467 4416 2688 4477; x_wconf 86' lang='lat' dir='ltr'><strong>trans·</strong></span> 
     </span>
     <span class='ocr_line' id='line_1_39' title="bbox 1122 4510 2686 4603; baseline 0.004 -25"><span class='ocrx_word' id='word_1_236' title='bbox 1122 4510 1439 4581; x_wconf 83' lang='lat' dir='ltr'><strong>versione</strong></span> <span class='ocrx_word' id='word_1_237' title='bbox 1472 4533 1489 4578; x_wconf 73' lang='grc' dir='ltr'><strong><em>ε</em></strong></span> <span class='ocrx_word' id='word_1_238' title='bbox 1534 4519 1600 4579; x_wconf 94' lang='lat' dir='ltr'><strong>et</strong></span> <span class='ocrx_word' id='word_1_239' title='bbox 1637 4512 1693 4580; x_wconf 88' lang='lat' dir='ltr'><strong>si</strong></span> <span class='ocrx_word' id='word_1_240' title='bbox 1733 4512 2105 4580; x_wconf 87' lang='lat' dir='ltr'><strong>anteriores</strong></span> <span class='ocrx_word' id='word_1_241' title='bbox 2157 4521 2457 4590; x_wconf 75' lang='lat' dir='ltr'><strong>movent,</strong></span> <span class='ocrx_word' id='word_1_242' title='bbox 2485 4515 2686 4603; x_wconf 87' lang='lat' dir='ltr'><strong>juva·</strong></span> 
     </span>
     <span class='ocr_line' id='line_1_40' title="bbox 1118 4616 2679 4710; baseline 0.002 -24"><span class='ocrx_word' id='word_1_243' title='bbox 1118 4616 1289 4686; x_wconf 88' lang='lat' dir='ltr'><strong>bunt</strong></span> <span class='ocrx_word' id='word_1_244' title='bbox 1330 4617 1404 4686; x_wconf 91' lang='lat' dir='ltr'><strong>in</strong></span> <span class='ocrx_word' id='word_1_245' title='bbox 1433 4616 1841 4687; x_wconf 85' lang='lat' dir='ltr'><strong>declinando</strong></span> <span class='ocrx_word' id='word_1_246' title='bbox 1901 4628 2102 4710; x_wconf 90' lang='lat' dir='ltr'><strong>caput</strong></span> <span class='ocrx_word' id='word_1_247' title='bbox 2155 4618 2240 4687; x_wconf 90' lang='lat' dir='ltr'><strong>ad</strong></span> <span class='ocrx_word' id='word_1_248' title='bbox 2304 4619 2679 4689; x_wconf 78' lang='lat' dir='ltr'><strong>inferiora:</strong></span> 
     </span>
     <span class='ocr_line' id='line_1_41' title="bbox 1122 4724 2682 4815; baseline 0.001 -22"><span class='ocrx_word' id='word_1_249' title='bbox 1122 4732 1184 4794; x_wconf 84' lang='lat' dir='ltr'><strong>et</strong></span> <span class='ocrx_word' id='word_1_250' title='bbox 1221 4724 1279 4791; x_wconf 87' lang='lat' dir='ltr'><strong>si</strong></span> <span class='ocrx_word' id='word_1_251' title='bbox 1338 4727 1751 4815; x_wconf 76' lang='lat' dir='ltr'><strong>posteriores</strong></span> <span class='ocrx_word' id='word_1_252' title='bbox 1812 4726 2290 4803; x_wconf 88' lang='lat' dir='ltr'><strong>movebuntur,</strong></span> <span class='ocrx_word' id='word_1_253' title='bbox 2327 4737 2682 4795; x_wconf 72' lang='lat' dir='ltr'><strong>removent</strong></span> 
     </span>
     <span class='ocr_line' id='line_1_42' title="bbox 1122 4836 2686 4925; baseline 0.003 -26"><span class='ocrx_word' id='word_1_254' title='bbox 1122 4839 1325 4922; x_wconf 87' lang='lat' dir='ltr'><strong>caput</strong></span> <span class='ocrx_word' id='word_1_255' title='bbox 1385 4837 1725 4922; x_wconf 79' lang='lat' dir='ltr'><strong>posterius</strong></span> <span class='ocrx_word' id='word_1_256' title='bbox 1797 4855 1814 4902; x_wconf 76' lang='lat' dir='ltr'>z</span> <span class='ocrx_word' id='word_1_257' title='bbox 1874 4842 1940 4902; x_wconf 85' lang='lat' dir='ltr'><strong>et</strong></span> <span class='ocrx_word' id='word_1_258' title='bbox 1986 4836 2044 4901; x_wconf 72' lang='lat' dir='ltr'><strong>si</strong></span> <span class='ocrx_word' id='word_1_259' title='bbox 2081 4855 2323 4901; x_wconf 87' lang='lat' dir='ltr'><strong>omnes</strong></span> <span class='ocrx_word' id='word_1_260' title='bbox 2386 4845 2686 4925; x_wconf 84' lang='lat' dir='ltr'><strong>quatuor</strong></span> 
     </span>
     <span class='ocr_line' id='line_1_43' title="bbox 1126 4936 2684 5031; baseline 0.003 -26"><span class='ocrx_word' id='word_1_261' title='bbox 1126 4936 1415 5006; x_wconf 81' lang='lat' dir='ltr'><strong>musculi</strong></span> <span class='ocrx_word' id='word_1_262' title='bbox 1443 4937 1738 5006; x_wconf 87' lang='lat' dir='ltr'><strong>duorum</strong></span> <span class='ocrx_word' id='word_1_263' title='bbox 1780 4939 2043 5030; x_wconf 90' lang='lat' dir='ltr'><strong>parium</strong></span> <span class='ocrx_word' id='word_1_264' title='bbox 2073 4939 2295 5007; x_wconf 82' lang='lat' dir='ltr'><strong>simul</strong></span> <span class='ocrx_word' id='word_1_265' title='bbox 2356 4941 2684 5031; x_wconf 73' lang='lat' dir='ltr'><strong>colligen-</strong></span> 
     </span>
     <span class='ocr_line' id='line_1_44' title="bbox 1124 5046 2683 5143; baseline 0.004 -28"><span class='ocrx_word' id='word_1_266' title='bbox 1124 5046 1210 5115; x_wconf 91' lang='lat' dir='ltr'><strong>do</strong></span> <span class='ocrx_word' id='word_1_267' title='bbox 1264 5069 1340 5116; x_wconf 80' lang='lat' dir='ltr'><strong>se</strong></span> <span class='ocrx_word' id='word_1_268' title='bbox 1396 5049 1879 5129; x_wconf 84' lang='lat' dir='ltr'><strong>movebuntur,</strong></span> <span class='ocrx_word' id='word_1_269' title='bbox 1931 5048 2136 5120; x_wconf 79' lang='lat' dir='ltr'><strong>stabit</strong></span> <span class='ocrx_word' id='word_1_270' title='bbox 2193 5061 2398 5141; x_wconf 85' lang='lat' dir='ltr'><strong>caput</strong></span> <span class='ocrx_word' id='word_1_271' title='bbox 2453 5054 2683 5143; x_wconf 79' lang='lat' dir='ltr'><strong>erige-</strong></span> 
     </span>
     <span class='ocr_line' id='line_1_45' title="bbox 1124 5160 1258 5221; baseline 0.007 -1"><span class='ocrx_word' id='word_1_272' title='bbox 1124 5160 1258 5221; x_wconf 90' lang='lat' dir='ltr'><strong>tur.</strong></span> 
     </span>
    </p>

    <p class='ocr_par' dir='ltr' id='par_1_4' title="bbox 1115 5259 2681 5784">
     <span class='ocr_line' id='line_1_46' title="bbox 1208 5259 2681 5333; baseline 0.003 -5"><span class='ocrx_word' id='word_1_273' title='bbox 1208 5259 1397 5330; x_wconf 87' lang='lat' dir='ltr'><strong>Licet</strong></span> <span class='ocrx_word' id='word_1_274' title='bbox 1432 5269 1666 5333; x_wconf 86' lang='lat' dir='ltr'><strong>autem</strong></span> <span class='ocrx_word' id='word_1_275' title='bbox 1707 5264 1815 5332; x_wconf 90' lang='lat' dir='ltr'><strong>isti</strong></span> <span class='ocrx_word' id='word_1_276' title='bbox 1851 5263 2134 5331; x_wconf 87' lang='lat' dir='ltr'><strong>musculi</strong></span> <span class='ocrx_word' id='word_1_277' title='bbox 2175 5262 2327 5331; x_wconf 86' lang='lat' dir='ltr'><strong>aliis</strong></span> <span class='ocrx_word' id='word_1_278' title='bbox 2368 5263 2505 5332; x_wconf 85' lang='lat' dir='ltr'><strong>sint</strong></span> <span class='ocrx_word' id='word_1_279' title='bbox 2557 5266 2681 5332; x_wconf 91' lang='lat' dir='ltr'><strong>mi-</strong></span> 
     </span>
     <span class='ocr_line' id='line_1_47' title="bbox 1122 5368 2676 5460; baseline 0.002 -25"><span class='ocrx_word' id='word_1_280' title='bbox 1122 5388 1347 5447; x_wconf 84' lang='lat' dir='ltr'><strong>nores,</strong></span> <span class='ocrx_word' id='word_1_281' title='bbox 1401 5377 1630 5437; x_wconf 90' lang='lat' dir='ltr'><strong>tamen</strong></span> <span class='ocrx_word' id='word_1_282' title='bbox 1681 5368 1809 5437; x_wconf 91' lang='lat' dir='ltr'><strong>loci</strong></span> <span class='ocrx_word' id='word_1_283' title='bbox 1870 5369 2169 5439; x_wconf 80' lang='lat' dir='ltr'><strong>bonitate</strong></span> <span class='ocrx_word' id='word_1_284' title='bbox 2244 5379 2676 5460; x_wconf 86' lang='lat' dir='ltr'><strong>recuperant,</strong></span> 
     </span>
     <span class='ocr_line' id='line_1_48' title="bbox 1121 5475 2672 5570; baseline 0.003 -26"><span class='ocrx_word' id='word_1_285' title='bbox 1121 5475 1302 5567; x_wconf 87' lang='lat' dir='ltr'><strong>quod</strong></span> <span class='ocrx_word' id='word_1_286' title='bbox 1359 5480 1741 5570; x_wconf 88' lang='lat' dir='ltr'><strong>quantitate</strong></span> <span class='ocrx_word' id='word_1_287' title='bbox 1798 5478 2214 5547; x_wconf 87' lang='lat' dir='ltr'><strong>diminutum</strong></span> <span class='ocrx_word' id='word_1_288' title='bbox 2281 5490 2382 5547; x_wconf 77' lang='lat' dir='ltr'><strong>est</strong></span> <span class='ocrx_word' id='word_1_289' title='bbox 2430 5481 2672 5549; x_wconf 84' lang='lat' dir='ltr'><strong>abeis.</strong></span> 
     </span>
     <span class='ocr_line' id='line_1_49' title="bbox 1115 5582 2681 5679; baseline 0.004 -28"><span class='ocrx_word' id='word_1_290' title='bbox 1115 5582 1467 5654; x_wconf 84' lang='lat' dir='ltr'><strong>Juncturae</strong></span> <span class='ocrx_word' id='word_1_291' title='bbox 1505 5596 1738 5655; x_wconf 87' lang='lat' dir='ltr'><strong>autem</strong></span> <span class='ocrx_word' id='word_1_292' title='bbox 1776 5586 2013 5676; x_wconf 85' lang='lat' dir='ltr'><strong>capitis</strong></span> <span class='ocrx_word' id='word_1_293' title='bbox 2041 5609 2198 5654; x_wconf 89' lang='lat' dir='ltr'><strong>cum</strong></span> <span class='ocrx_word' id='word_1_294' title='bbox 2231 5587 2526 5679; x_wconf 81' lang='lat' dir='ltr'><strong>spondili</strong></span> <span class='ocrx_word' id='word_1_295' title='bbox 2558 5613 2681 5657; x_wconf 89' lang='lat' dir='ltr'><strong>su-</strong></span> 
     </span>
     <span class='ocr_line' id='line_1_50' title="bbox 1121 5692 2681 5784; baseline 0.003 -25"><span class='ocrx_word' id='word_1_296' title='bbox 1121 5712 1243 5781; x_wconf 87' lang='lat' dir='ltr'><strong>per</strong></span> <span class='ocrx_word' id='word_1_297' title='bbox 1279 5713 1489 5784; x_wconf 86' lang='lat' dir='ltr'><strong>quam</strong></span> <span class='ocrx_word' id='word_1_298' title='bbox 1519 5694 1839 5773; x_wconf 86' lang='lat' dir='ltr'><strong>nectitur,</strong></span> <span class='ocrx_word' id='word_1_299' title='bbox 1881 5692 2020 5762; x_wconf 90' lang='lat' dir='ltr'><strong>duo</strong></span> <span class='ocrx_word' id='word_1_300' title='bbox 2049 5692 2322 5763; x_wconf 80' lang='lat' dir='ltr'><strong>fuerunt</strong></span> <span class='ocrx_word' id='word_1_301' title='bbox 2361 5717 2681 5764; x_wconf 80' lang='lat' dir='ltr'><strong>necessa-</strong></span> 
     </span>
    </p>
   </div>
   <div class='ocr_carea' id='block_1_4' title="bbox 2790 530 4376 5783">
    <p class='ocr_par' dir='ltr' id='par_1_5' title="bbox 2799 530 4376 1695">
     <span class='ocr_line' id='line_1_51' title="bbox 2812 530 4370 620; baseline 0.004 -25"><span class='ocrx_word' id='word_1_302' title='bbox 2812 531 2934 596; x_wconf 91' lang='lat' dir='ltr'><strong>ria.</strong></span> <span class='ocrx_word' id='word_1_303' title='bbox 2974 530 3204 596; x_wconf 88' lang='lat' dir='ltr'><strong>Unum</strong></span> <span class='ocrx_word' id='word_1_304' title='bbox 3247 552 3539 619; x_wconf 91' lang='lat' dir='ltr'><strong>quorum</strong></span> <span class='ocrx_word' id='word_1_305' title='bbox 3567 539 3666 598; x_wconf 87' lang='lat' dir='ltr'><strong>est</strong></span> <span class='ocrx_word' id='word_1_306' title='bbox 3697 530 3984 600; x_wconf 83' lang='lat' dir='ltr'><strong>firmitas</strong></span> <span class='ocrx_word' id='word_1_307' title='bbox 4006 533 4370 620; x_wconf 70' lang='lat' dir='ltr'><strong>juncturae,</strong></span> 
     </span>
     <span class='ocr_line' id='line_1_52' title="bbox 2810 638 4376 729; baseline 0.004 -26"><span class='ocrx_word' id='word_1_308' title='bbox 2810 644 2887 704; x_wconf 92' lang='lat' dir='ltr'><strong>ut</strong></span> <span class='ocrx_word' id='word_1_309' title='bbox 2923 638 3286 705; x_wconf 83' lang='lat' dir='ltr'><strong>difficulter</strong></span> <span class='ocrx_word' id='word_1_310' title='bbox 3312 640 3528 729; x_wconf 89' lang='lat' dir='ltr'><strong>possit</strong></span> <span class='ocrx_word' id='word_1_311' title='bbox 3569 640 3836 706; x_wconf 87' lang='lat' dir='ltr'><strong>moveri</strong></span> <span class='ocrx_word' id='word_1_312' title='bbox 3868 640 4175 708; x_wconf 88' lang='lat' dir='ltr'><strong>motibus</strong></span> <span class='ocrx_word' id='word_1_313' title='bbox 4213 643 4376 709; x_wconf 83' lang='lat' dir='ltr'><strong>vio-</strong></span> 
     </span>
     <span class='ocr_line' id='line_1_53' title="bbox 2810 743 4368 837; baseline 0.003 -26"><span class='ocrx_word' id='word_1_314' title='bbox 2810 743 3034 813; x_wconf 90' lang='lat' dir='ltr'><strong>lentis.</strong></span> <span class='ocrx_word' id='word_1_315' title='bbox 3089 745 3398 813; x_wconf 89' lang='lat' dir='ltr'><strong>Alterum</strong></span> <span class='ocrx_word' id='word_1_316' title='bbox 3447 756 3572 826; x_wconf 87' lang='lat' dir='ltr'><strong>est,</strong></span> <span class='ocrx_word' id='word_1_317' title='bbox 3609 746 3794 837; x_wconf 90' lang='lat' dir='ltr'><strong>qnod</strong></span> <span class='ocrx_word' id='word_1_318' title='bbox 3834 749 3971 814; x_wconf 87' lang='lat' dir='ltr'><strong>sint</strong></span> <span class='ocrx_word' id='word_1_319' title='bbox 4009 750 4185 817; x_wconf 89' lang='lat' dir='ltr'><strong>eirea</strong></span> <span class='ocrx_word' id='word_1_320' title='bbox 4216 770 4368 816; x_wconf 91' lang='lat' dir='ltr'><strong>eam</strong></span> 
     </span>
     <span class='ocr_line' id='line_1_54' title="bbox 2810 853 4372 946; baseline 0.001 -26"><span class='ocrx_word' id='word_1_321' title='bbox 2810 853 3009 920; x_wconf 90' lang='lat' dir='ltr'><strong>multi</strong></span> <span class='ocrx_word' id='word_1_322' title='bbox 3059 856 3246 921; x_wconf 89' lang='lat' dir='ltr'><strong>nervi</strong></span> <span class='ocrx_word' id='word_1_323' title='bbox 3301 857 3569 937; x_wconf 92' lang='lat' dir='ltr'><strong>motivi‚</strong></span> <span class='ocrx_word' id='word_1_324' title='bbox 3623 879 3707 923; x_wconf 80' lang='lat' dir='ltr'><strong>ex</strong></span> <span class='ocrx_word' id='word_1_325' title='bbox 3757 855 4007 946; x_wconf 89' lang='lat' dir='ltr'><strong>quibus</strong></span> <span class='ocrx_word' id='word_1_326' title='bbox 4054 864 4372 924; x_wconf 87' lang='lat' dir='ltr'><strong>causatur</strong></span> 
     </span>
     <span class='ocr_line' id='line_1_55' title="bbox 2807 962 4373 1051; baseline 0.001 -24"><span class='ocrx_word' id='word_1_327' title='bbox 2807 962 3091 1029; x_wconf 85' lang='lat' dir='ltr'><strong>facultas</strong></span> <span class='ocrx_word' id='word_1_328' title='bbox 3140 963 3462 1029; x_wconf 87' lang='lat' dir='ltr'><strong>movendi</strong></span> <span class='ocrx_word' id='word_1_329' title='bbox 3512 985 3631 1051; x_wconf 90' lang='lat' dir='ltr'><strong>per</strong></span> <span class='ocrx_word' id='word_1_330' title='bbox 3685 963 4140 1048; x_wconf 87' lang='lat' dir='ltr'><strong>voluntatem,</strong></span> <span class='ocrx_word' id='word_1_331' title='bbox 4184 972 4252 1032; x_wconf 91' lang='lat' dir='ltr'><strong>et</strong></span> <span class='ocrx_word' id='word_1_332' title='bbox 4295 970 4373 1030; x_wconf 93' lang='lat' dir='ltr'><strong>ut</strong></span> 
     </span>
     <span class='ocr_line' id='line_1_56' title="bbox 2809 1068 4361 1155; baseline 0 -20"><span class='ocrx_word' id='word_1_333' title='bbox 2809 1068 2965 1135; x_wconf 86' lang='lat' dir='ltr'><strong>laxa</strong></span> <span class='ocrx_word' id='word_1_334' title='bbox 2993 1069 3086 1135; x_wconf 89' lang='lat' dir='ltr'><strong>sit</strong></span> <span class='ocrx_word' id='word_1_335' title='bbox 3111 1069 3459 1155; x_wconf 87' lang='lat' dir='ltr'><strong>junctura.</strong></span> <span class='ocrx_word' id='word_1_336' title='bbox 3495 1068 3644 1135; x_wconf 87' lang='lat' dir='ltr'><strong>Hoc</strong></span> <span class='ocrx_word' id='word_1_337' title='bbox 3684 1069 3867 1136; x_wconf 89' lang='lat' dir='ltr'><strong>enim</strong></span> <span class='ocrx_word' id='word_1_338' title='bbox 3911 1091 4051 1135; x_wconf 94' lang='lat' dir='ltr'><strong>non</strong></span> <span class='ocrx_word' id='word_1_339' title='bbox 4101 1079 4361 1147; x_wconf 88' lang='lat' dir='ltr'><strong>movet,</strong></span> 
     </span>
     <span class='ocr_line' id='line_1_57' title="bbox 2810 1175 4360 1266; baseline 0.002 -23"><span class='ocrx_word' id='word_1_340' title='bbox 2810 1175 3083 1266; x_wconf 89' lang='lat' dir='ltr'><strong>quando</strong></span> <span class='ocrx_word' id='word_1_341' title='bbox 3150 1177 3296 1266; x_wconf 91' lang='lat' dir='ltr'><strong>ipsa</strong></span> <span class='ocrx_word' id='word_1_342' title='bbox 3335 1177 3662 1264; x_wconf 87' lang='lat' dir='ltr'><strong>junctura</strong></span> <span class='ocrx_word' id='word_1_343' title='bbox 3709 1186 3811 1244; x_wconf 87' lang='lat' dir='ltr'><strong>est</strong></span> <span class='ocrx_word' id='word_1_344' title='bbox 3857 1179 3929 1245; x_wconf 94' lang='lat' dir='ltr'><strong>in</strong></span> <span class='ocrx_word' id='word_1_345' title='bbox 3981 1199 4053 1245; x_wconf 90' lang='lat' dir='ltr'><strong>se</strong></span> <span class='ocrx_word' id='word_1_346' title='bbox 4110 1177 4360 1246; x_wconf 83' lang='lat' dir='ltr'><strong>firma:</strong></span> 
     </span>
     <span class='ocr_line' id='line_1_58' title="bbox 2807 1283 4360 1374; baseline 0.001 -26"><span class='ocrx_word' id='word_1_347' title='bbox 2807 1289 3085 1372; x_wconf 89' lang='lat' dir='ltr'><strong>propter</strong></span> <span class='ocrx_word' id='word_1_348' title='bbox 3140 1283 3322 1374; x_wconf 94' lang='lat' dir='ltr'><strong>quod</strong></span> <span class='ocrx_word' id='word_1_349' title='bbox 3378 1285 3584 1350; x_wconf 88' lang='lat' dir='ltr'><strong>etiam</strong></span> <span class='ocrx_word' id='word_1_350' title='bbox 3644 1283 3899 1351; x_wconf 89' lang='lat' dir='ltr'><strong>multos</strong></span> <span class='ocrx_word' id='word_1_351' title='bbox 3964 1292 4210 1352; x_wconf 90' lang='lat' dir='ltr'><strong>natura</strong></span> <span class='ocrx_word' id='word_1_352' title='bbox 4250 1285 4360 1352; x_wconf 88' lang='lat' dir='ltr'><strong>isti</strong></span> 
     </span>
     <span class='ocr_line' id='line_1_59' title="bbox 2799 1389 4364 1481; baseline 0.001 -26"><span class='ocrx_word' id='word_1_353' title='bbox 2799 1389 3141 1477; x_wconf 82' lang='lat' dir='ltr'><strong>juncturae</strong></span> <span class='ocrx_word' id='word_1_354' title='bbox 3239 1391 3730 1480; x_wconf 87' lang='lat' dir='ltr'><strong>circumposuit</strong></span> <span class='ocrx_word' id='word_1_355' title='bbox 3789 1391 4164 1467; x_wconf 85' lang='lat' dir='ltr'><strong>musculos,</strong></span> <span class='ocrx_word' id='word_1_356' title='bbox 4247 1392 4364 1481; x_wconf 91' lang='lat' dir='ltr'><strong>qui</strong></span> 
     </span>
     <span class='ocr_line' id='line_1_60' title="bbox 2808 1497 4365 1588; baseline 0.001 -24"><span class='ocrx_word' id='word_1_357' title='bbox 2808 1518 2959 1564; x_wconf 90' lang='lat' dir='ltr'><strong>eam</strong></span> <span class='ocrx_word' id='word_1_358' title='bbox 2990 1498 3273 1588; x_wconf 88' lang='lat' dir='ltr'><strong>cingunt</strong></span> <span class='ocrx_word' id='word_1_359' title='bbox 3301 1505 3367 1565; x_wconf 90' lang='lat' dir='ltr'><strong>et</strong></span> <span class='ocrx_word' id='word_1_360' title='bbox 3395 1497 3846 1565; x_wconf 87' lang='lat' dir='ltr'><strong>circumdant.</strong></span> <span class='ocrx_word' id='word_1_361' title='bbox 3882 1497 3970 1564; x_wconf 89' lang='lat' dir='ltr'><strong>Hi</strong></span> <span class='ocrx_word' id='word_1_362' title='bbox 4011 1520 4174 1588; x_wconf 84' lang='lat' dir='ltr'><strong>ergo</strong></span> <span class='ocrx_word' id='word_1_363' title='bbox 4204 1521 4365 1565; x_wconf 91' lang='lat' dir='ltr'><strong>mu-</strong></span> 
     </span>
     <span class='ocr_line' id='line_1_61' title="bbox 2807 1602 4152 1695; baseline 0.001 -24"><span class='ocrx_word' id='word_1_364' title='bbox 2807 1602 2977 1672; x_wconf 90' lang='lat' dir='ltr'><strong>sculi</strong></span> <span class='ocrx_word' id='word_1_365' title='bbox 3008 1605 3245 1695; x_wconf 89' lang='lat' dir='ltr'><strong>capitis</strong></span> <span class='ocrx_word' id='word_1_366' title='bbox 3275 1604 3472 1672; x_wconf 90' lang='lat' dir='ltr'><strong>dictis</strong></span> <span class='ocrx_word' id='word_1_367' title='bbox 3502 1604 3726 1672; x_wconf 91' lang='lat' dir='ltr'><strong>modis</strong></span> <span class='ocrx_word' id='word_1_368' title='bbox 3762 1612 4152 1674; x_wconf 86' lang='lat' dir='ltr'><strong>moventur.</strong></span> 
     </span>
    </p>

    <p class='ocr_par' dir='ltr' id='par_1_6' title="bbox 2792 1712 4371 4579">
     <span class='ocr_line' id='line_1_62' title="bbox 2895 1712 4363 1805; baseline 0.001 -25"><span class='ocrx_word' id='word_1_369' title='bbox 2895 1712 3257 1805; x_wconf 86' lang='lat' dir='ltr'><strong>Epiglottis</strong></span> <span class='ocrx_word' id='word_1_370' title='bbox 3304 1723 3536 1781; x_wconf 92' lang='lat' dir='ltr'><strong>autem</strong></span> <span class='ocrx_word' id='word_1_371' title='bbox 3594 1736 3745 1803; x_wconf 84' lang='lat' dir='ltr'><strong>quae</strong></span> <span class='ocrx_word' id='word_1_372' title='bbox 3777 1713 4167 1782; x_wconf 88' lang='lat' dir='ltr'><strong>membrum</strong></span> <span class='ocrx_word' id='word_1_373' title='bbox 4197 1723 4363 1804; x_wconf 84' lang='lat' dir='ltr'><strong>gut-</strong></span> 
     </span>
     <span class='ocr_line' id='line_1_63' title="bbox 2805 1819 4365 1899; baseline 0.001 -14"><span class='ocrx_word' id='word_1_374' title='bbox 2805 1822 2977 1888; x_wconf 89' lang='lat' dir='ltr'><strong>turis</strong></span> <span class='ocrx_word' id='word_1_375' title='bbox 3023 1827 3148 1899; x_wconf 90' lang='lat' dir='ltr'><strong>est,</strong></span> <span class='ocrx_word' id='word_1_376' title='bbox 3181 1819 3386 1888; x_wconf 88' lang='lat' dir='ltr'><strong>habet</strong></span> <span class='ocrx_word' id='word_1_377' title='bbox 3441 1820 3646 1887; x_wconf 89' lang='lat' dir='ltr'><strong>etiam</strong></span> <span class='ocrx_word' id='word_1_378' title='bbox 3705 1819 4055 1889; x_wconf 89' lang='lat' dir='ltr'><strong>musculos</strong></span> <span class='ocrx_word' id='word_1_379' title='bbox 4093 1844 4164 1887; x_wconf 88' lang='lat' dir='ltr'><strong>se</strong></span> <span class='ocrx_word' id='word_1_380' title='bbox 4204 1842 4365 1888; x_wconf 89' lang='lat' dir='ltr'><strong>mo-</strong></span> 
     </span>
     <span class='ocr_line' id='line_1_64' title="bbox 2806 1927 4363 2018; baseline 0.001 -23"><span class='ocrx_word' id='word_1_381' title='bbox 2806 1937 3081 1995; x_wconf 88' lang='lat' dir='ltr'><strong>ventes:</strong></span> <span class='ocrx_word' id='word_1_382' title='bbox 3139 1949 3436 2018; x_wconf 89' lang='lat' dir='ltr'><strong>quorum</strong></span> <span class='ocrx_word' id='word_1_383' title='bbox 3492 1950 3709 1995; x_wconf 91' lang='lat' dir='ltr'><strong>unum</strong></span> <span class='ocrx_word' id='word_1_384' title='bbox 3763 1927 4042 2018; x_wconf 91' lang='lat' dir='ltr'><strong>quidem</strong></span> <span class='ocrx_word' id='word_1_385' title='bbox 4085 1950 4207 2018; x_wconf 90' lang='lat' dir='ltr'><strong>par</strong></span> <span class='ocrx_word' id='word_1_386' title='bbox 4236 1936 4363 2012; x_wconf 86' lang='lat' dir='ltr'><strong>est,</strong></span> 
     </span>
     <span class='ocr_line' id='line_1_65' title="bbox 2805 2033 4371 2126; baseline 0 -22"><span class='ocrx_word' id='word_1_387' title='bbox 2805 2035 2993 2126; x_wconf 91' lang='lat' dir='ltr'><strong>quod</strong></span> <span class='ocrx_word' id='word_1_388' title='bbox 3048 2033 3133 2102; x_wconf 94' lang='lat' dir='ltr'><strong>ab</strong></span> <span class='ocrx_word' id='word_1_389' title='bbox 3185 2057 3338 2102; x_wconf 90' lang='lat' dir='ltr'><strong>osse</strong></span> <span class='ocrx_word' id='word_1_390' title='bbox 3393 2035 3615 2103; x_wconf 69' lang='lat' dir='ltr'><strong>laudm</strong></span> <span class='ocrx_word' id='word_1_391' title='bbox 3672 2038 3996 2112; x_wconf 87' lang='lat' dir='ltr'><strong>nascitur,</strong></span> <span class='ocrx_word' id='word_1_392' title='bbox 4058 2044 4125 2104; x_wconf 94' lang='lat' dir='ltr'><strong>et</strong></span> <span class='ocrx_word' id='word_1_393' title='bbox 4180 2036 4371 2104; x_wconf 88' lang='lat' dir='ltr'><strong>vadit</strong></span> 
     </span>
     <span class='ocr_line' id='line_1_66' title="bbox 2804 2141 4371 2234; baseline -0.001 -23"><span class='ocrx_word' id='word_1_394' title='bbox 2804 2143 2892 2211; x_wconf 90' lang='lat' dir='ltr'><strong>ad</strong></span> <span class='ocrx_word' id='word_1_395' title='bbox 2919 2143 3260 2211; x_wconf 88' lang='lat' dir='ltr'><strong>anteriora</strong></span> <span class='ocrx_word' id='word_1_396' title='bbox 3288 2142 3579 2232; x_wconf 90' lang='lat' dir='ltr'><strong>peltalis,</strong></span> <span class='ocrx_word' id='word_1_397' title='bbox 3613 2150 3680 2210; x_wconf 90' lang='lat' dir='ltr'><strong>et</strong></span> <span class='ocrx_word' id='word_1_398' title='bbox 3717 2141 4127 2232; x_wconf 81' lang='lat' dir='ltr'><strong>expanditur</strong></span> <span class='ocrx_word' id='word_1_399' title='bbox 4164 2166 4371 2234; x_wconf 88' lang='lat' dir='ltr'><strong>super</strong></span> 
     </span>
     <span class='ocr_line' id='line_1_67' title="bbox 2802 2248 4368 2342; baseline 0 -25"><span class='ocrx_word' id='word_1_400' title='bbox 2802 2251 3049 2340; x_wconf 88' lang='lat' dir='ltr'><strong>ipsam,</strong></span> <span class='ocrx_word' id='word_1_401' title='bbox 3082 2258 3146 2317; x_wconf 93' lang='lat' dir='ltr'><strong>et</strong></span> <span class='ocrx_word' id='word_1_402' title='bbox 3175 2250 3639 2318; x_wconf 87' lang='lat' dir='ltr'><strong>contractione</strong></span> <span class='ocrx_word' id='word_1_403' title='bbox 3679 2272 3804 2317; x_wconf 89' lang='lat' dir='ltr'><strong>sua</strong></span> <span class='ocrx_word' id='word_1_404' title='bbox 3832 2248 4044 2318; x_wconf 88' lang='lat' dir='ltr'><strong>trahit</strong></span> <span class='ocrx_word' id='word_1_405' title='bbox 4079 2251 4368 2342; x_wconf 78' lang='lat' dir='ltr'><strong>cymba-</strong></span> 
     </span>
     <span class='ocr_line' id='line_1_68' title="bbox 2799 2357 4361 2449; baseline 0.001 -24"><span class='ocrx_word' id='word_1_406' title='bbox 2799 2357 3015 2427; x_wconf 91' lang='lat' dir='ltr'><strong>larem</strong></span> <span class='ocrx_word' id='word_1_407' title='bbox 3055 2359 3140 2426; x_wconf 85' lang='lat' dir='ltr'><strong>ad</strong></span> <span class='ocrx_word' id='word_1_408' title='bbox 3168 2359 3488 2427; x_wconf 87' lang='lat' dir='ltr'><strong>interiora</strong></span> <span class='ocrx_word' id='word_1_409' title='bbox 3522 2366 3590 2426; x_wconf 93' lang='lat' dir='ltr'><strong>et</strong></span> <span class='ocrx_word' id='word_1_410' title='bbox 3628 2361 3975 2427; x_wconf 90' lang='lat' dir='ltr'><strong>anteriora</strong></span> <span class='ocrx_word' id='word_1_411' title='bbox 4013 2360 4361 2449; x_wconf 83' lang='lat' dir='ltr'><strong>gutturis:</strong></span> 
     </span>
     <span class='ocr_line' id='line_1_69' title="bbox 2801 2465 4352 2558; baseline -0.001 -23"><span class='ocrx_word' id='word_1_412' title='bbox 2801 2476 2868 2536; x_wconf 90' lang='lat' dir='ltr'><strong>et</strong></span> <span class='ocrx_word' id='word_1_413' title='bbox 2897 2477 3061 2537; x_wconf 92' lang='lat' dir='ltr'><strong>tunc</strong></span> <span class='ocrx_word' id='word_1_414' title='bbox 3096 2468 3417 2536; x_wconf 90' lang='lat' dir='ltr'><strong>dilatatur</strong></span> <span class='ocrx_word' id='word_1_415' title='bbox 3453 2468 3825 2558; x_wconf 80' lang='lat' dir='ltr'><strong>epiglottis.</strong></span> <span class='ocrx_word' id='word_1_416' title='bbox 3859 2466 3948 2533; x_wconf 89' lang='lat' dir='ltr'><strong>Et</strong></span> <span class='ocrx_word' id='word_1_417' title='bbox 3970 2465 4352 2535; x_wconf 87' lang='lat' dir='ltr'><strong>secundum</strong></span> 
     </span>
     <span class='ocr_line' id='line_1_70' title="bbox 2802 2570 4364 2665; baseline -0.001 -23"><span class='ocrx_word' id='word_1_418' title='bbox 2802 2583 2905 2643; x_wconf 89' lang='lat' dir='ltr'><strong>est</strong></span> <span class='ocrx_word' id='word_1_419' title='bbox 2940 2597 3064 2665; x_wconf 91' lang='lat' dir='ltr'><strong>par</strong></span> <span class='ocrx_word' id='word_1_420' title='bbox 3088 2597 3329 2652; x_wconf 89' lang='lat' dir='ltr'><strong>unum,</strong></span> <span class='ocrx_word' id='word_1_421' title='bbox 3363 2574 3551 2664; x_wconf 86' lang='lat' dir='ltr'><strong>quod</strong></span> <span class='ocrx_word' id='word_1_422' title='bbox 3583 2582 3812 2641; x_wconf 89' lang='lat' dir='ltr'><strong>tamen</strong></span> <span class='ocrx_word' id='word_1_423' title='bbox 3840 2570 4142 2640; x_wconf 83' lang='lat' dir='ltr'><strong>Galenus</strong></span> <span class='ocrx_word' id='word_1_424' title='bbox 4186 2572 4364 2640; x_wconf 89' lang='lat' dir='ltr'><strong>inter</strong></span> 
     </span>
     <span class='ocr_line' id='line_1_71' title="bbox 2802 2680 4360 2772; baseline -0.001 -22"><span class='ocrx_word' id='word_1_425' title='bbox 2802 2682 3150 2751; x_wconf 89' lang='lat' dir='ltr'><strong>musculos</strong></span> <span class='ocrx_word' id='word_1_426' title='bbox 3206 2683 3382 2772; x_wconf 80' lang='lat' dir='ltr'><strong>gulae</strong></span> <span class='ocrx_word' id='word_1_427' title='bbox 3448 2689 3793 2759; x_wconf 88' lang='lat' dir='ltr'><strong>numerat,</strong></span> <span class='ocrx_word' id='word_1_428' title='bbox 3857 2689 3924 2749; x_wconf 90' lang='lat' dir='ltr'><strong>et</strong></span> <span class='ocrx_word' id='word_1_429' title='bbox 3980 2680 4360 2750; x_wconf 87' lang='lat' dir='ltr'><strong>secundum</strong></span> 
     </span>
     <span class='ocr_line' id='line_1_72' title="bbox 2799 2787 4368 2878; baseline -0.001 -21"><span class='ocrx_word' id='word_1_430' title='bbox 2799 2790 3157 2859; x_wconf 89' lang='lat' dir='ltr'><strong>veritatem</strong></span> <span class='ocrx_word' id='word_1_431' title='bbox 3188 2797 3288 2857; x_wconf 92' lang='lat' dir='ltr'><strong>est</strong></span> <span class='ocrx_word' id='word_1_432' title='bbox 3316 2809 3685 2857; x_wconf 89' lang='lat' dir='ltr'><strong>commune</strong></span> <span class='ocrx_word' id='word_1_433' title='bbox 3723 2788 3903 2878; x_wconf 85' lang='lat' dir='ltr'><strong>gulae</strong></span> <span class='ocrx_word' id='word_1_434' title='bbox 3952 2796 4023 2856; x_wconf 90' lang='lat' dir='ltr'><strong>et</strong></span> <span class='ocrx_word' id='word_1_435' title='bbox 4063 2787 4368 2878; x_wconf 79' lang='lat' dir='ltr'><strong>epiglot-</strong></span> 
     </span>
     <span class='ocr_line' id='line_1_73' title="bbox 2799 2893 4366 2986; baseline 0 -23"><span class='ocrx_word' id='word_1_436' title='bbox 2799 2896 2948 2980; x_wconf 88' lang='lat' dir='ltr'><strong>tidi,</strong></span> <span class='ocrx_word' id='word_1_437' title='bbox 2982 2896 3176 2985; x_wconf 90' lang='lat' dir='ltr'><strong>cujus</strong></span> <span class='ocrx_word' id='word_1_438' title='bbox 3205 2897 3397 2986; x_wconf 78' lang='lat' dir='ltr'><strong>origo</strong></span> <span class='ocrx_word' id='word_1_439' title='bbox 3427 2904 3530 2963; x_wconf 89' lang='lat' dir='ltr'><strong>est</strong></span> <span class='ocrx_word' id='word_1_440' title='bbox 3567 2895 3638 2963; x_wconf 88' lang='lat' dir='ltr'><strong>in</strong></span> <span class='ocrx_word' id='word_1_441' title='bbox 3667 2893 3976 2974; x_wconf 86' lang='lat' dir='ltr'><strong>thorace,</strong></span> <span class='ocrx_word' id='word_1_442' title='bbox 4021 2903 4090 2963; x_wconf 91' lang='lat' dir='ltr'><strong>et</strong></span> <span class='ocrx_word' id='word_1_443' title='bbox 4125 2903 4366 2964; x_wconf 84' lang='lat' dir='ltr'><strong>exten-</strong></span> 
     </span>
     <span class='ocr_line' id='line_1_74' title="bbox 2800 3002 4363 3095; baseline -0.001 -24"><span class='ocrx_word' id='word_1_444' title='bbox 2800 3004 2983 3072; x_wconf 89' lang='lat' dir='ltr'><strong>ditur</strong></span> <span class='ocrx_word' id='word_1_445' title='bbox 3036 3004 3124 3072; x_wconf 88' lang='lat' dir='ltr'><strong>ad</strong></span> <span class='ocrx_word' id='word_1_446' title='bbox 3186 3002 3535 3095; x_wconf 82' lang='lat' dir='ltr'><strong>peltalem,</strong></span> <span class='ocrx_word' id='word_1_447' title='bbox 3588 3010 3655 3070; x_wconf 90' lang='lat' dir='ltr'><strong>et</strong></span> <span class='ocrx_word' id='word_1_448' title='bbox 3707 3002 4175 3071; x_wconf 88' lang='lat' dir='ltr'><strong>contractione</strong></span> <span class='ocrx_word' id='word_1_449' title='bbox 4238 3026 4363 3070; x_wconf 83' lang='lat' dir='ltr'><strong>sua</strong></span> 
     </span>
     <span class='ocr_line' id='line_1_75' title="bbox 2800 3109 4364 3204; baseline -0.001 -25"><span class='ocrx_word' id='word_1_450' title='bbox 2800 3113 3017 3204; x_wconf 90' lang='lat' dir='ltr'><strong>aperit</strong></span> <span class='ocrx_word' id='word_1_451' title='bbox 3043 3111 3154 3180; x_wconf 90' lang='lat' dir='ltr'><strong>vel</strong></span> <span class='ocrx_word' id='word_1_452' title='bbox 3182 3110 3464 3203; x_wconf 90' lang='lat' dir='ltr'><strong>adjuvat</strong></span> <span class='ocrx_word' id='word_1_453' title='bbox 3485 3109 3872 3201; x_wconf 88' lang='lat' dir='ltr'><strong>incipiendo</strong></span> <span class='ocrx_word' id='word_1_454' title='bbox 3910 3110 4210 3200; x_wconf 88' lang='lat' dir='ltr'><strong>primum</strong></span> <span class='ocrx_word' id='word_1_455' title='bbox 4242 3133 4364 3202; x_wconf 89' lang='lat' dir='ltr'><strong>par</strong></span> 
     </span>
     <span class='ocr_line' id='line_1_76' title="bbox 2800 3217 4358 3313; baseline 0 -25"><span class='ocrx_word' id='word_1_456' title='bbox 2800 3221 2883 3288; x_wconf 91' lang='lat' dir='ltr'><strong>de</strong></span> <span class='ocrx_word' id='word_1_457' title='bbox 2939 3245 3079 3313; x_wconf 92' lang='lat' dir='ltr'><strong>quo</strong></span> <span class='ocrx_word' id='word_1_458' title='bbox 3145 3221 3467 3289; x_wconf 86' lang='lat' dir='ltr'><strong>diximus.</strong></span> <span class='ocrx_word' id='word_1_459' title='bbox 3529 3218 3609 3287; x_wconf 91' lang='lat' dir='ltr'><strong>ln</strong></span> <span class='ocrx_word' id='word_1_460' title='bbox 3685 3217 4066 3288; x_wconf 88' lang='lat' dir='ltr'><strong>multorum</strong></span> <span class='ocrx_word' id='word_1_461' title='bbox 4125 3229 4358 3289; x_wconf 88' lang='lat' dir='ltr'><strong>autem</strong></span> 
     </span>
     <span class='ocr_line' id='line_1_77' title="bbox 2798 3326 4353 3419; baseline 0.001 -24"><span class='ocrx_word' id='word_1_462' title='bbox 2798 3329 3202 3397; x_wconf 87' lang='lat' dir='ltr'><strong>animalium</strong></span> <span class='ocrx_word' id='word_1_463' title='bbox 3229 3326 3628 3419; x_wconf 79' lang='lat' dir='ltr'><strong>epiglottide</strong></span> <span class='ocrx_word' id='word_1_464' title='bbox 3666 3335 3829 3394; x_wconf 89' lang='lat' dir='ltr'><strong>sunt</strong></span> <span class='ocrx_word' id='word_1_465' title='bbox 3854 3327 4056 3417; x_wconf 87' lang='lat' dir='ltr'><strong>plura</strong></span> <span class='ocrx_word' id='word_1_466' title='bbox 4119 3328 4308 3417; x_wconf 88' lang='lat' dir='ltr'><strong>paria</strong></span> <span class='ocrx_word' id='word_1_467' title='bbox 4336 3351 4353 3396; x_wconf 79' lang='lat' dir='ltr'><em>z</em></span> 
     </span>
     <span class='ocr_line' id='line_1_78' title="bbox 2799 3432 4358 3528; baseline -0.003 -23"><span class='ocrx_word' id='word_1_468' title='bbox 2799 3435 2984 3528; x_wconf 85' lang='lat' dir='ltr'><strong>quod</strong></span> <span class='ocrx_word' id='word_1_469' title='bbox 3032 3433 3565 3527; x_wconf 85' lang='lat' dir='ltr'><strong>deprehenditur</strong></span> <span class='ocrx_word' id='word_1_470' title='bbox 3623 3456 3709 3502; x_wconf 82' lang='lat' dir='ltr'><strong>ex</strong></span> <span class='ocrx_word' id='word_1_471' title='bbox 3770 3432 4007 3502; x_wconf 85' lang='lat' dir='ltr'><strong>multis</strong></span> <span class='ocrx_word' id='word_1_472' title='bbox 4054 3433 4358 3501; x_wconf 88' lang='lat' dir='ltr'><strong>motibus</strong></span> 
     </span>
     <span class='ocr_line' id='line_1_79' title="bbox 2797 3537 4353 3637; baseline -0.003 -25"><span class='ocrx_word' id='word_1_473' title='bbox 2797 3550 3155 3637; x_wconf 79' lang='lat' dir='ltr'><strong>guttarum</strong></span> <span class='ocrx_word' id='word_1_474' title='bbox 3240 3563 3481 3610; x_wconf 89' lang='lat' dir='ltr'><strong>eorum</strong></span> <span class='ocrx_word' id='word_1_475' title='bbox 3574 3540 3756 3609; x_wconf 88' lang='lat' dir='ltr'><strong>circa</strong></span> <span class='ocrx_word' id='word_1_476' title='bbox 3829 3537 4300 3631; x_wconf 81' lang='lat' dir='ltr'><strong>epiglottidem</strong></span> <span class='ocrx_word' id='word_1_477' title='bbox 4335 3562 4353 3607; x_wconf 72' lang='grc' dir='ltr'><strong><em>ε</em></strong></span> 
     </span>
     <span class='ocr_line' id='line_1_80' title="bbox 2798 3644 4353 3743; baseline -0.003 -24"><span class='ocrx_word' id='word_1_478' title='bbox 2798 3672 2952 3743; x_wconf 76' lang='lat' dir='ltr'><strong>quae</strong></span> <span class='ocrx_word' id='word_1_479' title='bbox 3007 3650 3198 3741; x_wconf 87' lang='lat' dir='ltr'><strong>paria</strong></span> <span class='ocrx_word' id='word_1_480' title='bbox 3260 3648 3674 3740; x_wconf 87' lang='lat' dir='ltr'><strong>perveniunt</strong></span> <span class='ocrx_word' id='word_1_481' title='bbox 3736 3644 3823 3715; x_wconf 87' lang='lat' dir='ltr'><strong>ad</strong></span> <span class='ocrx_word' id='word_1_482' title='bbox 3888 3644 4353 3738; x_wconf 78' lang='lat' dir='ltr'><strong>cymbalamm</strong></span> 
     </span>
     <span class='ocr_line' id='line_1_81' title="bbox 2796 3751 4358 3850; baseline -0.004 -24"><span class='ocrx_word' id='word_1_483' title='bbox 2796 3757 3161 3850; x_wconf 88' lang='lat' dir='ltr'><strong>posterius,</strong></span> <span class='ocrx_word' id='word_1_484' title='bbox 3222 3764 3289 3824; x_wconf 91' lang='lat' dir='ltr'><strong>et</strong></span> <span class='ocrx_word' id='word_1_485' title='bbox 3352 3754 3823 3824; x_wconf 88' lang='lat' dir='ltr'><strong>contractione</strong></span> <span class='ocrx_word' id='word_1_486' title='bbox 3886 3775 4014 3822; x_wconf 84' lang='lat' dir='ltr'><strong>sua</strong></span> <span class='ocrx_word' id='word_1_487' title='bbox 4085 3751 4358 3821; x_wconf 85' lang='lat' dir='ltr'><strong>elevant</strong></span> 
     </span>
     <span class='ocr_line' id='line_1_82' title="bbox 2797 3860 4357 3951; baseline -0.003 -18"><span class='ocrx_word' id='word_1_488' title='bbox 2797 3887 2952 3933; x_wconf 86' lang='lat' dir='ltr'><strong>eam</strong></span> <span class='ocrx_word' id='word_1_489' title='bbox 2999 3872 3068 3933; x_wconf 89' lang='lat' dir='ltr'><strong>et</strong></span> <span class='ocrx_word' id='word_1_490' title='bbox 3129 3860 3414 3931; x_wconf 89' lang='lat' dir='ltr'><strong>trahunt</strong></span> <span class='ocrx_word' id='word_1_491' title='bbox 3476 3860 3563 3930; x_wconf 90' lang='lat' dir='ltr'><strong>ad</strong></span> <span class='ocrx_word' id='word_1_492' title='bbox 3620 3860 4003 3951; x_wconf 85' lang='lat' dir='ltr'><strong>posteriora</strong></span> <span class='ocrx_word' id='word_1_493' title='bbox 4044 3869 4166 3929; x_wconf 83' lang='lat' dir='ltr'><strong>:et</strong></span> <span class='ocrx_word' id='word_1_494' title='bbox 4191 3867 4357 3928; x_wconf 88' lang='lat' dir='ltr'><strong>tunc</strong></span> 
     </span>
     <span class='ocr_line' id='line_1_83' title="bbox 2794 3965 4356 4062; baseline -0.003 -22"><span class='ocrx_word' id='word_1_495' title='bbox 2794 3979 3151 4062; x_wconf 77' lang='lat' dir='ltr'><strong>separatur</strong></span> <span class='ocrx_word' id='word_1_496' title='bbox 3175 3966 3613 4060; x_wconf 80' lang='lat' dir='ltr'><strong>cymbalaris,</strong></span> <span class='ocrx_word' id='word_1_497' title='bbox 3647 3966 3741 4034; x_wconf 86' lang='lat' dir='ltr'><strong>ita</strong></span> <span class='ocrx_word' id='word_1_498' title='bbox 3798 3965 3983 4057; x_wconf 85' lang='lat' dir='ltr'><strong>quod</strong></span> <span class='ocrx_word' id='word_1_499' title='bbox 4027 3988 4168 4034; x_wconf 88' lang='lat' dir='ltr'><strong>non</strong></span> <span class='ocrx_word' id='word_1_500' title='bbox 4222 3989 4356 4035; x_wconf 89' lang='lat' dir='ltr'><strong>co-</strong></span> 
     </span>
     <span class='ocr_line' id='line_1_84' title="bbox 2796 4071 4349 4171; baseline -0.005 -23"><span class='ocrx_word' id='word_1_501' title='bbox 2796 4078 3019 4171; x_wconf 87' lang='lat' dir='ltr'><strong>operit</strong></span> <span class='ocrx_word' id='word_1_502' title='bbox 3051 4074 3471 4169; x_wconf 89' lang='lat' dir='ltr'><strong>peltalem,et</strong></span> <span class='ocrx_word' id='word_1_503' title='bbox 3499 4074 3595 4144; x_wconf 87' lang='lat' dir='ltr'><strong>sic</strong></span> <span class='ocrx_word' id='word_1_504' title='bbox 3625 4073 3952 4142; x_wconf 89' lang='lat' dir='ltr'><strong>dilatatur</strong></span> <span class='ocrx_word' id='word_1_505' title='bbox 3978 4071 4349 4164; x_wconf 83' lang='lat' dir='ltr'><strong>epiglottis.</strong></span> 
     </span>
     <span class='ocr_line' id='line_1_85' title="bbox 2792 4177 4357 4276; baseline -0.007 -21"><span class='ocrx_word' id='word_1_506' title='bbox 2792 4186 2882 4255; x_wconf 84' lang='lat' dir='ltr'><strong>Et</strong></span> <span class='ocrx_word' id='word_1_507' title='bbox 2917 4183 3197 4276; x_wconf 87' lang='lat' dir='ltr'><strong>quidam</strong></span> <span class='ocrx_word' id='word_1_508' title='bbox 3237 4183 3306 4249; x_wconf 92' lang='lat' dir='ltr'><strong>in</strong></span> <span class='ocrx_word' id='word_1_509' title='bbox 3345 4180 3706 4251; x_wconf 84' lang='lat' dir='ltr'><strong>latitudine</strong></span> <span class='ocrx_word' id='word_1_510' title='bbox 3752 4177 4132 4248; x_wconf 75' lang='lat' dir='ltr'><strong>extendunt</strong></span> <span class='ocrx_word' id='word_1_511' title='bbox 4168 4199 4357 4269; x_wconf 75' lang='lat' dir='ltr'><strong>cym-</strong></span> 
     </span>
     <span class='ocr_line' id='line_1_86' title="bbox 2793 4284 4348 4380; baseline -0.006 -18"><span class='ocrx_word' id='word_1_512' title='bbox 2793 4292 3098 4362; x_wconf 89' lang='lat' dir='ltr'><strong>balarem</strong></span> <span class='ocrx_word' id='word_1_513' title='bbox 3128 4300 3198 4360; x_wconf 92' lang='lat' dir='ltr'><strong>et</strong></span> <span class='ocrx_word' id='word_1_514' title='bbox 3215 4290 3465 4379; x_wconf 89' lang='lat' dir='ltr'><strong>juvant</strong></span> <span class='ocrx_word' id='word_1_515' title='bbox 3503 4297 3580 4356; x_wconf 93' lang='lat' dir='ltr'><strong>ut</strong></span> <span class='ocrx_word' id='word_1_516' title='bbox 3615 4286 3966 4380; x_wconf 82' lang='lat' dir='ltr'><strong>epiglottis</strong></span> <span class='ocrx_word' id='word_1_517' title='bbox 3995 4284 4348 4354; x_wconf 87' lang='lat' dir='ltr'><strong>dilatetur:</strong></span> 
     </span>
     <span class='ocr_line' id='line_1_87' title="bbox 2792 4392 4352 4492; baseline -0.006 -21"><span class='ocrx_word' id='word_1_518' title='bbox 2792 4410 2861 4471; x_wconf 85' lang='lat' dir='ltr'><strong>et</strong></span> <span class='ocrx_word' id='word_1_519' title='bbox 2897 4400 2967 4470; x_wconf 88' lang='lat' dir='ltr'><strong>bi</strong></span> <span class='ocrx_word' id='word_1_520' title='bbox 3025 4399 3303 4492; x_wconf 77' lang='lat' dir='ltr'><strong>quidem</strong></span> <span class='ocrx_word' id='word_1_521' title='bbox 3350 4405 3512 4467; x_wconf 83' lang='lat' dir='ltr'><strong>sunt</strong></span> <span class='ocrx_word' id='word_1_522' title='bbox 3536 4397 3657 4490; x_wconf 90' lang='lat' dir='ltr'><strong>qui</strong></span> <span class='ocrx_word' id='word_1_523' title='bbox 3684 4392 4162 4487; x_wconf 79' lang='lat' dir='ltr'><strong>epiglottidem</strong></span> <span class='ocrx_word' id='word_1_524' title='bbox 4190 4414 4352 4483; x_wconf 87' lang='lat' dir='ltr'><strong>ape·</strong></span> 
     </span>
     <span class='ocr_line' id='line_1_88' title="bbox 2794 4506 3416 4579; baseline -0.008 0"><span class='ocrx_word' id='word_1_525' title='bbox 2794 4510 2980 4579; x_wconf 89' lang='lat' dir='ltr'><strong>riunt</strong></span> <span class='ocrx_word' id='word_1_526' title='bbox 3007 4516 3079 4579; x_wconf 85' lang='lat' dir='ltr'><strong>et</strong></span> <span class='ocrx_word' id='word_1_527' title='bbox 3107 4506 3416 4576; x_wconf 87' lang='lat' dir='ltr'><strong>dilatant.</strong></span> 
     </span>
    </p>

    <p class='ocr_par' dir='ltr' id='par_1_7' title="bbox 2790 4618 4354 5783">
     <span class='ocr_line' id='line_1_89' title="bbox 2886 4618 4351 4711; baseline -0.005 -20"><span class='ocrx_word' id='word_1_528' title='bbox 2886 4627 3024 4695; x_wconf 82' lang='lat' dir='ltr'><strong>Sex</strong></span> <span class='ocrx_word' id='word_1_529' title='bbox 3052 4631 3282 4693; x_wconf 90' lang='lat' dir='ltr'><strong>autem</strong></span> <span class='ocrx_word' id='word_1_530' title='bbox 3310 4629 3472 4691; x_wconf 88' lang='lat' dir='ltr'><strong>sunt</strong></span> <span class='ocrx_word' id='word_1_531' title='bbox 3509 4618 3804 4689; x_wconf 84' lang='lat' dir='ltr'><strong>musculi</strong></span> <span class='ocrx_word' id='word_1_532' title='bbox 3834 4620 3955 4711; x_wconf 87' lang='lat' dir='ltr'><strong>qui</strong></span> <span class='ocrx_word' id='word_1_533' title='bbox 3994 4638 4148 4686; x_wconf 88' lang='lat' dir='ltr'><strong>eam</strong></span> <span class='ocrx_word' id='word_1_534' title='bbox 4177 4637 4351 4685; x_wconf 87' lang='lat' dir='ltr'><strong>con-</strong></span> 
     </span>
     <span class='ocr_line' id='line_1_90' title="bbox 2790 4722 4350 4825; baseline -0.007 -23"><span class='ocrx_word' id='word_1_535' title='bbox 2790 4736 3137 4825; x_wconf 79' lang='lat' dir='ltr'><strong>stringunt</strong></span> <span class='ocrx_word' id='word_1_536' title='bbox 3171 4754 3187 4800; x_wconf 75' lang='grc' dir='ltr'><strong><em>ε</em></strong></span> <span class='ocrx_word' id='word_1_537' title='bbox 3219 4754 3305 4798; x_wconf 82' lang='lat' dir='ltr'><strong>ex</strong></span> <span class='ocrx_word' id='word_1_538' title='bbox 3333 4728 3587 4821; x_wconf 78' lang='lat' dir='ltr'><strong>quibus</strong></span> <span class='ocrx_word' id='word_1_539' title='bbox 3612 4737 3719 4796; x_wconf 81' lang='lat' dir='ltr'><strong>est</strong></span> <span class='ocrx_word' id='word_1_540' title='bbox 3759 4749 3978 4795; x_wconf 88' lang='lat' dir='ltr'><strong>unum</strong></span> <span class='ocrx_word' id='word_1_541' title='bbox 4016 4746 4141 4816; x_wconf 87' lang='lat' dir='ltr'><strong>par</strong></span> <span class='ocrx_word' id='word_1_542' title='bbox 4163 4722 4350 4815; x_wconf 88' lang='lat' dir='ltr'><strong>quod</strong></span> 
     </span>
     <span class='ocr_line' id='line_1_91' title="bbox 2792 4831 4353 4912; baseline -0.007 -2"><span class='ocrx_word' id='word_1_543' title='bbox 2792 4844 3014 4910; x_wconf 89' lang='lat' dir='ltr'><strong>oritur</strong></span> <span class='ocrx_word' id='word_1_544' title='bbox 3050 4840 3136 4908; x_wconf 87' lang='lat' dir='ltr'><strong>ab</strong></span> <span class='ocrx_word' id='word_1_545' title='bbox 3165 4860 3319 4907; x_wconf 87' lang='lat' dir='ltr'><strong>osse</strong></span> <span class='ocrx_word' id='word_1_546' title='bbox 3344 4837 3566 4906; x_wconf 75' lang='lat' dir='ltr'><strong>laudae</strong></span> <span class='ocrx_word' id='word_1_547' title='bbox 3603 4835 3814 4912; x_wconf 89' lang='lat' dir='ltr'><strong>dicto,</strong></span> <span class='ocrx_word' id='word_1_548' title='bbox 3856 4842 3927 4903; x_wconf 91' lang='lat' dir='ltr'><strong>et</strong></span> <span class='ocrx_word' id='word_1_549' title='bbox 3958 4831 4353 4903; x_wconf 84' lang='lat' dir='ltr'><strong>extenditur</strong></span> 
     </span>
     <span class='ocr_line' id='line_1_92' title="bbox 2792 4941 4354 5041; baseline -0.007 -24"><span class='ocrx_word' id='word_1_550' title='bbox 2792 4949 2877 5018; x_wconf 88' lang='lat' dir='ltr'><strong>ad</strong></span> <span class='ocrx_word' id='word_1_551' title='bbox 2907 4945 3254 5041; x_wconf 87' lang='lat' dir='ltr'><strong>peltalem,</strong></span> <span class='ocrx_word' id='word_1_552' title='bbox 3286 4953 3355 5014; x_wconf 90' lang='lat' dir='ltr'><strong>et</strong></span> <span class='ocrx_word' id='word_1_553' title='bbox 3383 4944 3706 5013; x_wconf 85' lang='lat' dir='ltr'><strong>recedens</strong></span> <span class='ocrx_word' id='word_1_554' title='bbox 3745 4941 4094 5034; x_wconf 81' lang='lat' dir='ltr'><strong>spargitur</strong></span> <span class='ocrx_word' id='word_1_555' title='bbox 4147 4962 4354 5029; x_wconf 80' lang='lat' dir='ltr'><strong>super</strong></span> 
     </span>
     <span class='ocr_line' id='line_1_93' title="bbox 2793 5042 4352 5130; baseline -0.006 -8"><span class='ocrx_word' id='word_1_556' title='bbox 2793 5053 3326 5130; x_wconf 88' lang='lat' dir='ltr'><strong>innominatum,</strong></span> <span class='ocrx_word' id='word_1_557' title='bbox 3403 5059 3473 5120; x_wconf 88' lang='lat' dir='ltr'><strong>et</strong></span> <span class='ocrx_word' id='word_1_558' title='bbox 3539 5048 3984 5118; x_wconf 89' lang='lat' dir='ltr'><strong>continuatur</strong></span> <span class='ocrx_word' id='word_1_559' title='bbox 4039 5042 4151 5114; x_wconf 82' lang='lat' dir='ltr'><strong>isti</strong></span> <span class='ocrx_word' id='word_1_560' title='bbox 4196 5066 4214 5112; x_wconf 88' lang='lat'>:</span> <span class='ocrx_word' id='word_1_561' title='bbox 4281 5052 4352 5113; x_wconf 90' lang='lat' dir='ltr'><strong>et</strong></span> 
     </span>
     <span class='ocr_line' id='line_1_94' title="bbox 2790 5150 4352 5246; baseline -0.009 -15"><span class='ocrx_word' id='word_1_562' title='bbox 2790 5184 2950 5231; x_wconf 91' lang='lat' dir='ltr'><strong>cum</strong></span> <span class='ocrx_word' id='word_1_563' title='bbox 2996 5156 3448 5239; x_wconf 83' lang='lat' dir='ltr'><strong>contrahitur,</strong></span> <span class='ocrx_word' id='word_1_564' title='bbox 3481 5154 3739 5225; x_wconf 90' lang='lat' dir='ltr'><strong>claudit</strong></span> <span class='ocrx_word' id='word_1_565' title='bbox 3767 5150 4241 5246; x_wconf 84' lang='lat' dir='ltr'><strong>epiglottidem</strong></span> <span class='ocrx_word' id='word_1_566' title='bbox 4283 5157 4352 5218; x_wconf 91' lang='lat' dir='ltr'><strong>et</strong></span> 
     </span>
     <span class='ocr_line' id='line_1_95' title="bbox 2791 5254 4345 5357; baseline -0.008 -22"><span class='ocrx_word' id='word_1_567' title='bbox 2791 5272 3220 5357; x_wconf 82' lang='lat' dir='ltr'><strong>coangustat.</strong></span> <span class='ocrx_word' id='word_1_568' title='bbox 3253 5263 3390 5331; x_wconf 85' lang='lat' dir='ltr'><strong>Alii</strong></span> <span class='ocrx_word' id='word_1_569' title='bbox 3428 5271 3660 5331; x_wconf 90' lang='lat' dir='ltr'><strong>autem</strong></span> <span class='ocrx_word' id='word_1_570' title='bbox 3700 5270 3997 5352; x_wconf 85' lang='lat' dir='ltr'><strong>quatuor</strong></span> <span class='ocrx_word' id='word_1_571' title='bbox 4025 5254 4345 5335; x_wconf 83' lang='lat' dir='ltr'><strong>musculi,</strong></span> 
     </span>
     <span class='ocr_line' id='line_1_96' title="bbox 2791 5361 4350 5466; baseline -0.008 -23"><span class='ocrx_word' id='word_1_572' title='bbox 2791 5376 2911 5466; x_wconf 89' lang='lat' dir='ltr'><strong>qni</strong></span> <span class='ocrx_word' id='word_1_573' title='bbox 2949 5395 3110 5442; x_wconf 89' lang='lat' dir='ltr'><strong>cum</strong></span> <span class='ocrx_word' id='word_1_574' title='bbox 3166 5394 3208 5438; x_wconf 86' lang='lat' dir='ltr'><strong>a</strong></span> <span class='ocrx_word' id='word_1_575' title='bbox 3271 5369 3684 5461; x_wconf 84' lang='lat' dir='ltr'><strong>quibusdam</strong></span> <span class='ocrx_word' id='word_1_576' title='bbox 3718 5375 3989 5436; x_wconf 89' lang='lat' dir='ltr'><strong>tantum</strong></span> <span class='ocrx_word' id='word_1_577' title='bbox 4026 5363 4190 5447; x_wconf 87' lang='lat' dir='ltr'><strong>duo,</strong></span> <span class='ocrx_word' id='word_1_578' title='bbox 4230 5361 4350 5431; x_wconf 74' lang='lat' dir='ltr'><strong>sed</strong></span> 
     </span>
     <span class='ocr_line' id='line_1_97' title="bbox 2791 5471 4354 5572; baseline -0.006 -23"><span class='ocrx_word' id='word_1_579' title='bbox 2791 5480 2983 5572; x_wconf 86' lang='lat' dir='ltr'><strong>dupli</strong></span> <span class='ocrx_word' id='word_1_580' title='bbox 3030 5478 3372 5556; x_wconf 88' lang='lat' dir='ltr'><strong>dicuntur,</strong></span> <span class='ocrx_word' id='word_1_581' title='bbox 3406 5483 3701 5567; x_wconf 82' lang='lat' dir='ltr'><strong>tangunt</strong></span> <span class='ocrx_word' id='word_1_582' title='bbox 3729 5472 4081 5565; x_wconf 86' lang='lat' dir='ltr'><strong>peltalem,</strong></span> <span class='ocrx_word' id='word_1_583' title='bbox 4116 5479 4186 5540; x_wconf 90' lang='lat' dir='ltr'><strong>et</strong></span> <span class='ocrx_word' id='word_1_584' title='bbox 4242 5471 4354 5539; x_wconf 89' lang='lat' dir='ltr'><strong>in·</strong></span> 
     </span>
     <span class='ocr_line' id='line_1_98' title="bbox 2790 5576 4354 5657; baseline -0.008 0"><span class='ocrx_word' id='word_1_585' title='bbox 2790 5585 3127 5657; x_wconf 87' lang='lat' dir='ltr'><strong>nominati</strong></span> <span class='ocrx_word' id='word_1_586' title='bbox 3155 5582 3658 5652; x_wconf 85' lang='lat' dir='ltr'><strong>extremitates:</strong></span> <span class='ocrx_word' id='word_1_587' title='bbox 3691 5590 3758 5651; x_wconf 92' lang='lat' dir='ltr'><strong>et</strong></span> <span class='ocrx_word' id='word_1_588' title='bbox 3796 5579 3896 5649; x_wconf 90' lang='lat' dir='ltr'><strong>illi</strong></span> <span class='ocrx_word' id='word_1_589' title='bbox 3933 5576 4354 5649; x_wconf 86' lang='lat' dir='ltr'><strong>contractio-</strong></span> 
     </span>
     <span class='ocr_line' id='line_1_99' title="bbox 2790 5687 4348 5783; baseline -0.004 -18"><span class='ocrx_word' id='word_1_590' title='bbox 2790 5718 2876 5765; x_wconf 90' lang='lat' dir='ltr'><strong>ne</strong></span> <span class='ocrx_word' id='word_1_591' title='bbox 2903 5716 3029 5764; x_wconf 84' lang='lat' dir='ltr'><strong>sua</strong></span> <span class='ocrx_word' id='word_1_592' title='bbox 3068 5691 3386 5762; x_wconf 75' lang='lat' dir='ltr'><strong>interiora</strong></span> <span class='ocrx_word' id='word_1_593' title='bbox 3415 5696 3876 5783; x_wconf 81' lang='lat' dir='ltr'><strong>coangustant</strong></span> <span class='ocrx_word' id='word_1_594' title='bbox 3900 5687 4348 5781; x_wconf 75' lang='lat' dir='ltr'><strong>epiglottidis.</strong></span> 
     </span>
    </p>
   </div>
  </div>
 </body>
</html>
