4919 6371
1926 369 2094 436 LIB.
2150 370 2245 437 xl
2294 370 2414 437 DE
2461 363 3055 440 ANIMALIBUS,
3111 366 3423 435 TRACT.
3478 366 3539 434 ΙΙ

1125 551 1202 610 ut
1240 545 1383 611 istae
1417 544 1565 612 duae
1626 542 2041 634 privationes
2081 541 2337 607 nullam
2397 538 2680 605 omnino

1125 652 1580 720 differentiam
1657 649 1953 717 babeant
2010 647 2316 713 habentis
2374 645 2578 736 pedes
2618 650 2682 709 et

1127 756 1439 827 habentis
1478 758 1750 848 plumas
1779 778 1792 821 ε
1828 754 2152 843 quoniam
2185 752 2379 819 aliter
2407 760 2683 820 contra-

1127 866 1409 935 dictoria
1437 887 1601 932 vera
1639 871 1863 930 essent
1892 861 1972 928 de
2005 862 2242 929 eodem
2271 884 2286 929 ε
2321 869 2387 929 et
2426 862 2522 929 sic
2552 859 2684 949 pri-

1127 975 1310 1040 vatio
1344 995 1481 1039 non
1513 972 1642 1039 erit
1659 970 2035 1038 differentia
2081 993 2095 1036 ε
2135 971 2459 1061 quoniam
2486 967 2678 1035 diffe-

1131 1081 1347 1149 rentia
1386 1080 1610 1147 omnis
1642 1102 1791 1169 quoe
1822 1086 1921 1148 est
1949 1079 2261 1155 divisiva,
2297 1076 2502 1145 habet
2539 1075 2682 1141 for-

1131 1211 1278 1255 mas
1309 1197 1373 1256 et
1412 1190 1697 1279 specieS,
1749 1211 1828 1255 eo
1862 1188 2044 1279 quod
2065 1197 2287 1279 partes
2319 1184 2681 1250 diffinitio-

1128 1298 1234 1363 nis
1263 1298 1516 1365 suntin
1554 1296 1736 1388 pluS,
1778 1306 1844 1363 et
1886 1305 2106 1363 totum
2147 1296 2214 1361 in
2258 1317 2473 1383 aeque,
2509 1295 2682 1359 sicut

1126 1405 1368 1474 dicitur
1396 1407 1466 1473 iu
1492 1407 1778 1498 Topicis.
1816 1404 1887 1470 Si
1921 1407 2102 1472 enim
2131 1402 2510 1469 differentia
2541 1425 2678 1469 nou

1124 1511 1405 1580 haberet
1434 1513 1693 1602 species
1725 1518 1788 1578 et
1822 1510 2073 1577 formas
2103 1510 2229 1575 sub
2272 1531 2367 1585 se,
2402 1532 2540 1575 non
2573 1516 2682 1576 at-

1121 1617 1533 1686 tribueretur
1570 1618 1694 1685 toti
1737 1617 1919 1707 quod
1944 1624 2043 1683 est
2082 1639 2443 1684 commune
2503 1616 2682 1682 divi-

1126 1750 1303 1804 sum,
1364 1724 1483 1794 sed
1549 1724 2036 1792 attribueretur
2091 1723 2418 1815 singulari
2478 1722 2678 1791 alicui

1129 1833 1313 1924 quod
1344 1841 1445 1901 est
1465 1832 2107 1901 incommunicabile
2131 1842 2195 1899 et
2228 1829 2669 1899 indivisibile:

1131 1941 1316 2031 quod
1346 1943 1531 2008 euim
1566 1942 1705 2008 exit
1744 1964 1863 2032 per
1917 1939 2319 2007 divisionem
2361 1940 2442 2006 de
2484 1947 2680 2029 pote-

1130 2057 1300 2116 state
1352 2049 1653 2140 generiS,
1688 2045 2255 2116 communicabile
2314 2056 2413 2113 est
2442 2045 2678 2113 multis

1132 2157 1387 2223 sicutet
1422 2157 1645 2246 ipsum
1677 2178 1915 2246 genus.

1222 2263 1294 2331 Si
1327 2274 1552 2332 autem
1595 2263 1879 2342 dicatur,
1916 2262 2099 2353 quod
2131 2263 2442 2353 qua-dam
2476 2262 2679 2330 diffe-

1128 2374 1359 2442 rentiae
1390 2381 1545 2440 sunt
1605 2372 1933 2440 habentes
1990 2371 2113 2440 sub
2174 2396 2243 2440 se
2291 2374 2458 2441 alias
2489 2373 2679 2441 diffe-

1128 2482 1380 2549 rentias
1459 2490 1528 2549 et
1592 2481 1875 2571 specieS,
1936 2480 2107 2548 sicut
2167 2480 2464 2548 diximus
2518 2503 2679 2549 aves

1130 2589 1341 2658 alatas
1382 2588 1632 2657 habere
1674 2589 1926 2657 formas
1982 2598 2047 2657 et
2104 2588 2539 2670 differentia&
2597 2612 2677 2656 eo

1133 2697 1316 2787 quod
1349 2697 1660 2788 quaedam
1693 2695 1943 2764 babent
1991 2697 2132 2764 alas
2181 2698 2680 2765 membranales

1135 2827 1271 2871 non
1324 2803 1539 2882 fissas,
1593 2803 1908 2894 quaedam
1956 2814 2180 2872 autem
2239 2803 2379 2871 arlais
2428 2803 2681 2872 liabent

1134 2923 1461 3003 pennatus
1503 2913 1695 2979 fissas
1749 2935 1765 2979 ε
1810 2921 1876 2981 ct
1915 2913 2086 2980 sicut
2135 2913 2443 2992 dicimus,
2497 2914 2680 3005 quod

1137 3021 1536 3089 animalium
1568 3020 1891 3111 bipedum
1923 3021 2228 3112 quaedam
2261 3021 2512 3091 liabent
2557 3047 2683 3114 pe-

1133 3129 1286 3197 dem
1321 3129 1555 3196 fissum
1590 3151 1710 3219 per
1740 3127 2017 3196 fuodum
2051 3152 2185 3220 quo
2218 3129 2539 3199 dividitur
2564 3153 2683 3222 pes

1134 3236 1446 3305 habentis
1488 3236 1816 3327 ungulam
1848 3236 1915 3303 in
1947 3237 2082 3304 duo
2117 3239 2369 3317 fissam,
2403 3246 2471 3306 et
2503 3262 2686 3329 quae-

1138 3347 1295 3413 dam
1329 3369 1466 3412 non
1512 3343 1766 3413 habent
1803 3344 2042 3436 pedem
2084 3346 2341 3425 fissum,
2392 3349 2508 3415 sed
2557 3347 2686 3416 ha-

1140 3454 1304 3523 bent
1347 3455 1717 3543 integrum,
1751 3454 1922 3522 sicut
1952 3455 2201 3522 animal
2252 3456 2434 3547 quod
2484 3455 2688 3525 habet

1142 3561 1470 3652 ungulam
1514 3583 1652 3627 non
1692 3560 1948 3639 fissam,
2005 3562 2120 3628 sed
2169 3559 2367 3630 habet
2428 3563 2686 3632 soleam

1142 3691 1349 3736 unam
1403 3689 1418 3736 :
1462 3677 1624 3736 tunc
1679 3668 1948 3737 difficile
1994 3679 2091 3737 est
2126 3695 2246 3761 per
2281 3671 2685 3741 divisionem

1143 3775 1446 3866 accipere
1497 3776 1749 3843 formas
1788 3775 2211 3845 animalium.
2259 3777 2330 3845 Si
2371 3781 2553 3846 enim
2594 3780 2687 3847 sic

1146 3881 1355 3971 accipi
1398 3880 1648 3949 debent
1680 3904 1799 3971 per
1826 3881 2258 3959 divisionem,
2310 3885 2484 3952 sicut
2532 3885 2692 3975 qui-

1148 3987 1303 4054 dam
1337 3986 1592 4064 dicunt,
1628 3988 2060 4056 manifestum
2100 4000 2200 4058 est
2238 3990 2417 4082 quod
2469 3990 2694 4082 quod-

1148 4091 1307 4159 libet
1359 4091 1611 4160 animal
1684 4092 1752 4160 in
1802 4096 2022 4183 specie
2070 4095 2268 4163 debet
2333 4096 2571 4164 cadere
2625 4099 2692 4165 in

1146 4199 1377 4293 aliqua
1404 4200 1934 4269 differentiarum
1975 4213 2399 4293 acceptarum
2431 4227 2552 4296 per
2587 4205 2698 4273 di-

1147 4309 1509 4386 visionem,
1540 4316 1608 4375 ct
1639 4308 1902 4376 nullum
1939 4309 2115 4378 idem
2148 4311 2213 4377 iu
2246 4313 2468 4402 specie
2499 4311 2698 4382 debet

1146 4416 1388 4486 cadere
1429 4417 1495 4483 in
1555 4415 1868 4506 pluribus
1924 4417 2345 4495 differentiis,
2390 4446 2473 4489 eo
2513 4422 2699 4513 quod

1149 4547 1354 4592 oume
1386 4523 1639 4591 animal
1673 4533 1769 4591 est
1803 4525 2089 4613 alicujus
2122 4527 2352 4595 forma·
2385 4552 2519 4620 qua
2568 4530 2702 4598 dif-

1150 4630 1280 4699 fert
1336 4630 1419 4699 ab
1478 4630 1655 4709 aliis,
1716 4640 1782 4700 et
1848 4633 2112 4700 nullum
2180 4633 2383 4704 babet
2445 4638 2703 4706 formas

1153 4738 1322 4807 duas
1354 4761 1370 4807 ε
1405 4740 1579 4808 sicut
1609 4739 1666 4807 si
1696 4738 1996 4808 dividam
2035 4742 2286 4811 animal
2329 4745 2397 4811 in
2447 4744 2702 4814 animal

1154 4847 1407 4917 alatum
1439 4857 1505 4917 et
1546 4850 1615 4916 in
1657 4848 1909 4917 animal
1975 4874 2209 4918 carens
2240 4851 2363 4919 alis
2398 4875 2413 4920 :
2449 4863 2514 4922 et
2547 4876 2708 4922 con-

1159 4964 1292 5024 stat
1348 4955 1533 5048 quod
1593 4979 1730 5024 non
1789 4956 1960 5025 bene
2016 4960 2235 5048 posita
2291 4970 2390 5028 est
2429 4961 2701 5040 divisio,

1158 5066 1484 5154 quoniam
1532 5063 1877 5132 invenitur
1915 5089 2126 5134 unum
2177 5070 2244 5136 in
2284 5070 2506 5159 specie
2555 5070 2708 5137 ani-

1160 5171 1295 5238 mal
1358 5170 1539 5262 quod
1599 5181 1695 5239 est
1752 5171 1878 5238 sub
1942 5183 2228 5265 utraque
2297 5175 2702 5253 differentia,

1161 5279 1333 5346 sicut
1387 5279 1697 5358 formica,
1768 5279 2080 5369 qua-dam
2139 5284 2319 5349 enim
2377 5283 2590 5364 volat,
2642 5294 2708 5353 ct

1163 5384 1469 5474 quaedam
1517 5407 1654 5453 non
1694 5385 1904 5463 volat,
1958 5394 2024 5454 et
2074 5410 2207 5455 una
2246 5389 2330 5456 ab
2388 5388 2520 5457 alia
2570 5412 2707 5458 non

1161 5490 1385 5559 differt
1422 5493 1672 5582 specie,
1707 5491 1824 5560 sed
1864 5500 2062 5560 aetate
2098 5516 2113 5559 :
2144 5503 2207 5562 et
2240 5495 2553 5563 similiter
2582 5518 2713 5565 no-

1164 5598 1405 5668 ctiluca
1436 5620 1574 5666 una
1612 5600 1819 5676 volat,
1863 5611 1929 5670 et
1957 5601 2091 5670 alia
2130 5625 2292 5682 non,
2323 5611 2521 5672 aetate
2550 5613 2711 5672 tan-

1164 5712 1310 5773 tum
1351 5703 1760 5774 differentes.

1452 5854 1507 5897 ΣΙ

4225 370 4351 436 577

2882 532 3070 600 Idem
3104 545 3331 603 autem
3367 540 3495 604 erit
3525 539 3578 604 si
3612 538 3809 605 aliter
3846 548 4192 628 ponantur
4222 539 4355 607 dif-

2787 639 3092 709 ferentiae
3139 666 3152 707 :
3209 652 3272 708 et
3315 642 3465 709 ideo
3522 644 3797 711 difficile
3858 648 3983 711 erit
4021 650 4116 713 sic
4174 648 4355 715 acci-

2786 770 2946 837 pere
3006 749 3280 815 sormas·
3329 751 3639 839 proprias
3695 751 4121 830 animalium,
4202 776 4351 842 quae

2787 864 2946 923 sunt
2996 855 3236 924 finales
3285 859 3592 950 ipsorum
3638 881 3651 924 :
3698 866 3764 925 et
3818 858 4061 926 divisio
4109 882 4348 926 eorum

2789 988 2942 1054 quae
2973 976 3209 1034 carent
3247 969 3607 1059 sanguine,
3646 967 4046 1035 difficillima
4078 977 4178 1036 est
4195 991 4353 1036 om-

2788 1073 2988 1140 nibus
3023 1074 3501 1142 divisionibus.
3541 1075 3626 1141 Et
3662 1075 3836 1142 forte
3885 1077 4130 1142 rectius
4177 1076 4353 1144 dici-

2787 1187 2921 1259 tur,
2958 1182 3142 1270 quod
3178 1182 3599 1271 impossibile
3631 1191 3732 1249 est
3762 1184 4062 1273 accipere
4093 1207 4212 1273 per
4242 1182 4353 1250 di-

2785 1287 3128 1354 visionem
3170 1288 3424 1356 formas
3457 1290 3837 1379 specierum
3879 1290 4280 1357 animalium
4327 1312 4342 1355 ε

2786 1395 3115 1485 quoniam
3149 1419 3604 1489 quaecumque
3643 1398 4025 1466 differentia
4065 1400 4352 1489 accipia-

2782 1509 2895 1569 tur
2932 1526 3052 1593 per
3103 1504 3543 1582 divisionem,
3617 1503 3761 1572 haec
3827 1528 3949 1594 per
4002 1505 4346 1573 diversum

2782 1608 3069 1677 modum
3110 1611 3348 1678 multis
3403 1612 3749 1680 videbitur
3794 1613 4162 1680 convenire
4217 1635 4231 1679 ε
4285 1619 4352 1681 et

2782 1721 2879 1787 sic
2924 1722 2995 1787 in
3046 1722 3194 1811 ipso
3237 1721 3570 1812 singulari
3621 1722 3804 1812 quod
3853 1724 4208 1813 proprium
4250 1731 4351 1790 est

2784 1836 2850 1896 et
2901 1829 3018 1894 uni
3073 1832 3396 1898 convenit
3455 1831 3729 1921 speciei,
3799 1832 4145 1900 videbitur
4200 1854 4347 1900 esse

2784 1936 3166 2007 differentia
3218 1963 3231 2007 :
3295 1942 3469 2009 sicut
3516 1942 3573 2008 si
3614 1941 3832 2010 dicam
3885 1965 4120 2010 carens
4198 1964 4350 2009 san-

2781 2048 2990 2137 guine
3022 2071 3169 2116 esse
3202 2049 3654 2119 differentiam
3688 2060 3753 2118 et
3785 2049 4043 2119 habens
4077 2050 4351 2141 sangui-

2783 2178 2942 2223 nem
2998 2179 3012 2222 ε
3075 2180 3314 2226 carens
3373 2162 3557 2227 euim
3608 2162 3942 2251 sanguine
3993 2168 4096 2227 tot
4142 2158 4349 2226 habet

2784 2265 3028 2332 modos
3077 2268 3284 2334 etiam
3335 2270 3404 2335 in
3464 2292 3601 2337 uua
3652 2271 3900 2360 specie,
3959 2269 4142 2360 quod
4199 2270 4348 2360 ipsa

2783 2375 3042 2461 species
3092 2397 3233 2441 nou
3283 2376 3409 2442 erit
3447 2377 3594 2443 sine
3641 2376 4064 2454 differentiiS,
4101 2377 4346 2466 praeci-

2785 2503 2920 2569 pue
2958 2503 3117 2548 cum
3159 2506 3286 2550 nos
3319 2484 3388 2550 in
3419 2485 3735 2573 Physicis
3765 2483 4180 2551 differentias
4228 2507 4351 2574 per

2788 2611 2935 2657 esse
2993 2593 3435 2681 accipiamus,
3506 2593 3881 2661 secuudum
3943 2617 4144 2684 quem
4208 2617 4355 2660 mo·

2787 2697 2952 2763 dum
2995 2697 3541 2768 diversificantur
3582 2700 3775 2767 valde
3830 2725 3844 2767 ;
3890 2710 3952 2768 et
4005 2703 4222 2792 inagis
4282 2710 4351 2768 et

2790 2807 3018 2872 minus
3050 2808 3410 2898 recipiunt,
3444 2818 3508 2876 et
3543 2810 3727 2899 prius
3768 2819 3826 2875 et
3865 2810 4199 2900 posterius
4236 2833 4249 2875 ;
4287 2816 4356 2875 et

2789 2920 3117 3000 sequetur
3164 2911 3471 2990 ulteriuS,
3517 2913 3700 3003 quod
3750 2938 3964 2981 unum
4022 2913 4206 3004 quod
4253 2921 4357 2980 est

2789 3016 2917 3084 sub
2964 3042 3104 3086 una
3153 3018 3562 3103 differentia,
3615 3021 3701 3087 sit
3747 3022 3952 3087 etiam
3993 3020 4119 3087 sub
4152 3020 4351 3087 diffe-

2794 3129 3008 3195 rentia
3049 3130 3388 3197 contraria
3442 3128 3533 3196 illi
3595 3152 3610 3196 :
3662 3130 3838 3197 sicut
3895 3127 4152 3197 liabens
4200 3151 4357 3196 san-

2791 3237 3075 3325 guinem
3105 3236 3481 3305 secundum
3514 3236 3773 3327 aliquid
3799 3246 3897 3303 est
3932 3261 4069 3303 non
4092 3235 4352 3304 habens

2791 3343 3201 3435 sauguinem
3260 3345 3638 3411 secuudum
3687 3343 3872 3411 aliud
3930 3343 4345 3425 nunciabi-um,

2793 3455 2967 3522 sicut
3008 3461 3191 3544 patet
3226 3454 3292 3520 in
3328 3452 3560 3519 multis
3592 3452 4004 3520 anirmdibus
4045 3454 4357 3542 superius

2794 3559 3117 3639 inductiS‚
3161 3583 3313 3651 quae
3360 3560 3737 3628 secundum
3797 3560 4050 3650 aliquid
4103 3557 4355 3626 babent

2796 3669 3235 3758 sauguinem,
3270 3677 3338 3736 et
3375 3668 3753 3736 secuudum
3785 3667 4042 3758 aliquid
4074 3690 4210 3734 non
4243 3665 4361 3734 ba·

2801 3778 2984 3845 bent.
3033 3777 3227 3845 Patet
3270 3778 3501 3867 igitur,
3545 3777 3729 3868 quod
3762 3778 4015 3845 formas
4061 3785 4128 3844 et
4166 3776 4368 3843 diffe-

2801 3885 3056 3952 rentias
3087 3881 3491 3952 animalium
3534 3883 3956 3974 impossibile
3996 3891 4091 3950 est
4125 3883 4218 3950 sic
4250 3906 4368 3950 ac-

2801 3993 3026 4083 cipere
3064 4016 3079 4059 :
3116 3993 3335 4060 forma
3377 3993 3559 4060 euim
3593 4002 3718 4070 est,
3773 4017 3924 4083 qua·
3973 3991 4368 4082 simpliciter

2804 4100 3213 4192 praedicatur
3250 4099 3334 4167 de
3363 4124 3445 4166 eo
3486 4101 3682 4188 cujus
3713 4110 3814 4167 est
3845 4099 4093 4178 forma,
4135 4107 4199 4165 et
4239 4121 4367 4166 cu-

2796 4208 2914 4297 jus
2987 4215 3215 4297 partes
3280 4205 3608 4274 virtuales
3683 4230 3924 4273 «nunes
4014 4203 4362 4294 perficiunt

2808 4323 3034 4408 partes
3084 4316 3387 4382 materia!
3428 4338 3581 4405 quae
3630 4323 3784 4381 sunt
3859 4312 4170 4380 mendira
4229 4312 4371 4379 aui-

2809 4423 3032 4492 malis».

2903 4531 2977 4597 Si
3010 4538 3241 4598 autem
3272 4530 3523 4621 aliquis
3562 4530 3765 4600 dicat.
3802 4528 3987 4620 quod
4022 4526 4210 4596 nulla
4241 4527 4373 4594 for-

2812 4664 2926 4708 ma
2956 4638 3425 4708 substantialis
3456 4648 3558 4709 est
3613 4662 3752 4708 una
3792 4648 3853 4708 et
3915 4636 4371 4713 indivisibilis,

2813 4758 2978 4816 tunc
3031 4756 3300 4839 oportet
3343 4747 3526 4839 quod
3560 4748 3788 4815 onnus
3826 4748 4049 4815 forum
4106 4742 4380 4812 divida-

2816 4852 3034 4918 turin
3086 4875 3193 4919 res
3241 4850 3658 4920 differentias
3710 4851 4065 4917 ulteriores
4124 4846 4378 4915 haben·

2817 4968 2920 5027 tes
2964 4981 2979 5025 ε
3025 4966 3086 5024 et
3131 4958 3321 5027 nulla
3379 4981 3614 5026 earum
3663 4957 3920 5025 carebit
3980 4953 4379 5023 differentiis

2819 5090 2941 5158 per
2978 5089 3151 5156 quas
3199 5076 3298 5132 est
3351 5064 3736 5141 divisibilis,
3795 5064 3913 5131 sed
3975 5062 4065 5130 ibi
4133 5060 4377 5127 divisio

2819 5195 3092 5263 semper
3120 5173 3248 5239 erit
3281 5195 3401 5263 per
3421 5172 3838 5239 differentias
3871 5166 4376 5246 substantiales,

2821 5280 3043 5374 qualis
3072 5289 3175 5348 est
3213 5281 3593 5348 differentia
3635 5281 3810 5346 iuter
3840 5301 4000 5345 aves
4039 5285 4098 5340 et
4155 5275 4382 5343 lumni-

2823 5413 2945 5457 nes
2989 5411 3004 5454 ε
3049 5399 3213 5457 tunc
3260 5398 3584 5478 sequetur
3631 5388 4007 5477 privativas
4055 5384 4382 5451 differen-

2825 5498 2953 5564 tias
3009 5493 3236 5563 nullas
3284 5496 3569 5563 omnino
3618 5493 4041 5560 differentias
4081 5490 4381 5558 habere:

2827 5604 2989 5697 quia
3046 5603 3276 5670 omnis
3331 5602 3622 5671 divisiva
3676 5608 3779 5667 est
3845 5601 4052 5669 etiam
4103 5597 4390 5685 alicujus

2827 5711 3273 5779 constitutiva
3321 5708 3702 5779 differentia
3754 5732 3768 5776 :
3822 5709 4113 5800 privatio
4162 5712 4391 5773 autem

4045 5844 4110 5893 ΣΠ
