4919 6371
664 358 786 425 188

659 524 823 601 lum,
878 524 1188 614 quamvis
1247 524 1312 588 in
1372 524 1595 613 parvis
1637 525 1999 615 aliquando
2056 547 2192 591 non

659 635 745 699 sit
791 631 1218 699 manifestum
1263 641 1539 724 propter
1594 636 1992 724 parvitatem
2040 655 2196 698 cor-

659 740 839 828 poris
895 760 1128 806 eorum
1173 762 1188 806 :
1251 742 1368 808 sed
1426 765 1567 809 non
1625 764 1892 830 semper
1945 739 2199 806 habent

658 867 812 912 cum
857 844 961 913 his
999 848 1418 938 pulmonem.
1474 848 1698 937 Supra
1753 846 2196 935 diaphragma

661 961 883 1022 autem
915 954 1219 1023 membra
1247 954 1379 1021 alia
1414 954 1813 1044 principalia
1841 975 1978 1019 non
2009 960 2189 1032 sunt,

659 1066 784 1133 nisi
825 1065 984 1155 quia
1012 1066 1079 1129 in
1109 1063 1308 1130 corde
1345 1084 1566 1130 vaccae
1604 1070 1672 1130 et
1710 1063 1864 1153 equi
1904 1070 1970 1129 et
2014 1062 2192 1128 cervi

569 1157 576 1166 ⁸
659 1180 725 1240 et
762 1169 1210 1261 quorumdam
1240 1168 1555 1237 aliorum.
1600 1169 1985 1261 Aliquando
2019 1190 2195 1258 quae-

658 1280 812 1345 dam
863 1300 1017 1344 ossa
1064 1279 1523 1358 inveniuntur,
1587 1303 1738 1370 quae
1794 1278 1998 1346 corda
2054 1298 2193 1343 non

655 1385 904 1454 habent
931 1385 1221 1454 aliorum
1259 1387 1685 1455 animalium.
1721 1386 2043 1466 Quaedam
2075 1407 2195 1452 au-

656 1503 788 1562 tem
829 1496 1107 1563 omnino
1154 1496 1550 1585 pulmonem
1601 1494 1865 1562 nullum
1912 1492 2189 1571 habent,

654 1604 826 1671 sicut
864 1602 1046 1672 modi
1071 1603 1385 1693 piscium,
1429 1611 1496 1670 et
1533 1605 1767 1670 omnia
1797 1624 1934 1669 non
1973 1601 2194 1691 respi-

656 1713 893 1779 rantia.
922 1709 1138 1778 Omne
1166 1731 1331 1776 vero
1363 1708 1616 1776 animal
1648 1708 1904 1777 habens
1923 1707 2194 1797 sangui·

655 1842 836 1896 nem,
878 1816 1081 1885 habet
1135 1815 1367 1907 hepar,
1430 1838 1511 1884 eo
1569 1816 1753 1907 quod
1827 1814 2039 1906 hepar
2091 1822 2193 1882 est

653 1926 947 2016 primum
996 1925 1316 1993 factivum
1370 1925 1746 2015 sanguinis.
1811 1921 1946 1991 Sed
2001 1921 2193 2013 splen

655 2040 754 2101 est
791 2034 859 2100 in
907 2031 1338 2124 quibusdam,
1388 2041 1455 2100 et
1483 2033 1553 2098 in
1600 2030 2005 2122 quibusdam
2052 2051 2193 2096 non

654 2150 777 2223 est,
835 2163 1125 2232 quorum
1175 2139 1629 2219 melancholia
1683 2149 1801 2209 aut
1851 2147 2017 2217 tota,
2077 2146 2194 2206 aut

654 2250 788 2318 fere
820 2257 986 2332 tota,
1032 2250 1268 2316 transit
1308 2252 1376 2317 in
1422 2249 1916 2316 nutrimentum
1948 2268 2197 2337 corpo-

655 2359 746 2425 ris
788 2380 803 2425 :
838 2366 903 2424 et
950 2356 1100 2425 ideo
1150 2358 1218 2424 in
1254 2357 1529 2447 speciali
1569 2379 1711 2425 non
1748 2355 2051 2447 indigent
2092 2378 2193 2422 re-

653 2462 999 2555 ceptaculo
1033 2462 1527 2533 melancholiae.
1561 2464 1770 2532 Plura
1797 2471 2025 2531 autem
2056 2463 2199 2529 ani·

656 2572 936 2640 malium
965 2572 1316 2640 ovantium
1339 2570 1591 2640 habent
1617 2570 1921 2662 splenem
1944 2571 2200 2662 parvis-

655 2683 902 2749 simum
931 2679 1250 2748 latentem
1291 2681 1514 2748 visum
1550 2703 1566 2747 :
1603 2688 1669 2749 et
1698 2679 1850 2748 ideo
1880 2678 2199 2768 aliquan-

657 2790 744 2858 do
798 2788 1159 2857 creduntur
1215 2789 1520 2879 splenem
1576 2810 1716 2856 non
1773 2786 2020 2854 habere
2075 2793 2197 2853 :et

659 2895 786 2964 hoe
805 2896 1120 2965 convenit
1146 2898 1348 2964 etiam
1379 2894 1770 2963 volatilibus
1791 2892 2192 2986 quibusdam

660 3011 735 3071 ut
777 3003 1101 3094 accipitri,
1159 3012 1228 3072 et
1288 3001 1646 3082 columbae,
1705 3011 1774 3071 et
1825 3002 2063 3079 milvo,
2132 3009 2197 3068 et

660 3109 914 3178 buboni
959 3131 974 3176 :
1019 3107 1158 3178 haec
1215 3111 1396 3178 enim
1449 3110 1890 3202 parvissimos
1945 3106 2197 3176 habent

660 3220 948 3309 splenos.
989 3219 1156 3286 Avis
1207 3239 1371 3287 vero
1427 3241 1580 3309 quae
1635 3217 1865 3286 Groece
1916 3224 2201 3286 vocatur

661 3324 1062 3417 aqatiealos,
1093 3325 1288 3415 cujus
1314 3336 1518 3416 caput
1546 3322 1959 3393 assimilatur
1993 3323 2199 3413 capiti

659 3454 899 3525 capras,
960 3441 1027 3501 et
1078 3440 1364 3501 vocatur
1411 3431 1651 3501 Latine
1709 3430 1891 3523 apud
1953 3429 2199 3520 vulgus

658 3562 860 3633 capet
883 3538 1298 3619 hinmdinis,
1327 3560 1468 3608 non
1490 3536 1700 3607 habet
1722 3538 2026 3630 splenem
2045 3558 2199 3606 om·

660 3647 849 3716 nino.

746 3857 1056 3951 Amplius
1091 3865 1318 3925 autem
1357 3853 1671 3948 quoedam
1714 3854 2033 3925 animalia
2072 3854 2202 3923 ha-

655 3965 814 4034 hent
840 3964 953 4044 fel,
985 3963 1167 4056 quod
1206 3971 1308 4032 est
1344 3962 1845 4055 receptaculum
1883 3962 2196 4049 cholera,

655 4084 718 4141 et
743 4074 964 4163 ipsum
986 4071 1239 4140 hahent
1271 4073 1340 4140 in
1365 4072 1542 4152 cisti,
1576 4093 1732 4163 qua!
1760 4079 1864 4141 est
1896 4070 2204 4164 applica-

654 4189 724 4249 ta
750 4178 975 4271 hepati
1006 4200 1026 4246 ε
1067 4186 1136 4248 et
1169 4177 1482 4269 quoedam
1520 4200 1662 4247 non
1689 4176 1943 4248 habent
1978 4177 2204 4270 appli-

655 4293 872 4354 catam
897 4282 1124 4374 hepati
1150 4304 1304 4362 suo,
1338 4281 1458 4353 sed
1485 4282 1558 4351 iu
1589 4281 1746 4351 aliis
1771 4280 1962 4352 locis.
1995 4281 2202 4363 Qum-

655 4391 811 4461 dam
839 4392 1023 4462 enim
1051 4388 1136 4461 de
1161 4412 1409 4483 genera
1437 4388 1958 4481 quadrupedum
1984 4412 2202 4482 gene-

657 4499 950 4568 rantium
976 4498 1104 4567 sibi
1133 4497 1410 4577 similia,
1440 4497 1617 4566 sicut
1649 4518 1920 4577 cervus,
1952 4519 2193 4589 equus,

656 4606 906 4690 mulus,
935 4613 1003 4676 et
1016 4604 1238 4682 cochi,
1260 4603 1448 4698 quod
1471 4612 1760 4674 vocatur
1778 4603 2040 4673 vitulus
2055 4626 2203 4672 ma-

655 4716 778 4793 n‘s,
804 4721 874 4783 et
891 4709 1235 4806 quoddam
1253 4732 1471 4802 genus
1487 4733 1856 4803 porcorum
1875 4711 2058 4803 quod
2079 4735 2204 4781 vo·

655 4829 846 4891 catur
871 4818 1133 4889 vitulus
1155 4819 1395 4899 maris,
1416 4817 1741 4888 videntur
1751 4816 1908 4887 fella
1934 4842 2057 4887 sua
2085 4818 2203 4887 ha-

657 4928 813 4997 bere
837 4928 911 4997 in
947 4926 1310 5006 intestinis,
1340 4934 1616 5018 propter
1653 4924 1838 5017 quod
1882 4925 2198 4995 intestina

656 5059 891 5106 eomm
927 5046 1088 5105 sunt
1138 5035 1592 5104 amarissima.
1644 5031 1920 5124 Species
1972 5043 2196 5102 autem

655 5146 836 5215 cervi
872 5166 1026 5238 qua>
1049 5144 1281 5214 Groce
1324 5143 1600 5212 bahane
1642 5150 1954 5222 vocatur,
1992 5164 2200 5233 quam

656 5253 931 5346 quidam
977 5253 1338 5323 demadem
1387 5274 1536 5321 esse
1571 5249 1833 5333 dicunt,
1864 5249 2070 5319 habet
2110 5250 2198 5320 fel

657 5364 725 5432 in
750 5364 1050 5433 auricula
1076 5362 1450 5434 secundum
1498 5360 1897 5454 opinionem
1943 5358 2201 5431 multo-

657 5491 807 5539 rum
832 5466 1195 5538 hominum
1225 5475 1667 5561 expertorum
1706 5467 1781 5536 in
1814 5464 2086 5536 talibus.
2122 5466 2196 5535 ln

654 5575 975 5648 auriculis
1015 5578 1199 5645 enim
1244 5576 1390 5645 suis
1446 5574 1797 5645 invenitur
1840 5570 2197 5642 humidum

653 5684 875 5755 simile
911 5683 1049 5755 felli
1087 5684 1156 5752 in
1209 5682 1462 5765 colore,
1515 5683 1674 5754 lieet
1718 5703 1860 5750 non
1903 5679 1992 5748 sit
2026 5678 2196 5748 adeo

1646 352 1733 421 D.
1783 352 1981 421 ALB.
2035 352 2252 422 MAG.
2306 354 2513 423 ORD.
2568 357 2864 425 PRAED.

2298 524 2631 615 liquidum
2661 529 2837 594 sicut
2874 527 3235 595 humidum
3283 529 3482 608 fellis,
3529 528 3649 596 sed
3691 531 3864 596 vici-

2299 641 2503 697 natur
2533 632 2597 698 in
2630 632 3066 720 spissitudine
3095 631 3376 701 humido
3408 636 3687 724 splenis,

2387 736 2629 803 Adhuc
2653 737 2718 802 in
2742 738 3078 826 capitibus
3109 741 3422 806 omnium
3455 742 3854 809 animalium

2298 851 2399 908 cst
2438 865 2685 909 nervus
2715 867 2918 925 unuS,
2953 853 3070 911 aut
3108 845 3280 912 forte
3321 869 3685 915 nervorum
3736 871 3859 938 par

2297 975 2510 1019 unum
2551 951 2677 1019 suh
2707 952 2965 1045 lingua,
3008 955 3125 1045 qui
3157 953 3272 1021 dat
3311 963 3576 1023 motum
3603 965 3670 1023 et
3698 979 3859 1024 sen-

2297 1083 2450 1126 sum
2493 1061 2765 1150 linguae,
2807 1069 2873 1126 et
2923 1062 3371 1150 profundatur
3409 1063 3480 1129 in
3519 1061 3850 1152 linguam.

2298 1165 2375 1232 In
2406 1190 2487 1235 eo
2520 1175 2748 1233 autem
2794 1165 2980 1256 quod
3022 1167 3362 1236 vicinatur
3411 1167 3706 1258 spondili
3737 1169 3863 1237 de-

2296 1274 2556 1340 scendit
2616 1281 2895 1363 propter
2956 1272 3463 1364 longitudinem
3529 1276 3858 1365 corporiS,

2296 1388 2361 1447 et
2406 1380 2592 1470 quod
2636 1380 2979 1448 vicinatur
3025 1382 3256 1471 capiti,
3308 1390 3468 1449 sunt
3505 1384 3696 1450 nervi
3737 1391 3855 1449 aut

2297 1507 2662 1553 nervorum
2688 1487 2879 1575 paria
2907 1485 3151 1575 viginti
3182 1509 3496 1564 numero,
3534 1497 3858 1557 exeuntes

2296 1593 2364 1659 in
2394 1601 2616 1660 totum
2647 1615 2895 1682 corpus
2925 1591 3011 1659 ad
3049 1595 3469 1662 movendum
3517 1597 3742 1685 ipsum
3792 1605 3860 1665 et

2295 1700 2845 1769 sensificandum.

2384 1807 2698 1897 Amplius
2763 1818 2994 1878 autem
3061 1809 3382 1876 intestina
3453 1810 3635 1877 cervi
3696 1818 3854 1878 sunt

2296 1916 2527 1983 foetida
2564 1916 2762 1984 valde
2799 1940 2885 1985 ex
2931 1915 3384 1985 amaritudine
3422 1915 3598 1985 fellis
3644 1919 3714 1984 in
3753 1919 3851 1986 eis

2297 2045 2628 2113 respersa,
2671 2031 2737 2091 et
2767 2023 2920 2091 ideo
2951 2045 3094 2091 non
3122 2022 3577 2091 comeduntur
3604 2047 3644 2091 a
3672 2023 3858 2092 cani-

2297 2130 2450 2209 bus,
2501 2131 2629 2197 nisi
2670 2129 2805 2199 sint
2848 2130 3050 2198 valde
3107 2129 3426 2198 famelici.
3476 2128 3858 2220 Delphinus

2297 2245 2528 2306 autem
2556 2231 2876 2307 habet'fel
2906 2237 3081 2305 sicut
3111 2260 3353 2306 omnes
3391 2238 3577 2307 modi
3608 2238 3860 2307 volati-

2299 2346 2467 2414 lium
2516 2355 2582 2414 et
2628 2347 2941 2436 piscium,
2986 2353 3054 2415 et
3102 2369 3307 2415 omne
3355 2347 3741 2439 quadrupes
3790 2356 3858 2415 et

2301 2473 2505 2518 omne
2549 2473 2765 2519 ovans
2798 2473 2816 2519 ε
2851 2451 3083 2519 omnia
3117 2452 3300 2519 enim
3340 2450 3489 2520 ha‘c
3515 2452 3603 2520 fel
3647 2451 3864 2542 parti-

2299 2559 2527 2650 cipant
2584 2559 2959 2626 secundum
3009 2559 3233 2647 majus
3283 2567 3352 2627 et
3391 2561 3644 2641 minus,
3687 2559 3862 2626 sicut

2301 2675 2455 2735 ante
2496 2665 2815 2733 diximuS.
2853 2665 3009 2734 Non
3050 2674 3153 2734 est
3183 2689 3454 2757 semper
3484 2669 3552 2733 in
3583 2665 3852 2756 hepate,

2300 2774 2416 2841 sed
2468 2773 2749 2842 fortasse
2789 2781 2891 2841 est
2937 2772 3310 2864 aliquando
3353 2775 3421 2840 in
3466 2774 3598 2840 viis
3645 2796 3860 2840 vena-

2304 2904 2453 2947 rum
2478 2881 3004 2947 mesaraicarum
3033 2879 3389 2948 subtilium
3421 2888 3854 2947 extensarum

2302 2986 2388 3055 ab
2417 2986 2657 3077 hepate
2695 2985 2780 3054 ad
2828 2986 3173 3065 intestina,
3216 2987 3392 3055 sicut
3440 2988 3510 3054 in
3555 2986 3855 3078 piscibus

2302 3118 2619 3189 expresse
2664 3094 3034 3177 invenitur,
3094 3095 3212 3185 qui
3280 3095 3517 3163 Graeco
3580 3096 3857 3163 nomine

2304 3206 2575 3274 asceher
2618 3212 2952 3273 vocantur
3019 3226 3035 3271 :
3089 3212 3157 3273 et
3201 3213 3367 3272 tunc
3426 3205 3863 3296 cognoscitur

2303 3311 2459 3396 hoc,
2512 3312 2836 3402 quoniam
2883 3312 3010 3380 via!
3069 3310 3199 3380 illae
3255 3321 3454 3380 erunt
3500 3311 3745 3379 foetidae
3793 3320 3864 3380 et

2305 3442 2577 3486 amara».

2391 3543 2783 3635 Aliquando
2828 3551 3060 3612 autem
3098 3542 3191 3612 fol
3228 3551 3332 3613 est
3377 3544 3448 3612 in
3489 3544 3636 3635 ipsa
3681 3544 3865 3611 inte·

2302 3652 2462 3721 stini
2490 3650 2793 3719 interiori
2832 3651 3190 3742 superficie
3236 3650 3645 3743 dispersum,
3684 3659 3754 3719 et
3788 3649 3859 3720 iu

2303 3755 2435 3824 hoc
2490 3755 2692 3822 etiam
2757 3753 2893 3823 alia
2972 3753 3517 3824 diversificantur
3587 3776 3604 3822 ε
3676 3777 3859 3846 quo-

2304 3864 2491 3931 niam
2520 3860 2888 3953 aliquando
2909 3870 3013 3931 est
3052 3863 3122 3930 in
3163 3862 3485 3930 intestino
3524 3862 3859 3952 superiori

2305 3971 2488 4063 quod
2524 3970 2912 4061 portanario
2940 3966 3278 4038 stomachi
3298 3970 3761 4045 continuatur,
3796 3977 3864 4037 et

2304 4079 2670 4171 aliquando
2700 4078 2870 4147 forte
2897 4079 2965 4145 in
3006 4076 3237 4147 medio
3267 4076 3451 4170 quod
3480 4077 3728 4146 dicitur
3741 4076 3866 4168 je-

2293 4187 2587 4277 junum,
2638 4193 2704 4254 et
2768 4183 3138 4276 aliquando
3194 4184 3264 4253 in
3321 4184 3625 4254 inferiori
3680 4183 3865 4277 quod

2303 4290 2864 4381 proportionatur
2907 4290 2996 4366 ei,
3024 4285 3211 4378 quod
3250 4289 3450 4356 colon
3480 4289 3551 4356 in
3581 4286 3862 4356 homine

2303 4403 2612 4464 vocatur.
2645 4392 2789 4463 Nos
2816 4393 3003 4461 enim
3031 4392 3116 4461 de
3146 4393 3470 4462 omnibus
3498 4391 3607 4462 his
3636 4391 3866 4485 loqui-

2305 4525 2463 4571 mur
2497 4501 2869 4570 secundum
2910 4498 3212 4568 hominis
3259 4501 3656 4569 intestina:
3717 4497 3863 4568 haec

2304 4610 2489 4678 enim
2536 4607 2894 4678 diversitas
2938 4607 3109 4677 situs
3149 4608 3347 4692 fellis,
3399 4609 3737 4699 praecipue
3789 4610 3854 4676 in

2305 4739 2552 4807 genere
2607 4714 2954 4783 invenitur
3007 4712 3389 4781 volatilium
3446 4734 3464 4780 z
3526 4713 3853 4805 quoniam

2303 4824 2617 4917 quaedam
2680 4822 2953 4892 illorum
3010 4820 3265 4890 habent
3318 4820 3405 4890 fel
3461 4821 3534 4890 in
3588 4831 3849 4901 ventre,

2304 4929 2433 5000 hoc
2489 4939 2615 5008 est,
2675 4930 2745 4999 in
2799 4930 3124 4999 intestino
3185 4930 3411 5021 primo
3446 4929 3728 5007 ventris,
3791 4937 3859 4997 et

2304 5039 2615 5131 quaedam
2648 5038 2717 5106 in
2756 5039 3076 5106 intestino
3105 5045 3458 5129 sequente,
3492 5046 3566 5106 ut
3593 5036 3865 5107 colum-

2302 5146 2432 5227 bae,
2483 5147 2890 5224 coturnices,
2949 5153 3019 5215 et
3065 5144 3490 5225 hirundines,
3536 5153 3603 5214 et
3648 5167 3865 5236 genus

2305 5255 2595 5346 passeris
2643 5251 2829 5344 qnod
2862 5253 3114 5344 yrinon
3164 5253 3396 5322 Graece
3448 5258 3755 5328 vocatur,
3798 5260 3866 5320 et

2303 5371 2402 5430 est
2435 5383 2668 5452 passer
2692 5382 2999 5429 croceus.
3033 5359 3368 5441 Quaedam
3397 5359 3604 5427 etiam
3637 5358 3721 5427 t'el
3749 5356 3869 5427 ha-

2300 5468 2467 5537 hent
2515 5467 2584 5535 in
2634 5466 2903 5558 hepate,
2954 5468 3131 5537 sicut
3184 5465 3529 5535 falconum
3583 5488 3857 5557 genera.

2305 5574 2631 5658 Quodam
2660 5572 2919 5645 habent
2943 5578 3171 5667 ipsum
3200 5594 3584 5665 respersum
3614 5574 3686 5641 in
3705 5595 3866 5640 om-

2306 5680 2511 5751 nibus
2557 5679 2699 5763 his,
2731 5680 2864 5749 hoc
2905 5689 3034 5763 est,
3074 5680 3149 5748 in
3183 5677 3466 5772 hepate,
3496 5686 3763 5760 ventre,
3792 5687 3866 5748 et
