4919 6371
683 490 809 557 164

683 659 842 726 Non
879 656 1062 722 enim
1092 669 1362 737 semper
1391 643 1524 711 hoc
1558 638 1944 707 membrum
1976 628 2230 722 pectori

684 760 983 831 hominis
1021 753 1437 824 assimilatur
1499 748 1569 814 in
1617 747 1989 837 figurarum
2020 737 2234 802 linea-

690 868 1034 938 tionibus:
1094 863 1423 955 quoniam
1477 858 1686 925 homo
1719 862 1818 921 est
1851 850 1968 918 lati
2007 863 2238 931 corpo-

692 981 807 1056 riS‚
843 976 975 1044 alia
1004 997 1167 1042 vero
1199 970 1521 1040 animalia
1549 973 1707 1034 sunt
1735 957 2024 1053 pectoris
2080 950 2239 1017 stri-

693 1089 805 1154 cti.
850 1083 1124 1151 Naturae
1154 1083 1338 1151 enim
1386 1098 1584 1167 opus,
1643 1073 1817 1138 sicut
1855 1061 2097 1151 saepius
2135 1057 2241 1122 ‹li-

695 1194 945 1268 ximus,
981 1200 1082 1259 est
1117 1210 1291 1281 opus
1331 1178 1796 1269 intelligentiae
1836 1164 2243 1259 sapientissi-

698 1324 852 1380 mae,
884 1323 1032 1392 quae
1061 1290 1603 1384 unumquodque
1640 1284 1800 1351 facit
1830 1276 2034 1346 modo
2092 1294 2241 1340 con-

698 1406 1104 1478 venientiori
1132 1426 1146 1471 :
1183 1410 1248 1470 et
1277 1420 1436 1467 cum
1457 1394 1666 1464 homo
1698 1395 1919 1458 rectus
1948 1379 2240 1453 incedat,

701 1515 1037 1585 dilatavus
1066 1517 1303 1601 pectus
1359 1501 1659 1572 hominis
1707 1504 1944 1565 natura
1998 1490 2081 1558 ad
2119 1485 2250 1575 spi-

707 1618 1051 1690 ritualium
1084 1614 1622 1707 ampliationem.
1657 1605 1810 1672 Alia
1839 1609 2070 1669 autem
2094 1614 2248 1662 cum

708 1751 922 1822 parva
947 1729 1106 1806 sint,
1149 1728 1402 1793 acuunt
1453 1721 1523 1785 in
1579 1726 1826 1783 terram
1870 1714 2126 1799 peetuS,
2168 1723 2252 1767 ne

708 1836 923 1905 nimia
980 1836 1068 1902 sit
1142 1828 1462 1900 distantia
1516 1821 1764 1914 pedum
1840 1812 2253 1884 anteriorum

696 1963 960 2032 corpus
987 1936 1452 2030 portantium:
1520 1952 1605 1998 ex
1640 1924 1772 1994 hoc
1807 1922 1989 1990 enim
2019 1936 2257 2006 surge-

712 2057 816 2118 ret
842 2047 1167 2116 lassitudo
1207 2051 1274 2111 et
1301 2047 1533 2109 motus
1561 2031 1940 2111 difficultaS,
1973 2046 2054 2094 eo
2077 2021 2258 2115 quod

716 2166 861 2227 tota
888 2154 1193 2246 corporis
1223 2149 1521 2242 gravitas
1578 2150 1753 2210 esset
1805 2140 1873 2206 in
1915 2134 2162 2210 medio,
2195 2136 2262 2196 et

718 2287 860 2336 non
889 2273 1064 2332 esset
1101 2263 1353 2331 directe
1396 2276 1600 2345 super
1640 2272 1839 2319 suum
1905 2241 2262 2311 fulcimen-

814 2481 1042 2551 Unum
1081 2486 1312 2547 autem
1375 2470 1669 2564 pectoris
1714 2461 2095 2532 membrum
2129 2477 2266 2522 ma-

725 2586 1043 2655 nifestum
1076 2590 1178 2652 est
1204 2576 1537 2652 mamilla,
1570 2592 1775 2664 quam
1805 2566 1990 2634 solus
2057 2559 2263 2627 honio

722 2695 927 2765 habet
1001 2701 1156 2761 ante
1244 2694 1479 2780 pectus
1543 2703 1769 2757 suum,
1840 2683 1903 2742 et
1971 2668 2266 2738 hominis

726 2800 1037 2896 quaedam
1078 2793 1588 2873 similitudines,
1621 2789 1793 2855 sicut
1821 2791 1922 2850 est
1952 2778 2170 2848 simia,
2205 2782 2271 2840 et

727 2930 1086 3001 pygmeus,
1120 2913 1188 2973 et
1217 2902 1351 2971 alia
1380 2897 1693 2991 quaedam
1716 2888 2035 2960 animalia
2054 2883 2272 2952 homi-

729 3020 797 3088 ni
828 3016 1101 3093 similia,
1145 3014 1228 3082 de
1256 3009 1508 3103 quibus
1538 3003 1816 3074 inferius
1870 3000 2264 3088 loquemur:

730 3126 876 3196 haec
927 3125 1110 3195 enim
1159 3121 1297 3189 fere
1348 3114 1583 3188 omnia
1637 3129 1971 3180 mammas
2025 3102 2271 3171 habent

733 3235 1034 3307 anterius
1064 3236 1134 3302 in
1162 3236 1477 3324 pectore:
1521 3223 1639 3295 sed
1677 3243 1832 3290 cum
1868 3211 2142 3306 elephas
2189 3211 2278 3278 li-

734 3353 842 3415 cet
875 3365 1015 3412 non
1060 3338 1425 3411 conveniat
1478 3355 1635 3403 cum
1693 3328 1972 3398 homine
2002 3323 2070 3390 in
2126 3320 2275 3387 loco

736 3450 1218 3526 mamillarum,
1258 3443 1585 3515 convenit
1618 3447 1847 3508 tamen
1903 3433 2107 3503 etiam
2157 3449 2280 3496 nu·

738 3580 961 3645 mero,
1000 3558 1161 3651 quia
1200 3555 1374 3624 duas
1400 3551 1631 3623 habet.

828 3665 1071 3736 Adhuc
1093 3672 1325 3734 autem
1354 3658 1632 3753 elephas
1684 3656 1854 3724 duas
1899 3648 2103 3720 habet
2132 3668 2282 3714 ma-

738 3772 965 3845 millas
991 3773 1164 3841 sicut
1187 3769 1401 3840 homo
1443 3784 1637 3835 mas:
1676 3759 1796 3830 sed
1832 3754 2137 3827 nondum
2175 3753 2284 3819 vi-

742 3904 897 3953 sum
926 3889 1028 3950 est
1073 3878 1252 3972 apud
1301 3899 1429 3946 nos
1467 3872 1650 3967 quod
1699 3865 1979 3961 aliquod
2032 3859 2279 3931 animal

743 3990 1004 4063 habens
1027 3990 1396 4059 indivisum
1426 3984 1668 4077 pedem
1707 3981 1775 4048 in
1804 3999 2052 4046 corneo
2089 3981 2283 4040 sotu-

744 4100 896 4180 lari,
930 4099 1102 4168 sicut
1127 4096 1475 4167 masculus
1503 4090 1746 4162 habeat
1776 4084 2146 4156 mamillam
2179 4080 2289 4149 ni-

748 4208 806 4275 si
838 4206 909 4273 in
944 4204 1173 4274 colore
1209 4211 1274 4272 et
1305 4201 1684 4294 quantitate
1714 4192 1913 4262 valde
1959 4188 2292 4261 similetur

750 4313 953 4383 matri
993 4313 1323 4405 :quidam
1372 4309 1558 4378 enim
1615 4304 1772 4397 equi
1818 4320 2042 4370 mares
2093 4295 2288 4365 valde

752 4418 1081 4489 matribus
1109 4417 1369 4487 similes
1398 4413 1653 4484 inventi
1709 4418 1868 4478 sunt
1920 4402 2288 4475 mamillam

752 4528 1027 4608 habere,
1067 4527 1186 4597 sed
1216 4548 1398 4596 raro.
1429 4523 1528 4591 De
1560 4521 1664 4590 his
1693 4527 1921 4587 autem
1952 4513 2124 4583 infra
2150 4520 2294 4581 tra-

755 4634 1069 4704 ctabitur.

1675 469 1756 534 D.
1814 463 2007 532 ALB.
2059 455 2272 526 MAG.
2327 453 2533 520 ORD.
2584 448 2886 520 PRAED.

2905 1470 3198 1540 CAPUT
3248 1469 3335 1535 ll.

2369 2237 2472 2302 De
2502 2227 2825 2299 membris
2852 2222 3241 2313 manifestis
3278 2214 3734 2287 exterioribus
3766 2232 3926 2278 cor-

2444 2340 2643 2433 poris
2670 2330 3175 2428 pertinentibus
3240 2327 3337 2395 ad
3382 2335 3671 2397 molum,
3731 2329 3796 2386 et
3844 2316 3929 2383 de

2459 2446 2623 2513 aliis
2686 2464 2838 2533 qua’
2911 2446 3407 2529 comparantur
3454 2430 3567 2498 ad
3622 2423 3929 2494 membra

2458 2551 2780 2628 hominis,
2803 2556 3057 2640 praeler
3082 2551 3378 2635 caputet
3425 2537 3690 2607 collum
3717 2543 3784 2600 et
3810 2552 3935 2623 pe·

2459 2671 2632 2742 clus,
2664 2670 2727 2726 el
2747 2656 3093 2749 praecipue
3122 2652 3206 2719 de
3221 2648 3495 2740 mequla
3524 2655 3589 2713 et
3627 2663 3837 2710 cornu
3870 2647 3936 2704 et

2458 2770 2635 2863 pilo.

2479 3629 2784 3702 Membra
2813 3646 2964 3718 qum
3002 3626 3522 3711 consequuntur
3550 3615 3621 3681 in
3661 3607 3947 3679 manife-

2389 3751 2495 3812 sto
2522 3738 2855 3830 corporis,
2922 3739 3080 3800 sunt
3136 3731 3310 3796 sicut
3376 3723 3583 3816 pedes
3614 3716 3946 3812 posterio-

2392 3876 2522 3928 res,
2577 3849 2663 3915 de
2708 3842 2956 3937 quihus
3015 3834 3437 3930 loquendum
3505 3838 3606 3899 est
3676 3832 3954 3922 propter

2393 3954 2934 4031 convenientiam
2966 3970 3171 4040 quam
3204 3941 3457 4012 liabent
3486 3938 3571 4007 ad
3601 3935 3809 4029 pedes
3828 3955 3950 4002 an-

2393 4070 2698 4137 teriores.

2489 4173 2817 4241 Dicamus
2848 4166 3080 4256 igitur,
3123 4158 3306 4253 quod
3357 4159 3425 4226 in
3476 4151 3788 4246 pluribus
3828 4148 3956 4213 lla·-

2395 4284 2514 4350 xio
2575 4276 2831 4370 pedum
2888 4269 3309 4340 anteriorum
3373 4272 3442 4331 et
3496 4258 3957 4352 posteriorum

2398 4382 2799 4456 animalium
2837 4403 2875 4447 e
2927 4393 3262 4447 converso
3308 4367 3591 4440 tlexioni
3623 4383 3959 4434 manuum

2400 4504 2469 4565 et
2505 4492 2754 4587 pedum
2784 4485 3112 4557 hominis.
3152 4481 3339 4550 Licet
3367 4476 3551 4547 enim
3592 4474 3662 4541 in
3701 4468 3959 4540 liaben-

2401 4607 2492 4675 do
2522 4610 2817 4695 quatuor
2845 4598 3007 4665 istas
3045 4589 3513 4662 extremitates
3551 4604 3708 4653 cum
3738 4572 3964 4648 homi-

2403 4737 2490 4783 ne
2517 4708 3047 4781 communicent.
3089 4698 3404 4764 «litii-runt
3446 4702 3676 4761 tame-n
3728 4688 3795 4754 in
3836 4685 3965 4750 no-

2404 4817 2650 4890 ctendo
2681 4836 2795 4885 eas
2824 4837 2861 4879 e
2901 4832 3234 4879 converso
3266 4829 3404 4898 quo
3448 4802 3655 4870 lle-etit
3685 4819 3799 4863 eas
3831 4791 3967 4859 lio-

2404 4952 2549 5005 mo,
2577 4932 2822 5018 praeter
2847 4917 3317 5012 elephantem:
3351 4919 3420 4978 et
3458 4909 3637 4978 l'orte
3678 4905 3825 4972 istm
3854 4900 3970 4968 lle·

2407 5040 2649 5107 xionrs
2676 5028 3224 5099 divmincantur
3256 5023 3329 5092 in
3375 5015 3671 5089 diversis
3708 5011 3972 5080 anima-

2410 5144 2588 5213 libus
2618 5142 2686 5208 in
2716 5137 2925 5208 modo
2980 5133 3097 5226 qui
3127 5140 3206 5201 ut
3266 5133 3340 5200 in
3384 5125 3624 5198 multis
3667 5141 3812 5190 non
3869 5124 3974 5186 eet

2410 5260 2639 5327 notus,
2684 5244 3025 5340 proeeipue'
3047 5241 3117 5309 in
3149 5240 3381 5332 parvis
3408 5227 3851 5312 animalibus,
3888 5222 3973 5292 de

2410 5358 2660 5451 quibus
2690 5353 2801 5422 hic
2829 5371 2970 5420 non
2992 5347 3373 5440 loquimur.
3406 5336 3757 5409 Animalia
3784 5332 3972 5402 enim

2413 5459 2877 5559 quadrupedia
2911 5456 3039 5526 sibi
3080 5453 3330 5524 similia
3376 5443 3805 5541 generantia,
3847 5457 3976 5529 pe-

2411 5575 2533 5644 des
2559 5569 2931 5641 anteriores
2960 5565 3030 5634 in
3056 5560 3315 5658 poplite
3343 5566 3412 5628 et
3441 5560 3701 5625 rasceta
3738 5546 3977 5616 flexio-

2412 5704 2536 5752 nes
2563 5681 2921 5750 incurvant
2948 5672 3036 5741 ad
3063 5666 3350 5741 interius
3377 5670 3447 5735 et
3473 5658 3723 5756 pedem
3750 5668 3978 5725 recur-

2412 5795 2579 5857 vant
2615 5785 2699 5853 ad
2739 5782 3022 5852 interius
3056 5797 3298 5847 versus
3333 5778 3687 5843 ventrem:
3721 5759 3977 5834 nexio-
