4919 6371
1968 298 2140 365 LIB.
2194 296 2357 363 VIII
2404 295 2524 365 DE
2570 297 3165 383 ANIMALIBUS,
3217 300 3531 370 TRACT.
3587 298 3687 368 lV

1244 474 1621 563 Postquam
1652 475 1879 537 autem
1911 468 2313 559 perfecerint
2358 490 2581 537 ceram
2647 479 2715 539 et

1158 580 1317 659 mel,
1353 578 1727 670 pullificare
1775 576 2151 665 incipiunt:
2188 598 2410 668 neque
2449 587 2549 646 est
2581 579 2719 645 im-

1160 685 1535 780 probabile,
1582 685 1909 774 quoniam
1957 683 2182 774 pullos
2229 685 2614 775 producunt
2642 686 2713 752 in

1159 794 1397 863 eadem
1437 791 1669 870 domo,
1709 793 1776 859 in
1816 816 1950 884 qua
1975 803 2076 861 est
2116 794 2251 862 mel
2282 802 2350 863 et
2407 793 2710 870 cakineS,

1153 901 1284 968 hoc
1315 907 1438 978 est,
1483 922 1706 968 mares
1763 922 1969 990 apum
2005 924 2021 968 :
2068 904 2228 993 quia
2294 901 2464 991 pulli
2504 901 2715 966 teneri

1156 1008 1463 1099 indigent
1491 1032 1693 1078 succo
1723 1009 1988 1077 subtilis
2017 1008 2264 1077 mellis·

1246 1114 1542 1195 Quidam
1582 1118 1789 1184 etiam
1819 1116 2051 1184 dicunt
2090 1114 2375 1205 experti,
2427 1113 2612 1203 quod
2659 1113 2716 1180 si

1156 1247 1276 1292 rex
1304 1224 1376 1291 in
1406 1224 1660 1292 alveari
1707 1224 1903 1307 vivit,
1946 1232 2108 1291 tunc
2150 1242 2373 1288 mares
2410 1219 2718 1288 habitant

1156 1332 1229 1398 in
1285 1352 1423 1398 una
1463 1339 1657 1420 parte
1702 1329 1998 1396 distincti
2037 1350 2077 1396 a
2113 1327 2436 1396 foeminis.
2478 1326 2551 1395 Si
2591 1351 2720 1395 au-

1158 1445 1296 1506 tem
1345 1443 1658 1504 mortuus
1707 1442 1833 1518 est,
1867 1444 2028 1503 tunc
2084 1437 2156 1502 in
2185 1435 2443 1503 eisdem
2494 1434 2723 1502 domi-

1160 1544 1288 1611 bus
1328 1541 1721 1633 permixtim
1779 1538 2090 1610 habitant
2137 1563 2362 1609 mares
2392 1550 2459 1609 et
2494 1540 2723 1608 foemi-

1160 1671 1291 1728 nae,
1334 1671 1416 1716 eo
1449 1648 1633 1738 quod
1661 1656 1820 1715 tunc
1841 1669 1979 1714 non
2010 1647 2253 1715 timent
2284 1648 2712 1738 magistrum.

1160 1756 1381 1824 Mares
1412 1763 1642 1823 autem
1672 1762 1904 1822 carent
1931 1753 2210 1834 aculeiS,
2258 1753 2381 1822 etsi
2421 1755 2723 1821 nitantur

1161 1887 1466 1955 pungere
1515 1862 1907 1953 aliquando,
1960 1863 2156 1952 quasi
2212 1863 2350 1929 sint
2406 1860 2717 1940 aculeati,

1165 1994 1307 2040 non
1355 1979 1663 2061 possunt.
1735 1969 1957 2037 Mares
2013 1971 2219 2037 etiam
2286 1969 2559 2061 quando
2615 1969 2727 2036 vi-

1162 2086 1364 2145 vente
1396 2072 1556 2167 rege
1603 2074 1913 2143 habitant
1986 2075 2273 2144 solitarii
2321 2077 2725 2166 sequestrati

1167 2208 1207 2254 a
1240 2185 1561 2264 l’oeminiS,
1595 2194 1932 2274 occupant
1972 2186 2197 2274 plures
2235 2184 2479 2254 domos
2519 2206 2724 2275 quam

1164 2293 1485 2361 foeminae.
1546 2291 1800 2359 Dicunt
1873 2295 2080 2360 etiam
2156 2292 2462 2383 quidum,
2541 2291 2726 2383 quod

1164 2398 1534 2491 aliquando
1569 2419 1789 2466 mares
1846 2399 2101 2466 faciunt
2139 2399 2267 2467 sihi
2301 2399 2564 2490 aliquas
2603 2399 2727 2466 do-

1165 2528 1316 2574 mos
1371 2528 1457 2572 ex
1503 2527 1659 2573 cera
1715 2528 1921 2596 quam
1970 2513 2542 2597 comparaverunt
2597 2505 2728 2573 foe-

1169 2615 1399 2681 minae.

1255 2722 1428 2790 Cum
1459 2730 1688 2789 autem
1719 2746 1969 2812 genera
2046 2747 2253 2815 apum
2298 2725 2433 2791 sint
2484 2723 2722 2804 multa,

1166 2839 1394 2899 tamen
1428 2841 1723 2900 rectores
1771 2856 2006 2900 earum
2035 2841 2193 2900 sunt
2236 2833 2529 2902 duorum
2568 2858 2728 2902 nio-

1168 2939 1440 3020 dorum,
1502 2938 1699 3029 niger
1751 2937 2090 3018 videlicet,
2133 2948 2201 3008 et
2267 2941 2515 3008 rubeus
2558 2941 2727 3009 :sed

1171 3044 1416 3113 melior
1443 3053 1543 3112 est
1577 3043 1848 3112 rubens.
1884 3047 2051 3136 Apis
2109 3056 2337 3114 autem
2407 3047 2588 3115 bona
2622 3056 2725 3116 est

1167 3174 1378 3244 parva
1451 3152 1745 3221 rotunda
1798 3153 1867 3221 in
1939 3177 2012 3224 se
2069 3155 2303 3234 densa,
2376 3157 2568 3246 quasi
2642 3158 2729 3226 sit

1167 3262 1562 3331 constricta.
1634 3261 1988 3330 Invenitur
2042 3264 2247 3331 etiam
2333 3265 2465 3331 alia
2523 3264 2728 3355 longa

1166 3372 1363 3462 quasi
1403 3393 1633 3461 vespae
1674 3372 1932 3440 citrinoe
1973 3374 2042 3440 in
2075 3373 2293 3463 ligura
2349 3373 2615 3451 similis,
2660 3382 2729 3441 et

1164 3477 1363 3546 tertia
1402 3480 1751 3547 invenitur
1790 3501 1998 3569 quam
2055 3480 2221 3549 σαί-ο
2262 3480 2540 3572 quidam
2598 3505 2731 3550 vo-

1165 3592 1346 3663 cant,
1389 3606 1544 3675 quoe
1602 3595 1704 3653 est
1770 3608 2022 3676 magna
2051 3585 2169 3655 lati
2197 3587 2479 3655 ventris.
2527 3586 2730 3657 Inve-

1166 3690 1451 3758 niuntur
1486 3690 1735 3759 iteruin
1774 3692 1979 3761 ctiam
2018 3692 2168 3760 aliae
2196 3716 2349 3785 quoe
2379 3695 2727 3761 communi

1168 3799 1446 3867 nomine
1476 3799 1675 3866 cah-in
1704 3798 2047 3879 dicuntur,
2097 3823 2249 3891 quae
2295 3809 2455 3868 sunt
2511 3801 2728 3891 majo-

1170 3930 1275 3975 res
1315 3906 1638 3975 omnibus
1675 3906 1828 3976 aliis
1856 3908 2125 3999 apibuS,
2168 3917 2235 3978 et
2275 3917 2434 3977 sunt
2462 3910 2731 4001 ponde-

1170 4038 1367 4094 rosae,
1409 4014 1640 4107 gravis
1668 4016 1963 4097 volatus,
1997 4027 2064 4086 et
2093 4040 2233 4087 non
2282 4016 2536 4087 liabent
2564 4040 2731 4086 acu-

1172 4124 1341 4194 leos.

1255 4230 1503 4301 Adhuc
1587 4242 1817 4302 autem
1904 4235 2188 4303 diversa}
2265 4234 2731 4326 dispositionis

1168 4345 1328 4408 sunt
1357 4362 1520 4429 apes
1577 4362 1730 4431 quae
1775 4349 2149 4410 nascuntur
2202 4339 2288 4408 ab
2347 4338 2455 4408 his
2493 4340 2734 4431 apibus

1167 4469 1320 4539 quoe
1350 4456 1724 4538 pascuntur
1747 4449 1949 4517 flores
2006 4447 2434 4528 hortulanus,
2477 4449 2563 4517 ab
2603 4450 2735 4517 illis

1168 4575 1323 4644 quae
1351 4561 1728 4622 nascuntur
1763 4578 1846 4623 ex
1876 4555 2121 4647 apibus
2165 4578 2319 4647 quae
2366 4564 2737 4647 pascuntur

1171 4662 1374 4729 flores
1403 4669 1773 4730 montanos
1807 4684 1823 4730 ε
1867 4661 2112 4731 harum
2148 4662 2335 4731 enim
2387 4663 2580 4732 cibus
2633 4671 2734 4732 est

1172 4791 1257 4837 ex
1287 4766 1572 4835 floribus
1601 4770 1989 4862 plantarum
2029 4780 2538 4851 montanarum,
2568 4795 2734 4864 pro·

1174 4883 1326 4967 pter
1360 4874 1544 4966 quod
1602 4887 1761 4946 sunt
1836 4878 2148 4948 fortiores
2213 4888 2280 4948 ct
2338 4880 2636 4947 minores
2664 4888 2731 4946 et

1171 4983 1326 5074 plus
1355 4983 1692 5074 patientes
1737 4984 2009 5055 laboris.

1262 5087 1510 5161 Adhuc
1540 5101 1771 5161 autem
1802 5117 1963 5186 apes
1992 5092 2190 5163 bonoe
2226 5103 2385 5163 sunt
2414 5106 2483 5166 et
2527 5120 2732 5178 sanae,

1176 5220 1331 5289 quae
1369 5197 1629 5269 faciunt
1668 5201 1804 5270 mel
1834 5201 2107 5271 subtile.

1261 5304 1509 5377 Adbuc
1565 5316 1794 5377 autem
1860 5308 2404 5379 consideratione
2452 5310 2734 5401 dignum

1172 5412 1376 5482 estin
1407 5414 1731 5505 operibus
1777 5438 2011 5509 apum,
2067 5415 2252 5508 quod
2304 5416 2536 5485 omnia
2583 5443 2742 5487 coo-

1171 5523 1472 5615 pertoria
1524 5546 1676 5617 qum
1732 5535 1894 5597 sunt
1929 5547 2136 5618 super
2161 5525 2333 5593 ostia
2371 5526 2737 5597 domorum

1177 5652 1485 5714 suarum,
1521 5633 1943 5704 extrinsecus
1970 5642 2131 5702 sunt
2158 5633 2392 5704 tenuia
2417 5632 2642 5720 valde,
2674 5644 2742 5706 et

4247 301 4374 369 467

2822 473 3006 563 quod
3053 474 3258 541 totius
3304 473 3525 540 forma
3585 473 3806 540 mellis
3864 483 3964 541 cst
3997 497 4153 542 una.
4201 472 4358 563 Opti

2824 603 3016 647 mum
3045 588 3274 647 autem
3316 587 3418 647 est
3456 579 3622 656 mel,
3661 579 3847 669 quod
3884 589 3986 647 est
4034 582 4385 650 consimile

2825 686 2895 751 in
2961 684 3292 773 partibuS,
3336 693 3403 750 et
3450 683 3698 752 subtile
3730 684 3916 774 quod
3972 686 4178 754 habet
4207 688 4387 755 colo·

2827 814 2969 858 rem
3001 793 3172 857 auri.

2913 899 3231 989 Amplius
3260 900 3332 967 id
3359 899 3545 990 quod
3583 901 3934 968 invenitur
3973 886 4041 968 in
4072 901 4388 970 domibus

2825 1026 3058 1095 apum,
3095 1014 3197 1074 est
3224 1015 3340 1072 aut
3370 1005 3564 1095 pulli,
3619 1014 3736 1072 aut
3785 1006 3945 1084 mel,
3995 1015 4113 1074 aut
4170 1031 4388 1077 mares

2827 1135 3058 1203 apum.

2914 1218 3157 1286 Adhuc
3197 1227 3427 1286 autem
3461 1240 3623 1307 apes
3654 1218 3967 1308 quaedam
4024 1229 4182 1288 sunt
4242 1245 4393 1288 ma-

2824 1351 3002 1420 gnae,
3057 1337 3124 1395 et
3181 1326 3315 1394 illae
3370 1326 3630 1393 faciunt
3685 1326 3985 1395 alvearia
4034 1351 4155 1396 sua
4199 1330 4393 1420 quasi

2826 1433 3118 1524 aequalia
3203 1432 3379 1511 aliis,
3440 1434 3562 1501 scd
3628 1433 3888 1502 faciunt
3952 1434 4170 1514 favoS,
4239 1459 4390 1527 quae

2824 1549 2983 1607 sunt
3020 1541 3450 1629 coopertoria
3486 1539 3856 1607 domorum
3889 1563 4166 1608 suarum
4200 1542 4393 1632 quasi

2826 1647 3113 1738 gibbosa
3191 1655 3260 1713 et
3314 1646 3640 1730 arcualia‚
3703 1668 3843 1713 non
3909 1648 3992 1715 ad
4054 1670 4256 1714 unam
4305 1649 4394 1715 li-

2830 1777 3029 1822 neam
3097 1753 3452 1844 aequaliter
3535 1753 4039 1835 descendentia,
4110 1756 4227 1824 sed
4321 1757 4389 1822 in

2827 1862 3076 1929 finibus
3121 1870 3432 1943 retracta,
3495 1870 3564 1929 et
3605 1864 3675 1928 in
3742 1862 3968 1930 medio
4034 1863 4391 1932 arcualiter

2828 1968 3330 2048 descendentia,
3400 1970 3573 2037 sicut
3657 1969 3912 2037 faciunt
3978 1993 4137 2060 apes
4203 1972 4390 2039 citri-

2828 2099 2959 2144 nae.

2916 2184 3160 2253 Adhuc
3190 2192 3421 2253 autem
3475 2186 3544 2252 in
3584 2185 3829 2275 apibus
3869 2184 4233 2276 aliquando
4287 2189 4397 2253 in-

2828 2295 3199 2360 veniuntur
3256 2315 3449 2382 reges
3526 2292 3688 2359 mali
3748 2295 4098 2383 tyrannice
4168 2294 4395 2362 domi-

2829 2409 3092 2479 nanteS,
3128 2409 3196 2468 et
3223 2421 3449 2468 mares
3500 2422 3738 2467 earum
3787 2400 4157 2491 aliquando
4209 2404 4402 2469 inve-

2831 2509 3112 2576 niuntur
3150 2507 3338 2587 mali,
3374 2515 3440 2576 et
3478 2508 3606 2576 hos
3651 2509 4052 2587 interlicere,
4088 2509 4259 2577 sicut
4292 2509 4400 2576 di-

2830 2624 3014 2682 ctum
3045 2623 3170 2696 est,
3203 2622 3733 2683 consueverunt.
3767 2614 4040 2705 Jupiter
4067 2612 4250 2679 enim
4310 2634 4399 2678 ex

2832 2723 2967 2791 alto
3020 2722 3266 2790 dicitur
3322 2721 3498 2790 hanc
3556 2722 3874 2788 statuisse
3923 2720 4174 2810 legem,
4217 2718 4402 2809 quod

2832 2829 3179 2921 tyrannice
3238 2828 3675 2897 dominantes
3734 2827 4249 2904 interficiantur,
4310 2848 4391 2892 eo

2832 2935 3016 3027 quod
3047 2934 3367 3026 prodesse
3435 2958 3574 3003 non
3616 2940 3894 3002 norunt.
3930 2932 4009 3000 ln
4075 2929 4394 3000 domibus

2831 3052 3059 3112 autem
3091 3065 3297 3135 apum
3348 3043 3813 3111 inasculorum
3867 3064 4018 3133 quae
4075 3040 4270 3108 cake’n
4303 3039 4401 3107 di·

2832 3160 3101 3230 cuntur,
3134 3159 3254 3221 aut
3300 3150 3469 3220 nihil
3514 3159 3633 3219 aut
3664 3173 3909 3243 parum
3944 3147 4164 3217 mellis
4205 3148 4399 3217 inve-

2832 3262 3037 3330 nitur.

2918 3371 3102 3460 Apes
3157 3378 3387 3438 autem
3448 3367 3821 3460 aliquando
3910 3367 4143 3434 sedent
4203 3389 4407 3456 super

2833 3476 3152 3556 alvearia,
3195 3485 3264 3545 et
3293 3484 3549 3567 sugunt
3578 3475 3711 3544 mel
3746 3474 3929 3567 quod
3961 3482 4064 3542 est
4095 3474 4162 3540 in
4202 3473 4399 3550 favis,

2832 3586 3018 3679 quod
3057 3609 3179 3677 per
3205 3585 3495 3654 alvearis
3524 3585 3804 3655 resudat
3853 3584 4071 3653 latera
4127 3605 4142 3650 :
4191 3592 4259 3651 et
4299 3582 4409 3650 di-

2832 3705 3019 3775 cunt,
3063 3696 3248 3787 quod
3301 3697 3433 3763 nisi
3473 3694 3774 3764 Iacerent
3812 3692 3970 3773 hoc,
4004 3714 4408 3781 corrumpe-

2833 3811 3019 3871 retur
3074 3801 3209 3869 mel
3276 3801 3461 3893 quod
3516 3802 3720 3869 estin
3760 3799 3934 3868 favis
3984 3799 4155 3867 l'orte
4188 3797 4400 3865 ninnio

2833 3910 3123 3979 humore
3166 3930 3183 3976 :
3219 3932 3305 3978 ex
3342 3909 3537 3997 cujus
3591 3909 4034 4000 corruptione
4064 3929 4407 3998 generan-

2834 4027 2948 4086 tur
3001 4015 3316 4109 qua-dam
3388 4039 3657 4085 aranea·
3717 4039 3873 4109 quze
3955 4021 4404 4106 corrumpunt

2833 4125 3048 4194 favos.
3112 4124 3366 4194 Dicunt
3448 4133 3678 4193 autem
3738 4125 4025 4214 experti,
4093 4122 4276 4214 quod
4347 4121 4402 4188 si

2834 4236 2981 4323 apis
3020 4234 3242 4324 primo
3275 4241 3644 4322 antequam
3669 4253 3920 4298 aranea
3952 4230 4402 4306 confortetur,

2835 4341 3021 4409 sedet
3080 4363 3288 4432 super
3323 4362 3503 4417 eam,
3538 4347 3604 4407 et
3646 4339 3857 4428 sugit,
3891 4345 3959 4406 et
4012 4336 4195 4405 fovet
4254 4360 4406 4405 eam

2835 4448 3356 4540 aliquantulum,
3418 4448 3565 4539 ipsa
3632 4444 4113 4515 reverteturin
4143 4444 4400 4523 l'avuru,

2835 4557 2944 4625 vel
2987 4556 3055 4624 in
3094 4555 3256 4635 mel,
3315 4555 3425 4623 vel
3482 4555 3568 4623 ad
3626 4554 3863 4623 minus
3903 4561 4281 4623 revertetur
4335 4552 4406 4620 in

2837 4664 3200 4734 humorem
3231 4665 3350 4755 qui
3380 4673 3486 4732 est
3520 4661 3716 4732 cibus
3772 4684 4008 4754 apum.
4044 4658 4118 4727 Si
4176 4667 4405 4728 autem

2839 4795 2980 4841 non
3017 4796 3090 4841 se
3126 4774 3222 4842 sic
3267 4795 3429 4864 apes
3503 4770 3971 4846 liberaverint,
4033 4768 4409 4836 morientur

2839 4904 3105 4961 omnes,
3139 4903 3221 4949 eo
3248 4878 3436 4972 quod
3473 4901 3739 4948 araneae
3778 4900 3936 4946 cum
3992 4877 4221 4968 parvis
4247 4898 4407 4944 ver-

2836 4987 3068 5057 mibus
3125 5010 3210 5056 ex
3276 4987 3636 5078 putredine
3695 5007 3866 5053 cerae
3929 4983 4270 5075 generatis
4325 4981 4413 5051 ad

2838 5095 3124 5165 modum
3197 5094 3672 5187 pediculorum
3742 5093 4094 5161 destruent
4170 5113 4410 5158 omnes

2840 5227 3025 5296 apes.
3089 5202 3231 5271 Illis
3283 5211 3513 5271 autem
3570 5201 3801 5293 parvis
3859 5199 4212 5269 vermibus
4268 5208 4416 5266 tan-

2840 5313 2997 5381 dem
3038 5320 3405 5381 nascentur
3467 5308 3591 5378 alae
3629 5332 3893 5400 parvae,
3929 5309 4177 5401 quibus
4217 5304 4415 5374 vola-

2839 5418 3034 5489 bunL

2931 5526 3175 5597 Adbuc
3204 5523 3559 5616 diligentia
3597 5546 3807 5617 apum
3837 5523 4311 5594 consideratur
4339 5519 4409 5586 in

2842 5636 2978 5708 hoc
3042 5633 3229 5729 quod
3295 5617 3568 5702 si't'orte
3599 5631 3683 5702 de
3752 5631 4010 5703 alveari
4056 5627 4239 5700 cadit
4264 5648 4409 5709 rex,
