4919 6371
631 469 760 535 424-

629 636 927 725 pascitur
992 652 1196 719 quam
1263 652 1410 695 mas
1466 631 1583 720 qui
1651 653 1800 698 eam
1868 632 2174 719 ejecerat.

630 736 1018 826 Aliquando
1046 743 1286 802 -autcm
1327 738 1420 802 ita
1451 736 1618 804 dura
1659 745 1759 805 est
1804 761 2030 828 pugna
2059 761 2180 828 pro

634 843 784 909 cibo
825 841 999 908 inter
1036 840 1183 909 haec
1213 843 1558 921 animalia,
1605 843 1787 934 quod
1819 867 2028 909 unum
2087 844 2182 907 in-

634 948 876 1015 terficit
940 947 1253 1027 alterum,
1288 958 1405 1016 aut
1473 972 1830 1039 quousque
1871 948 2049 1034 ejicit
2077 950 2183 1036 ip-

635 1078 786 1122 sum
818 1079 856 1122 a
897 1056 1043 1123 loco
1077 1055 1553 1123 thesaurorum
1594 1055 1724 1122 cibi
1764 1055 2174 1143 congregati,

635 1163 807 1229 sicut
837 1163 1156 1229 diximus.
1232 1160 1544 1228 Similem
1602 1167 1830 1226 autem
1883 1182 2180 1249 pugnam

634 1280 701 1339 et
738 1294 1011 1339 causam
1041 1291 1287 1359 pugnae
1318 1267 1572 1336 habent
1610 1292 1765 1336 cum
1796 1268 1970 1348 liliis,
2005 1279 2184 1358 post-

635 1399 841 1468 quam
909 1373 1329 1441 adoleverint
1395 1381 1460 1441 et
1525 1374 1801 1464 perfecti
1867 1374 2109 1440 fuerint
2163 1397 2176 1439 :

637 1479 963 1572 quamdiu
1028 1479 1208 1546 enim
1271 1479 1388 1546 filii
1448 1480 1756 1571 indigent
1826 1488 2182 1571 parentum

634 1591 1047 1681 provisione,
1118 1614 1496 1681 numquam
1582 1593 2067 1682 impugnantur
2147 1614 2185 1657 a

636 1697 1029 1787 parentibus
1061 1698 1126 1763 in
1158 1696 1388 1788 aliquo
1418 1722 1668 1788 genere
1699 1698 2116 1765 animalium.

724 1822 822 1890 Ea
878 1833 1102 1891 autem
1161 1824 1483 1892 animalia
1515 1847 1665 1915 quae
1705 1848 1974 1892 carnem
2031 1848 2186 1891 cru-

635 1931 791 1997 dam
822 1930 1212 2007 comedunt,
1257 1931 1450 2019 quasi
1511 1953 1668 1997 cum
1701 1931 2016 1997 omnibus
2056 1953 2186 2019 pu·-

633 2044 846 2127 gnant
903 2037 1337 2116 animalibus,
1399 2060 1479 2104 eo
1549 2038 1735 2128 quod
1782 2041 2009 2105 onmia
2049 2038 2182 2106 fere

634 2142 951 2210 animalia
1010 2143 1142 2209 sint
1201 2144 1392 2210 cibus
1459 2167 1720 2222 eorum,
1803 2153 2045 2234 praeter
2107 2168 2184 2212 ea

632 2272 781 2338 quae
820 2258 979 2315 sunt
1007 2250 1311 2336 ejusdem
1372 2251 1620 2339 speciei
1669 2273 1823 2318 cum
1857 2251 2040 2341 ipsis,
2074 2274 2186 2316 ex-

631 2357 840 2445 ceptis
870 2356 1065 2423 valde
1104 2359 1338 2447 paucis
1368 2359 1724 2448 aquaticis,
1761 2383 1910 2448 qua·
1953 2381 2186 2426 come-

631 2459 800 2530 dunt
838 2464 1187 2532 individua
1216 2488 1355 2532 suae
1402 2466 1647 2556 speciei
1707 2468 1879 2534 sicut
1942 2466 2180 2533 luciusi.

629 2570 883 2661 Aquila
912 2573 1114 2637 etiam
1154 2571 1550 2661 aliquando,
1587 2583 1657 2639 ut
1693 2573 1852 2640 dicit
1892 2574 2186 2641 Avicen-

633 2699 744 2754 na,
816 2678 963 2744 visa
1013 2687 1111 2744 est
1151 2678 1478 2745 devorare
1520 2680 1847 2770 aquilam,
1891 2681 2008 2747 sed
2057 2680 2183 2747 hoc

632 2804 770 2848 non
802 2781 981 2860 fecit,
1027 2784 1154 2849 nisi
1198 2784 1388 2863 irata,
1425 2787 1699 2875 quando
1731 2787 2035 2855 videlicet
2070 2787 2182 2852 diu

630 2887 969 2955 luctantur
999 2890 1241 2979 aquilae
1274 2915 1396 2980 pro
1429 2892 1653 2981 pra-«la
1695 2893 1944 2983 aliqua,
1980 2917 2182 2983 quam

625 2994 803 3083 cepit
864 2993 1075 3062 altera
1132 3018 1369 3063 earum
1445 3020 1461 3063 :
1525 3007 1686 3065 tunc
1755 3002 1937 3067 enim
1993 3000 2184 3077 alteri

620 3104 958 3193 contingit
1007 3103 1197 3193 quod
1262 3106 1543 3171 vincens
1592 3105 1872 3173 devorat
1911 3109 2180 3184 victam,

628 3210 912 3299 quando
954 3235 1090 3278 non
1115 3213 1365 3281 suflicit
1394 3217 1451 3281 ci
1485 3215 1708 3304 praeda
1757 3241 1961 3306 quam
1995 3219 2188 3285 inve·-

625 3317 727 3384 nit
778 3318 955 3409 apud
995 3342 1168 3386 eam.

725 3424 885 3492 llaec
924 3433 1152 3492 autem
1218 3449 1420 3493 causa
1496 3437 1621 3508 est,
1676 3429 1856 3520 quod
1926 3431 2192 3498 anima-

643 3529 733 3597 lia
819 3530 1186 3622 aliquando
1253 3532 1430 3600 inter
1493 3555 1565 3601 se
1645 3536 2041 3604 dividuntur
2122 3540 2191 3605 in

647 3639 848 3716 acies,
944 3647 1011 3707 et
1103 3639 1413 3729 quaedam
1482 3652 1641 3710 sunt
1725 3645 2190 3735 impugnantia

653 3745 786 3812 alia
842 3753 917 3812 ut
972 3744 1295 3814 devorent
1381 3770 1485 3816 ea.
1574 3750 1899 3829 Quaedam
1965 3760 2192 3820 autem

647 3862 1174 3947 congregantur,
1217 3865 1287 3923 ut
1342 3881 1414 3927 se
1464 3868 1706 3927 mutuo
1754 3862 2063 3949 juvantia
2110 3862 2193 3929 ab

652 3961 1214 4054 impugnantibus
1281 3962 1669 4035 defendant.
1755 3967 1938 4047 Quas
2021 3970 2196 4037 acies

652 4069 815 4136 dum
849 4069 1235 4160 frequenter
1269 4071 1505 4140 vident
1535 4074 1710 4140 inter
1738 4075 2054 4143 animalia
2085 4076 2198 4143 lie·

649 4175 706 4242 ri
745 4197 1064 4266 augureS,
1096 4173 1328 4243 dicunt
1392 4177 1776 4268 significare
1822 4181 2049 4271 praelia
2086 4183 2199 4251 l'u-

654 4287 805 4348 tura
872 4281 1050 4348 inter
1111 4277 1452 4367 homineS,
1507 4293 1871 4374 arguentes
1924 4310 2007 4355 ex
2071 4287 2197 4356 hoc

650 4388 834 4478 quod
888 4389 1165 4457 effectus
1223 4389 1600 4459 coelestium
1641 4394 1840 4460 citius
1878 4406 2200 4485 apparent

653 4494 725 4561 in
753 4492 861 4561 his
890 4517 1043 4585 quw
1093 4493 1239 4561 sola
1301 4504 1601 4586 aguntur
1662 4506 1924 4576 natura,
1996 4524 2198 4592 quam

654 4596 722 4662 in
754 4593 1174 4671 hominibus,
1225 4619 1520 4685 quorum
1569 4598 2039 4669 inclinationes
2078 4626 2204 4669 na-

653 4711 820 4771 turae
898 4725 1077 4793 saepe
1129 4703 1511 4772 retinentur
1576 4707 1857 4775 rationis
1921 4709 2109 4777 obice
2180 4734 2195 4778 ε

651 4817 932 4903 propter
966 4809 1175 4901 quod,
1228 4818 1302 4877 ut
1349 4810 1507 4878 alibi
1553 4812 1875 4894 diximus,
1928 4841 2064 4885 non
2110 4821 2199 4885 ita

648 4916 935 4986 faciliter
968 4917 1054 4984 ab
1103 4916 1382 4985 homine
1431 4921 1895 5011 percipiuntur
1929 4926 2201 4993 effectus

649 5022 834 5091 orbis
863 5024 1036 5093 sicut
1066 5047 1105 5090 a
1136 5023 1374 5092 brutis.
1430 5025 1562 5095 l’er
1620 5033 2032 5099 contrarium
2072 5055 2200 5099 au-

650 5135 789 5195 tem
828 5123 1034 5216 hujus
1065 5124 1339 5218 quando
1378 5129 1610 5198 vident
1650 5133 1966 5201 aniimnlia
2014 5136 2203 5225 paci-

651 5233 849 5301 ficata
878 5235 1070 5326 sequi
1109 5258 1179 5303 se
1209 5235 1295 5304 ad
1328 5238 1647 5317 invicem,
1683 5262 1914 5329 parem
1962 5243 2042 5310 acl
2092 5246 2200 5311 in-

652 5339 870 5406 vicem
901 5338 1197 5408 suturam
1238 5342 1417 5409 inter
1474 5343 1786 5412 homines
1854 5352 2198 5437 pronosti-

650 5454 913 5515 cantur.

733 5552 908 5622 Cum
939 5561 1166 5620 autem
1196 5556 1560 5627 diminutio
1607 5562 1768 5645 cibi,
1819 5572 1889 5630 ut
1942 5565 2191 5635 dictum

645 5669 772 5740 est,
813 5660 906 5729 sit
952 5680 1157 5728 causa
1207 5659 1364 5730 belli
1419 5665 1595 5734 inter
1640 5669 1983 5751 animalia,
2025 5696 2195 5741 con-

650 5790 942 5863 sequens
1005 5762 1128 5847 est,
1175 5769 1362 5861 quod
1425 5775 1700 5862 quando
1736 5777 1928 5848 cibus
1955 5804 2190 5852 eorum

1676 460 1759 525 D.
1814 459 2009 526 ALB.
2063 460 2276 530 MAG.
2336 461 2541 530 ORD.
2599 463 2894 531 PRAED.

2285 632 2608 713 abundat,
2644 636 3007 702 mitescunt
3037 645 3199 702 tunc
3239 660 3315 703 ac
3358 637 3411 702 si
3446 639 3577 702 sint
3612 636 3845 702 dome-

2284 742 2471 816 stica,
2506 748 2572 806 ct
2598 749 2761 808 tunc
2790 745 3013 831 quiete
3042 752 3559 810 commorantur
3590 745 3658 811 in
3690 743 3840 810 loco

2285 868 2420 910 uno
2451 849 2825 913 communi.
2882 849 3103 938 Hujus
3152 860 3380 918 autem
3404 852 3679 940 signum
3712 860 3836 928 est,

2284 952 2467 1041 quod
2524 955 2593 1019 in
2658 954 2961 1046 lEgypto
3018 980 3465 1048 quaecumque
3520 958 3843 1025 animalia

2284 1057 2509 1126 herbis
2539 1071 2931 1149 pascuntur,
2975 1064 3179 1130 simul
3228 1064 3495 1141 vivunt,
3541 1075 3608 1132 et
3650 1066 3845 1132 mitia

2285 1175 2442 1233 sunt
2506 1167 2584 1234 ad
2664 1169 2958 1236 invicem
3046 1171 3220 1238 sicut
3291 1170 3690 1250 domestica,
3762 1194 3842 1238 eo

2287 1275 2467 1364 quod
2509 1277 2658 1344 talis
2689 1279 2819 1346 cibi
2851 1279 2921 1347 in
2977 1281 3281 1372 [Egypto
3326 1290 3421 1348 est
3495 1280 3848 1348 abundan-

2286 1384 2399 1448 tia.
2436 1381 2579 1450 Hac
2626 1385 2860 1454 eadem
2893 1386 2973 1454 de
3004 1409 3204 1455 causa
3234 1387 3489 1454 animal
3520 1396 3843 1454 vocatum

2285 1493 2807 1573 carococleilum‚
2842 1494 3027 1585 quod
3067 1505 3167 1563 est
3217 1496 3528 1585 quaedam
3587 1496 3843 1585 species

2287 1597 2629 1677 crocodili,
2665 1610 2730 1667 et
2760 1601 3011 1669 animal
3039 1602 3223 1693 quod
3262 1602 3509 1670 dicitur
3545 1603 3839 1681 leardon,

2289 1705 2470 1796 quod
2501 1715 2602 1773 est
2631 1708 2763 1775 alia
2803 1710 3124 1777 crocodili
3182 1714 3465 1800 species,
3502 1734 3740 1800 pacem
3781 1718 3849 1777 et

2289 1812 2862 1882 cohabitationem
2892 1814 3143 1884 habent
3172 1840 3329 1884 cum
3351 1817 3631 1884 animali
3665 1816 3850 1907 quod

2289 1919 2562 1986 cellltim
2635 1930 2940 2000 vocatur,
3021 1924 3205 2013 quod
3280 1932 3382 1992 cst
3455 1926 3849 2015 aquaticum

2290 2025 2631 2113 quoddam
2671 2029 3078 2119 quadrupeS,
3116 2031 3302 2120 quod
3350 2039 3643 2098 venatur
3690 2032 3852 2097 ani-

2290 2130 2516 2210 malia,
2560 2142 2626 2200 et
2691 2138 3151 2204 communicat
3194 2138 3638 2205 venationem
3687 2160 3843 2205 cum

2288 2237 2679 2327 pra-habitis
2718 2241 3037 2310 crocodili
3077 2243 3457 2332 speciebuS,
3493 2253 3560 2311 et
3597 2244 3693 2311 sic
3724 2268 3848 2312 co-

2287 2345 2498 2434 gitare
2565 2347 2645 2413 de
2704 2349 2868 2438 ipsis
2919 2349 3190 2417 videtur
3246 2358 3311 2417 et
3350 2351 3712 2441 providere
3748 2355 3843 2416 vis

2288 2451 2538 2517 cibum.

2377 2556 2461 2623 Et
2517 2556 2718 2647 hujus
2787 2562 3058 2650 signum
3109 2571 3386 2653 apparet
3419 2563 3488 2630 in
3530 2563 3847 2630 animalis

2288 2688 2532 2754 genere
2605 2668 2788 2756 quod
2865 2670 3206 2736 malachie
3262 2678 3571 2737 vocatur.
3646 2670 3847 2738 Istius·

2289 2773 2468 2837 enim
2499 2775 2764 2861 generis
2802 2776 3116 2865 quaedam
3178 2778 3436 2866 speeie-s
3482 2786 3581 2844 est
3630 2780 3841 2868 sepia,

2290 2903 2439 2967 qua·
2481 2903 2634 2947 cum
2667 2884 3038 2971 percutitur
3066 2884 3355 2952 tridente
3396 2887 3840 2976 piscatorum,

2291 3008 2433 3052 mas
2488 2987 2684 3075 juvat
2748 2989 3121 3057 foeminam.
3184 2991 3519 3059 Percussi»
3612 3003 3837 3059 autem

2290 3116 2498 3171 mare,
2560 3093 2832 3162 stetitina
2888 3095 3061 3188 sugit
3118 3097 3512 3189 relinquens
3578 3121 3838 3167 marem

2293 3205 2358 3270 in
2414 3205 2712 3293 periculo
2774 3228 2790 3271 :
2862 3214 2928 3273 et
2979 3208 3075 3275 sic
3140 3208 3211 3275 in
3267 3207 3580 3297 pluribus
3632 3209 3841 3276 estin

2293 3315 2600 3382 omnium
2641 3317 3041 3386 animalium
3073 3315 3379 3386 maribus
3408 3327 3474 3385 et
3517 3319 3837 3386 lwminis.

2384 3422 2741 3491 Similiter
2774 3434 3002 3497 autem
3034 3434 3099 3494 et
3157 3449 3356 3492 ursus
3409 3434 3672 3517 pugnat
3728 3424 3849 3491 ali-

2295 3529 2567 3618 quando
2596 3553 2754 3598 cum
2783 3531 2976 3598 asino
3015 3539 3082 3598 et
3106 3541 3330 3612 tauro,
3394 3554 3477 3600 eo
3527 3532 3715 3624 quod
3739 3554 3857 3599 ve-

2296 3636 2480 3703 natio
2543 3636 2683 3704 ursi
2714 3646 2815 3705 est
2868 3660 3025 3706 caro
3063 3639 3299 3718 cruda,
3334 3648 3399 3706 et
3450 3638 3602 3706 ideo
3636 3640 3857 3728 impu·

2297 3753 2458 3835 gnat
2490 3742 2634 3811 haec
2670 3743 2807 3811 duo
2837 3744 3184 3828 animalia,
3228 3745 3505 3836 quando
3537 3769 3617 3812 ea
3654 3768 3855 3813 com-

2298 3853 2495 3921 edere
2522 3849 2830 3919 intendit.

2387 3965 2637 4030 Asinus
2690 3962 2895 4030 etiam
2951 3960 3310 4051 impugnat
3362 3961 3694 4042 colotum,
3730 3962 3861 4031 hoc

2300 4078 2423 4146 est,
2459 4077 2732 4146 rattum,
2767 4091 2849 4137 eo
2879 4068 3064 4160 quod
3114 4051 3368 4136 dormit
3438 4071 3504 4136 in
3557 4094 3858 4162 praesepe

2300 4177 2470 4265 ejus,
2511 4183 2577 4242 et
2618 4174 2991 4245 mordendo
3051 4199 3248 4244 nares
3303 4177 3450 4265 ejus
3508 4186 3692 4244 vetat.
3751 4177 3863 4268 ip-

2302 4307 2452 4350 sum
2519 4282 2873 4352 comedere
2929 4282 3287 4375 pabulum,
3322 4293 3388 4351 et
3444 4285 3587 4375 ipse
3647 4293 3861 4351 rattus

2302 4412 2456 4458 cum
2496 4389 2695 4457 sociis
2761 4389 2900 4457 suis
2940 4397 3101 4457 tunc
3165 4388 3463 4457 comedit
3528 4389 3858 4481 pabulum

2305 4497 2540 4586 ipsiuS.

2395 4605 2592 4684 Quod
2624 4615 2848 4676 autem
2893 4605 3031 4675 haec
3062 4608 3148 4673 sit
3200 4629 3402 4674 causa
3452 4607 3641 4695 pacis
3691 4605 3869 4672 inter

2309 4712 2448 4781 lia-c
2488 4713 2807 4783 animalia
2872 4723 2939 4781 et
2993 4711 3548 4794 cohabitationis,
3610 4714 3866 4779 scimus

2305 4846 2389 4890 ex
2419 4822 2771 4890 contrariis
2821 4823 3105 4889 istorum
3139 4842 3155 4887 ε
3191 4821 3522 4911 quoniam
3599 4820 3857 4911 aquila,

2308 4937 2380 4996 ut
2410 4929 2565 4996 «licit
2593 4929 2966 5006 Avicenna,
3016 4935 3276 5018 pugnat
3315 4949 3473 4995 cum
3533 4925 3856 5005 dracone,

2308 5044 2382 5103 ut
2449 5036 2780 5104 comedat.
2860 5035 3259 5103 Aristoteles
3311 5043 3543 5102 tamen
3590 5034 3863 5100 videtur

2304 5141 2549 5221 dicere,
2627 5142 2811 5235 quod
2866 5141 3099 5210 vultur
3160 5165 3318 5210 cum
3376 5139 3671 5209 dracone
3728 5164 3866 5231 pu-

2304 5258 2463 5340 gnat
2501 5273 2515 5316 :
2552 5260 2612 5318 et
2655 5250 2785 5319 hoc
2813 5272 2952 5317 non
2985 5258 3084 5318 est
3142 5272 3411 5325 verum,
3475 5270 3599 5316 nec
3655 5248 3861 5316 etiam

2304 5357 2528 5447 aquila
2558 5358 2781 5425 omnis
2836 5380 2992 5426 cum
3044 5357 3337 5425 dracone
3384 5364 3669 5446 pugnat.
3722 5354 3857 5422 Sed

2301 5464 2640 5555 quoddam
2670 5488 2887 5558 genus
2915 5472 3015 5533 est
3042 5461 3288 5554 aquilae
3317 5485 3634 5553 parvum,
3670 5462 3856 5554 quod

2297 5580 2585 5641 venatur
2609 5573 2976 5666 quemdam
3020 5578 3406 5661 serpentem
3465 5571 3582 5663 qui
3639 5570 3848 5639 draco

2296 5680 2593 5772 generali
2666 5677 3000 5749 vocabulo
3062 5685 3522 5769 nuncupatur.
3592 5676 3885 5768 Aquila·

2295 5791 2498 5858 etiam
2525 5812 2682 5860 cum
2710 5800 2862 5880 tyro
2900 5795 2968 5856 et
3033 5785 3327 5856 dracone
3376 5793 3640 5877 pugnat
3714 5805 3840 5874 pro
