4919 6371
1898 393 2068 462 LIB.
2123 395 2217 463 111
2266 396 2386 463 DE
2433 397 3021 477 ANIMALIBUS,
3074 399 3385 469 TRACT.
3441 401 3502 468 11

4176 412 4307 476 229

1091 587 1205 630 mo
1246 563 1587 653 palpehroe
1636 565 2028 652 superioris.
2093 566 2367 634 Corium
2416 577 2645 635 autem
2750 569 2866 634 tile
2899 591 3195 656 aqueum
3229 579 3293 635 et
3324 594 3626 650 aereum,
3664 574 3848 663 quod
3877 575 4062 642 calor
4112 577 4310 667 dige-

1088 695 1211 761 per
1257 679 1478 737 totum
1531 693 1777 761 corpus
1827 681 1928 741 est
1975 675 2374 741 continuum
2404 680 2647 762 praeter

1089 800 1296 868 quam
1339 780 1406 843 in
1447 780 1633 867 poris
1682 781 1954 869 apertis,
2010 781 2125 869 qui
2166 789 2283 846 aut
2337 787 2496 846 sunt
2534 779 2645 844 via

1083 883 1427 952 anhelitus
1459 895 1578 954 aut
1605 888 1714 954 via
1755 888 1886 954 cibi
1917 886 2358 975 ingredientis
2389 893 2506 952 aut
2535 908 2644 952 su-

2750 697 2902 739 rens
2942 674 3409 742 decoctionem
3442 678 3809 765 inspissare
3840 704 3978 748 non
4010 690 4253 772 potest.

2836 780 3182 872 Contingit
3256 792 3486 850 autem
3543 784 3913 874 aliquando
3972 791 4301 859 infirmari

2747 885 3094 955 hominem
3126 897 3193 955 et
3230 911 3586 957 canescere
3628 891 3850 967 valde,
3891 902 3956 960 et
3995 904 4149 983 post
4188 898 4303 964 in-

1083 991 1486 1082 perssuitatis
1534 993 1940 1084 egredientis
1987 1000 2104 1058 aut
2155 994 2223 1058 in
2277 991 2427 1058 aliis
2457 994 2640 1082 poris
2745 993 3134 1061 firmitatem
3183 993 3657 1064 convalescere
3699 1006 3767 1065 et
3814 1000 4072 1067 renasci
4122 1002 4299 1090 pilos

1083 1098 1366 1167 occultis
1395 1109 1513 1167 aut
1552 1099 1952 1166 manifestis

2744 1121 2881 1166 non
2937 1122 3144 1167 canos
3195 1124 3209 1167 :
3254 1110 3318 1167 et
3366 1099 3498 1168 hoc
3537 1102 3610 1168 tit
3651 1105 3927 1193 quando
3968 1105 4153 1173 calor
4198 1107 4300 1173 in·

1169 1207 1414 1275 Adhuc
1489 1216 1719 1274 autem
1795 1228 1998 1272 omne
2059 1207 2309 1275 animal
2380 1206 2638 1276 habens
2743 1206 3077 1272 firmitatis
3117 1205 3199 1271 ad
3233 1205 3380 1272 loca
3411 1229 3659 1294 porosa
3689 1209 3987 1298 pilorum
4018 1211 4299 1301 expellit

1078 1318 1516 1406 sanguinem,
1579 1313 1783 1381 habet
1840 1324 2335 1405 consequenter
2400 1325 2467 1384 et
2517 1340 2639 1384 co-
2738 1311 3053 1403 phlegma
3093 1317 3436 1380 viscosum
3489 1316 3866 1404 putridum,
3922 1327 3989 1386 et
4045 1342 4131 1386 ex
4175 1320 4294 1388 illo

1080 1425 1284 1501 rium,
1327 1424 1446 1490 sed
1488 1445 1626 1489 non
1656 1433 2151 1514 consequenter
2194 1423 2399 1491 habet
2427 1424 2630 1514 pilos,

1076 1555 1156 1600 eo
1198 1529 1380 1621 quod
1423 1531 1596 1598 forte
1655 1530 1824 1598 nihil
1883 1533 1964 1600 de
2013 1554 2095 1599 eo
2151 1531 2516 1600 resolvitur
2562 1533 2632 1599 in

1074 1640 1414 1708 fumosam
1491 1639 1943 1707 substantiam
2011 1661 2162 1730 quae
2226 1664 2298 1707 se
2363 1638 2632 1707 trahere

1072 1748 1289 1837 possit
1318 1771 1440 1838 per
1467 1771 1675 1838 poros
1705 1756 1772 1814 et
1801 1755 1976 1813 stare
2008 1746 2211 1813 simul
2252 1746 2471 1814 donec
2507 1769 2633 1813 ex-

1074 1856 1365 1922 siccetur
1392 1855 1479 1922 ad
1509 1876 1736 1922 aerem
1772 1875 1786 1919 :
1822 1853 1941 1921 sed
1979 1862 2096 1920 aut
2127 1854 2492 1921 reflectitur
2544 1853 2630 1920 ad

1072 1964 1356 2031 interius
1386 1986 1428 2030 a
1463 1962 1664 2052 pelle,
1698 1972 1817 2029 aut
1841 1962 2135 2052 disparet
2163 1964 2396 2030 exiens
2443 1985 2483 2029 a
2510 1985 2631 2051 po-

1062 2095 1166 2140 rc.

1149 2178 1473 2268 Amplius
1502 2185 1732 2246 autem
1763 2177 1878 2268 pili
1913 2185 2262 2245 mutantur
2292 2179 2360 2245 in
2392 2176 2627 2244 homi-

1050 2307 1136 2351 ne
1168 2284 1237 2351 in
1277 2292 1627 2353 senectute
1657 2293 1724 2352 et
1753 2293 2122 2352 canescunt
2168 2307 2184 2350 ε
2232 2283 2422 2376 quod
2474 2287 2622 2375 qui-

1043 2392 1201 2460 dem
1240 2392 1410 2459 nulli
1445 2392 1559 2459 alii
1592 2392 1840 2461 accidit
1890 2393 2171 2459 animali
2212 2403 2375 2459 noto
2417 2391 2619 2460 nobis

1042 2501 1177 2568 nisi
1209 2501 1500 2569 homini.
1537 2501 1615 2568 In
1648 2502 1795 2592 ipso
1827 2502 2010 2569 enim
2051 2502 2410 2572 manifeste
2462 2502 2618 2570 val-

1047 2607 1128 2676 de
1177 2618 1244 2678 et
1308 2610 1722 2700 generaliter
1778 2619 2060 2702 apparet
2123 2611 2406 2680 canities
2466 2611 2619 2679 alba

1046 2720 1391 2811 pilorum:
1444 2728 1513 2787 et
1566 2719 1722 2787 talis
1762 2719 2038 2810 quidem
2079 2720 2409 2787 albedinis
2441 2720 2620 2810 pilo-

1046 2849 1200 2894 rum
1258 2826 1684 2916 principium
1752 2834 1852 2893 est
1905 2826 1989 2893 al)
2039 2836 2344 2894 extremo
2401 2829 2617 2894 aetatis

1038 2936 1183 3024 jam
1256 2934 1539 3002 humide
1608 2932 2012 3002 humiditate
2071 2934 2503 3004 humectante
2550 2946 2614 3004 et

1046 3066 1187 3111 non
1219 3052 1545 3133 augente.
1586 3041 1781 3110 Multi
1814 3051 2043 3111 autem
2075 3042 2370 3132 pilorum
2399 3069 2438 3111 a
2467 3046 2615 3134 pri-

1046 3172 1160 3217 ma
1196 3158 1396 3218 aetate
1434 3157 1750 3219 crescunt
1787 3147 1922 3217 albi
1971 3172 2057 3218 ex
2095 3148 2235 3216 suis
2285 3149 2614 3218 radicali-

1045 3259 1172 3324 bus
1221 3257 1578 3348 principiis
1621 3279 1636 3324 ε
1682 3266 1962 3348 propter
2008 3257 2193 3348 quod
2222 3256 2470 3326 albedo
2501 3262 2614 3350 pi-

1040 3364 1268 3432 lorum
1324 3373 1394 3433 et
1437 3365 1721 3433 canities
1778 3389 1918 3433 non
1968 3373 2131 3433 sunt
2197 3387 2334 3433 nna
2375 3389 2481 3434 res
2541 3367 2609 3434 in

1039 3475 1304 3542 ratione
1333 3497 1582 3554 causae,
1626 3476 1800 3543 sicut
1829 3475 2091 3565 opinati
2125 3483 2287 3542 sunt
2333 3475 2609 3566 quidam

1041 3580 1437 3671 ignorantes
1488 3602 1504 3647 :
1558 3583 1677 3672 qui
1724 3590 1955 3649 tamen
2001 3581 2354 3649 scientiam
2401 3582 2611 3650 simu-

1038 3688 1246 3756 lando
1279 3688 1546 3756 mentiti
1585 3697 1770 3764 sunt,
1811 3687 2114 3756 dicentes
2162 3711 2437 3756 causam
2492 3711 2611 3757 ca-

1042 3794 1232 3863 nitiei
1264 3816 1414 3862 esse
1467 3794 1869 3870 siccitatem,
1940 3803 2008 3862 et
2078 3792 2250 3863 nihil
2308 3818 2606 3864 crescere

1038 3902 1295 3970 siccum
1328 3924 1366 3968 a
1397 3903 1624 3992 primo
1663 3899 1942 3969 radicali
1986 3902 2349 3992 principie.
2386 3902 2606 3970 Causa

1038 4018 1268 4078 antem
1299 4019 1397 4078 est
1432 4009 1619 4079 calor
1647 4010 1891 4078 debilis
1921 4019 1987 4077 et
2019 4011 2450 4101 consumptio
2484 4008 2606 4077 hu·

1036 4118 1363 4187 miditatis
1404 4126 1755 4187 unctuosae
1795 4141 1810 4186 :
1864 4129 1927 4187 et
1969 4119 2120 4187 ideo
2175 4142 2333 4188 cum
2392 4121 2603 4188 nutri·

1035 4234 1345 4293 mentum
1391 4225 1690 4316 pilorum
1753 4249 1891 4294 non
1955 4235 2307 4295 convertat
2350 4228 2601 4318 pingue

1035 4332 1433 4411 humidum,
1504 4332 1716 4403 trahit
1789 4358 2040 4426 aquam
2107 4335 2327 4404 levem
2385 4344 2451 4403 et
2501 4345 2604 4403 te-

1038 4466 1245 4511 nuem
1277 4466 1430 4533 quae
1471 4451 1614 4510 tota
1667 4452 1949 4533 propter
1986 4445 2091 4509 sui
2130 4442 2603 4534 diaphaneita-

1038 4561 1174 4619 tem
1224 4554 1294 4619 in
1354 4551 1745 4620 albedinem
1803 4553 2255 4631 convertitur,
2324 4551 2600 4642 quando

1034 4668 1135 4727 est
1187 4660 1531 4728 terminati
1595 4662 1901 4751 corporis
1949 4662 2231 4728 materia
2275 4659 2462 4752 quod
2500 4667 2600 4727 est

1040 4767 1244 4858 pilus.
1278 4766 1503 4835 Causa
1535 4777 1763 4836 autem
1805 4768 2137 4837 albedinis
2165 4769 2462 4861 pilorum
2502 4776 2605 4837 est

1034 4877 1225 4945 calor
1254 4878 1541 4968 quidem
1577 4901 1713 4945 non
1746 4876 2011 4958 debilis,
2062 4878 2180 4947 sed
2224 4901 2361 4946 non
2407 4878 2602 4945 inve-

1033 4985 1227 5053 niens
1276 4986 1410 5053 nisi
1471 5008 1808 5078 aquosam
1858 4988 2214 5054 materiam
2260 4986 2605 5054 commix-

1034 5103 1175 5160 tam
1214 5115 1372 5160 cum
1413 5115 1614 5160 aerea
1647 5094 1714 5160 in
1759 5093 1908 5161 loeo
1938 5102 2128 5161 ortus
2156 5092 2452 5183 pilorum
2488 5115 2504 5160 :
2535 5101 2602 5162 et

1034 5199 1189 5267 ideo
1246 5202 1318 5267 in
1396 5201 1646 5269 canitie
1705 5209 1809 5268 est
1889 5200 2164 5292 quidem
2255 5200 2599 5270 viscosum

1034 5304 1359 5395 phlegma
1406 5329 1447 5373 a
1485 5328 1625 5397 quo
1676 5328 1815 5374 non
1856 5309 2208 5398 exsugitur
2254 5309 2324 5375 in
2379 5308 2603 5375 nutri-

1039 5418 1352 5478 mentum
1384 5411 1506 5502 pili
1557 5412 1686 5479 nisi
1735 5434 2029 5502 aqueum
2081 5421 2283 5480 tenue
2322 5422 2601 5503 propter

1040 5517 1145 5583 sni
1212 5518 1675 5585 viscositatem
1754 5525 1977 5608 partes
2050 5515 2311 5585 humidi
2358 5527 2600 5586 tenen-

1046 5632 1210 5704 tem,
1279 5624 1401 5693 sed
1471 5626 1541 5694 in
1581 5625 1892 5695 albedine
1942 5625 2235 5717 pilorum
2293 5648 2433 5694 uon
2497 5635 2594 5695 est

1043 5733 1390 5802 viscosum
1420 5730 1781 5802 humidum
1817 5757 1833 5802 :
1875 5734 1995 5803 sed
2029 5741 2249 5803 totum
2282 5741 2385 5803 est
2427 5734 2597 5802 snb-

2740 1422 3011 1488 resolvit
3097 1424 3165 1488 in
3238 1424 3506 1489 fumum
3603 1426 3718 1515 qui
3782 1433 3883 1493 est
3939 1428 4295 1495 materiale

2735 1533 3139 1621 principium
3207 1532 3529 1621 pilorum.
3593 1532 3761 1600 Post
3814 1536 4292 1625 aegritudinem

2736 1646 2961 1706 autem
3001 1661 3156 1704 cum
3187 1637 3525 1705 adunatus
3565 1647 3632 1706 et
3661 1640 4084 1710 confortatus
4135 1642 4290 1709 fue-

2734 1746 2816 1837 rit
2871 1744 3057 1812 calor
3117 1743 3467 1822 naturalis,
3544 1747 3888 1814 consumit
3962 1747 4286 1840 phlegma

2732 1849 3148 1940 hujusmodi,
3220 1858 3285 1919 et
3331 1859 3494 1919 tunc
3549 1861 3983 1920 revertuntur
4036 1855 4157 1945 pili
4213 1856 4285 1922 in

2731 1958 3026 2025 colorem
3058 1959 3447 2047 pristinum.

2815 2066 3201 2156 Aliquando
3250 2077 3480 2134 autem
3522 2091 3727 2136 causa
3782 2070 4055 2137 canitiei
4102 2070 4282 2159 pilo-

2727 2198 2878 2242 rum
2917 2184 3017 2242 est
3055 2175 3109 2240 si
3169 2175 3459 2242 multum
3510 2175 3657 2243 loca
3698 2176 3995 2266 pilorum
4024 2201 4281 2269 coope-

2728 2282 2985 2348 riantur
3034 2304 3048 2347 :
3110 2282 3439 2372 quoniam
3506 2290 3668 2350 tunc
3733 2283 3906 2350 sumi
3962 2308 4282 2374 repercu-

2722 2390 2983 2456 tiuntur
3011 2389 3095 2455 ad
3133 2389 3369 2457 locum
3402 2396 3591 2457 ortus
3638 2390 3936 2481 pilorum
3985 2393 4160 2460 sicut
4205 2394 4276 2460 in

2721 2495 2869 2564 loca
2906 2504 3246 2586 cooperta,
3281 2505 3348 2565 et
3397 2495 3487 2563 ibi
3538 2506 3891 2566 mutantur
3929 2500 3998 2566 in
4040 2498 4278 2590 phleg-

2721 2626 2832 2670 ma
2862 2627 3156 2695 aqueum
3199 2603 3384 2694 quod
3414 2612 3514 2671 est
3544 2629 3749 2672 causa
3788 2607 4060 2675 canitiei
4094 2606 4277 2696 pilo-

2721 2737 2894 2780 rum.

2806 2821 3045 2889 Adhuc
3085 2834 3309 2890 nutem
3377 2850 3577 2890 musa
3622 2828 3892 2892 canitiei
3936 2837 4037 2893 est
4085 2827 4272 2894 mul-

2718 2941 2860 2999 tum
2899 2931 3217 2999 anhelare
3257 2934 3343 3000 ad
3384 2934 3532 3001 loca
3584 2943 3775 3002 ortus
3819 2935 4116 3025 pilorum
4151 2959 4166 3003 :
4204 2945 4273 3004 et

2717 3041 2867 3107 ideo
2924 3041 3122 3107 simul
3177 3044 3245 3110 in
3303 3065 3441 3108 uuo
3498 3043 3670 3110 lecto
3720 3043 4138 3111 dormientes
4206 3052 4272 3112 et

2715 3159 2947 3219 contra
2986 3174 3056 3218 se
3105 3150 3400 3219 invicem
3458 3151 3858 3222 anhelantes
3907 3155 4105 3222 citius
4154 3177 4273 3223 ca-

2715 3268 2994 3326 nescunt
3029 3280 3046 3327 :
3081 3259 3240 3350 quia
3268 3258 3608 3328 anhelitus
3638 3285 3764 3330 suo
3796 3262 4020 3332 calore
4052 3264 4269 3355 aperit

2713 3367 2857 3434 vias
2886 3367 3178 3457 pilorum
3220 3377 3283 3434 et
3316 3392 3549 3458 poros,
3602 3380 3667 3438 et
3712 3377 3875 3439 tunc
3918 3373 4058 3440 exit
4096 3371 4270 3441 snb-

2715 3472 2826 3540 tile
2857 3474 3107 3564 pingue
3148 3484 3211 3542 et
3243 3476 3610 3554 evanescit,
3665 3486 3732 3545 et
3777 3500 3915 3546 non
3963 3488 4270 3547 remanet

2712 3584 2840 3650 nisi
2888 3585 3231 3651 viscosum
3279 3583 3644 3653 humidum
3702 3586 4027 3677 frigidum
4082 3588 4269 3679 quod

2708 3699 2808 3757 est
2845 3713 3048 3758 causa
3085 3692 3383 3768 canitiei,
3427 3693 3603 3761 sicut
3649 3702 3833 3783 patet
3881 3717 3968 3763 ex
4021 3695 4267 3785 praedi-

2707 3800 2854 3867 ctis.

2800 3906 3015 3974 Locus
3044 3918 3273 3976 autem
3305 3909 3420 3999 qni
3454 3911 3677 4000 primo
3709 3911 4005 3979 canescit
4044 3910 4113 3978 in
4145 3909 4268 3979 ho·

2707 4018 2914 4093 mine,
2974 4026 3068 4082 est
3132 4015 3321 4083 loeus
3373 4018 3725 4106 temporis,
3791 4027 3858 4086 et
3899 4017 4141 4086 deinde
4194 4022 4262 4086 in

2707 4124 3025 4191 anteriori
3055 4125 3322 4214 capitis,
3357 4133 3422 4191 et
3459 4134 3695 4214 postea
3738 4126 3807 4193 in
3872 4126 4260 4216 posteriori.

2710 4230 2963 4300 Ultimo
2992 4242 3221 4300 autem
3260 4234 3554 4301 canescit
3601 4235 3673 4301 in
3716 4235 3983 4324 pectine
4032 4234 4264 4325 ingui-

2708 4340 2832 4406 nis.
2891 4338 3109 4407 Causa
3148 4348 3378 4409 autem
3433 4338 3639 4430 hujus
3688 4350 3816 4420 est,
3868 4344 4031 4431 quia
4067 4340 4261 4410 locus

2704 4448 3026 4536 temporis
3098 4458 3197 4515 est
3248 4448 3556 4536 frigidior
3600 4458 3665 4516 et
3731 4448 4106 4528 humidior,
4174 4472 4258 4518 eo

2704 4554 2885 4645 quod
2923 4577 3058 4621 non
3100 4563 3199 4622 est
3235 4557 3305 4622 in
3336 4556 3446 4622 via
3484 4579 3726 4623 cursus
3771 4557 4049 4646 spiritus
4081 4577 4098 4623 :
4149 4555 4260 4622 lo-

2701 4685 2822 4730 cus
2849 4670 3073 4729 autem
3106 4663 3407 4731 anterior
3441 4673 3542 4731 est
3573 4660 3945 4742 humidior,
3978 4671 4046 4731 et
4099 4661 4255 4732 ideo

2702 4770 2899 4837 citius
2936 4769 3232 4837 vincitur
3268 4770 3416 4856 ejus
3470 4769 3781 4839 caliditas
3833 4794 3850 4839 ε
3904 4770 4024 4839 sed
4064 4768 4256 4839 locus

2701 4878 3035 4968 posterior
3070 4880 3337 4968 capitis,
3386 4888 3486 4947 est
3526 4879 3769 4948 siccior
3811 4880 4065 4947 diutins
4110 4879 4256 4947 sor-

2701 4985 2836 5053 tius
2864 4992 3102 5053 tenens
3146 4986 3446 5055 calidum
3495 4988 3803 5055 naturale
3838 5008 3854 5054 ε
3908 4986 4100 5054 locus
4135 5008 4257 5054 au·

2704 5099 2839 5158 tem
2912 5091 3367 5160 calidissimus
3439 5094 3856 5163 exteriorum
3941 5092 4252 5160 locorum

2702 5199 3004 5288 corporis
3033 5206 3132 5264 est
3166 5200 3446 5289 inguen,
3492 5209 3560 5268 et
3590 5198 3743 5267 ideo
3774 5197 4033 5266 tardius
4062 5198 4133 5265 in
4171 5220 4254 5266 eo

2701 5304 2818 5395 pili
2848 5315 3235 5373 canescunt.

2788 5412 3103 5502 Amplius
3130 5423 3359 5483 antem
3392 5414 3673 5506 quidam
3705 5414 3820 5505 pili
3882 5421 4257 5484 nascuntur

2701 5545 2852 5589 cum
2885 5520 3187 5603 homine.
3232 5534 3306 5592 ut
3347 5523 3464 5614 pili
3511 5524 3777 5614 capitis,
3818 5549 3901 5593 eo
3950 5522 4135 5613 quod
4181 5522 4253 5589 in

2699 5631 2913 5719 capite
2960 5628 3334 5721 plurimum
3370 5640 3473 5700 est
3510 5630 3937 5700 humiditatis
3981 5627 4255 5698 medul-

2700 5734 2891 5815 losae,
2951 5759 3035 5805 ex
3099 5760 3235 5828 qua
3289 5739 3521 5805 statim
3573 5760 3615 5805 a
3680 5735 4014 5828 principio
4077 5731 4249 5801 fumi
