4919 6371
728 311 858 375 624

726 475 1063 565 palpebrae
1103 472 1466 561 superioris
1504 496 1518 540 :
1555 473 2012 564 quadrupedia
2042 482 2269 541 autem

730 588 920 648 motu
964 579 1315 657 inferioriS,
1353 604 1432 648 eo
1502 583 1683 672 quod
1761 582 1966 671 longa
2020 580 2269 648 habent

727 692 970 779 capita,
1006 699 1070 757 et
1126 690 1412 758 musculi
1459 702 1812 759 moventes
1850 714 2048 759 aures
2113 698 2270 757 sunt

725 800 1130 889 superioreS,
1165 810 1228 867 et.
1258 799 1566 867 similiter
1595 797 1880 865 musculi
1915 807 2266 865 moventes

723 908 958 975 oculos
991 930 1005 974 ε
1043 918 1108 975 et
1136 917 1204 974 ut
1237 916 1412 974 esset
1442 907 1834 972 distinctum
1876 928 2046 993 opus
2075 914 2266 970 natu·

719 1039 834 1093 τω,
894 1016 1049 1083 fecit
1139 1014 1482 1081 musculos
1562 1011 1950 1079 claudentes
2029 1010 2262 1077 oculos

720 1123 1117 1210 conjunctos
1195 1120 1278 1186 ad
1371 1118 1765 1210 palpebram
1842 1118 2254 1186 inferiorem.

718 1230 900 1298 Aves
956 1237 1182 1297 autem
1231 1238 1471 1295 neutro
1519 1227 1723 1295 modo
1762 1226 2107 1301 claudunt,
2145 1225 2262 1292 sed

714 1340 943 1427 potius
969 1346 1360 1428 postumant
1389 1360 1542 1403 cum
1576 1336 1866 1426 quadam
1927 1334 2061 1401 tela
2108 1333 2260 1400 alba

717 1466 870 1534 quae
936 1447 1142 1512 currit
1212 1466 1415 1533 super
1480 1441 1780 1509 oculum.
1819 1440 1989 1508 Cum
2031 1448 2257 1507 autem

713 1550 1084 1628 dormiunt,
1126 1558 1285 1616 tunc
1310 1547 1634 1615 claudunt
1657 1547 1890 1615 oculos
1938 1546 2258 1637 palpebra

711 1656 1034 1723 inferiori.
1095 1655 1436 1722 Animalia
1500 1663 1727 1722 autem
1794 1653 2257 1745 quadrupedia

708 1765 987 1830 ovantia
1053 1784 1187 1828 non
1237 1760 1493 1829 habent
1556 1760 1948 1851 hujusmodi
2005 1761 2253 1850 pellem

708 1871 881 1939 sicut
945 1894 1125 1947 aveS,
1187 1894 1308 1960 per
1362 1871 1557 1957 cujus
1623 1877 1887 1936 motum
1936 1868 2254 1959 detegant

707 1977 989 2045 oculos:
1033 1977 1184 2043 licet
1231 1986 1456 2043 tamen
1508 1973 1823 2042 claudant
1850 1975 2109 2052 oculos,
2171 1999 2250 2041 eo

705 2084 889 2174 quod
928 2105 1064 2149 non
1120 2081 1425 2172 indigent
1477 2080 1707 2148 subtili
1747 2079 2147 2148 humiditate
2186 2089 2252 2147 et

704 2191 885 2257 clara
931 2192 1000 2256 in
1030 2190 1264 2267 oculis,
1301 2213 1435 2280 qua
1485 2197 1741 2256 remota
1779 2189 2250 2278 contemplen-

701 2306 813 2366 tur
841 2302 1011 2367 sicut
1043 2322 1202 2365 aves
1229 2321 1242 2363 :
1284 2298 1470 2365 locus
1502 2299 1682 2363 enim
1716 2298 1818 2363 sui
1852 2297 2244 2363 nutrimenti

698 2406 1090 2497 acquirendi
1146 2413 1245 2471 est
1328 2406 1775 2495 propinquus
1849 2403 2249 2471 Vicinautur

696 2521 924 2580 autem
984 2513 1240 2579 naturis
1312 2510 1828 2601 quadrupedum
1893 2510 2243 2577 ovantium

693 2645 855 2690 aves
884 2618 1021 2688 non
1056 2622 1222 2687 bene
1269 2620 1602 2695 volantes,
1640 2620 1755 2686 sed
1817 2619 2244 2686 ambulantes

695 2752 902 2818 super
929 2738 1202 2801 terram,
1238 2729 1410 2795 sicut
1452 2726 1768 2804 strutl1i0,
1814 2735 1879 2794 et
1935 2726 2243 2817 quaedam

695 2837 869 2903 aliae.
894 2836 1122 2904 Pisces
1153 2846 1539 2903 autemnon
1573 2834 1874 2924 indigent
1906 2834 2242 2926 palpebris

693 2953 969 3035 propter
1005 2944 1323 3011 duritiam
1362 2967 1503 3010 sua·
1561 2941 1778 3033 pellis,
1840 2951 1906 3010 et
1958 2965 2239 3009 suorum

694 3050 1014 3118 duritiem
1043 3050 1416 3118 oculorum.

784 3157 1256 3249 Capitulariter
1279 3157 1485 3247 igitur
1512 3155 1884 3224 secundum
1919 3156 2239 3224 Aristote-

692 3265 830 3334 lem
871 3264 1180 3336 dicendo,
1215 3264 1467 3332 animal
1507 3264 1893 3355 quadrupes
1931 3287 2144 3331 ovans
2175 3273 2238 3333 et

691 3374 838 3442 avis
906 3372 1109 3441 habet
1150 3371 1422 3464 quidem
1453 3373 1957 3463 coopertorium
1991 3371 2077 3441 ad
2114 3397 2237 3441 cu-

687 3482 980 3550 stodiam
1010 3482 1111 3549 sui
1144 3482 1354 3549 visus.
1388 3479 1663 3547 Animal
1694 3504 1858 3548 vero
1906 3503 2237 3571 generans

684 3589 965 3665 animal,
1000 3587 1198 3657 babet
1221 3587 1601 3679 palpebras,
1635 3597 1700 3655 et
1738 3589 2050 3656 similiter
2076 3612 2236 3656 aves

685 3694 1087 3784 ponderosae
1120 3696 1351 3785 magni
1387 3695 1718 3785 corporis.
1752 3694 2068 3785 Amplius
2110 3719 2237 3764 au-

684 3807 823 3871 tem
890 3801 1139 3868 animal
1204 3801 1588 3891 quadrupes
1653 3801 1906 3870 claudit
1959 3801 2232 3870 oculum

689 3933 812 4002 per
873 3909 1256 3976 inferiorem
1314 3908 1706 3999 palpebram
1754 3932 1769 3976 :
1811 3911 1957 3977 avis
2003 3919 2230 3978 autem

686 4016 936 4085 claudit
994 4015 1226 4084 oculos
1284 4039 1402 4106 per
1448 4015 1652 4083 telam
1692 4017 2095 4108 applicatam
2122 4039 2237 4083 ex-

682 4125 1137 4195 tremitatibus
1166 4126 1547 4193 oculorum.
1581 4125 1756 4206 Quia
1778 4129 1959 4194 enim
1991 4135 2234 4194 natura

680 4233 861 4302 oculi
917 4233 1020 4299 sui
1073 4241 1294 4301 creata
1323 4240 1425 4300 est
1468 4255 1555 4300 ex
1593 4231 1996 4302 humiditate
2033 4235 2231 4303 valde

675 4338 932 4418 subtili,
978 4340 1127 4407 ideo
1160 4338 1417 4429 indiget
1458 4338 1586 4405 ista
1643 4340 1953 4407 custodia
1987 4362 2001 4406 :
2037 4342 2229 4431 cujus

675 4470 879 4516 causa
918 4455 1041 4524 est,
1086 4456 1154 4514 ut
1198 4448 1284 4514 sit
1310 4447 1497 4513 visus
1527 4448 1810 4515 acutior.
1857 4447 2014 4516 llaec
2043 4450 2224 4516 enim

674 4564 775 4623 est
814 4578 1042 4634 causa,
1076 4578 1283 4647 quare
1315 4562 1582 4622 creatus
1612 4563 1712 4622 est
1741 4555 1803 4623 ei
1833 4555 2071 4624 oculus
2107 4581 2221 4624 se-

673 4661 971 4730 cundum
1002 4661 1246 4728 dictam
1285 4658 1824 4752 dispositionem.
1859 4661 1932 4729 ln
1962 4664 2219 4730 anima·

674 4767 853 4835 libus
908 4779 1132 4836 autem
1183 4769 1328 4835 «luri
1363 4770 1529 4836 corii
1578 4771 1866 4859 pennosi
1932 4773 2058 4839 nisi
2093 4771 2221 4840 tale

673 4881 873 4952 esset,
909 4872 1106 4963 quale
1129 4874 1380 4941 dictum
1413 4880 1513 4941 est
1541 4876 2043 4963 coopertorium
2065 4899 2220 4944 ocu·

669 4979 743 5059 li,
789 4978 1012 5071 plures
1041 4981 1239 5048 oculo
1269 4980 1649 5048 acciderent
1678 4982 2068 5051 occasiones
2099 5008 2221 5050 ex-

666 5088 1022 5164 trinsecuS,
1085 5097 1148 5155 et
1216 5097 1492 5179 propter
1548 5085 1696 5154 illas
1779 5088 2219 5180 impediretur

664 5214 952 5262 acumen
980 5196 1167 5263 visus
1198 5194 1344 5283 ejus
1374 5201 1688 5285 :propter
1714 5216 2000 5263 acumen
2029 5200 2214 5265 enim

658 5300 847 5368 visus
885 5300 1009 5370 fuit
1045 5305 1336 5384 corium,
1390 5300 1577 5392 quod
1634 5310 1949 5369 movetur
2013 5327 2216 5395 super

656 5430 941 5477 acumen
975 5409 1329 5479 oculorum
1386 5411 1647 5490 avium,
1681 5408 1875 5477 valde
1906 5419 2109 5480 tenue
2147 5422 2214 5482 et

653 5514 926 5584 subtile.
972 5516 1185 5607 Igitur
1212 5525 1485 5609 propter
1521 5515 1811 5585 salutem
1843 5519 2020 5587 oculi
2049 5531 2207 5590 sunt

654 5631 894 5692 creatae
986 5623 1351 5715 palpebrae.
1422 5624 1644 5693 Omne
1717 5631 1947 5693 autem
2024 5628 2207 5720 quod

1718 295 1802 363 Ῐ).
1854 298 2053 366 ALB.
2108 295 2322 363 MAG.

2377 295 2582 363 Olu).
2638 297 2934 364 PRAED.

2377 471 2626 539 claudit
2681 472 2980 551 oculum,
3038 471 3191 539 ideo
3243 470 3496 539 claudit
3558 474 3805 560 ipsum,
3858 476 3934 535 ut

2375 580 2543 646 nihil
2574 582 3027 649 extrinsecum
3061 580 3315 648 incidat
3355 581 3423 646 in
3500 581 3723 669 ipsum
3766 601 3936 645 ocu-

2373 687 2515 754 lum
2554 711 2568 754 :
2629 712 2845 779 neque
2878 699 2978 757 est
3017 688 3418 778 hujusmodi
3463 688 3780 756 clausura
3817 709 3932 754 so-

2372 792 2512 859 lum
2544 796 2951 873 voluntaria,
2987 797 3105 864 sed
3146 799 3354 864 etiam
3408 796 3759 864 naturaliS.
3795 795 3934 862 llo-

2369 923 2482 966 mo
2551 909 2772 966 autem
2843 903 3190 971 multoties
3239 904 3496 971 claudit
3543 905 3803 981 oculos,
3849 926 3929 969 eo

2369 1006 2553 1096 quod
2592 1015 2692 1073 est
2728 1009 2951 1075 tenuis
3007 1010 3174 1076 corii
3217 1011 3372 1099 plus
3421 1011 3742 1078 omnibus
3773 1011 3931 1077 ani-

2366 1111 2658 1179 malibus
2702 1136 2716 1179 :
2753 1121 2817 1181 et
2852 1114 3000 1181 ideo
3036 1125 3265 1182 motus
3301 1116 3642 1205 palpebrae
3686 1124 3931 1207 purgat

2366 1220 2638 1287 oculum
2669 1224 2812 1289 sine
2854 1221 3126 1291 laesione
3158 1245 3172 1288 ε
3202 1233 3267 1290 et
3289 1248 3495 1313 super
3530 1223 3924 1314 palpebram

2363 1324 2665 1396 hominis
2696 1329 2917 1396 solum
2957 1332 3222 1398 corium
3257 1339 3357 1397 est
3377 1332 3732 1399 continens
3772 1355 3927 1399 ocu·

2363 1435 2505 1501 lum
2536 1437 2679 1504 sine
2710 1439 3117 1506 carnositate
3155 1461 3170 1506 ε
3205 1448 3483 1529 propter
3503 1439 3691 1530 quod
3719 1442 3922 1507 etiam

2364 1566 2499 1612 uon
2541 1545 3002 1614 consolidatur
3049 1548 3258 1614 etiam
3300 1570 3709 1631 recrescenS,
3752 1549 3925 1616 sicut

2360 1676 2578 1743 neque
2609 1657 3040 1744 praeputium,
3077 1677 3160 1722 eo
3186 1655 3372 1744 quod
3401 1664 3559 1722 sunt
3588 1654 3919 1745 pelliculae

2360 1759 2489 1828 illae
2519 1762 2662 1827 sine
2693 1780 2891 1827 carne
2952 1782 2966 1826 :
3033 1760 3163 1829 boc
3232 1771 3465 1829 autem
3526 1762 3709 1853 quod
3771 1763 3915 1830 sine

2356 1891 2555 1935 carne
2584 1876 2709 1945 est,
2752 1890 2889 1934 nou
2922 1870 3261 1945 recrescit,
3308 1871 3468 1960 quia
3526 1870 3917 1938 incremen-

2352 1983 2497 2041 tum
2531 1982 2742 2041 estex
2779 1996 2979 2042 carne
3010 1975 3183 2042 sicut
3214 1999 3299 2043 ex
3358 1978 3644 2044 materia
3684 1985 3749 2044 et
3784 2000 3914 2045 va-

2353 2106 2423 2148 se
2471 2105 2484 2147 :
2529 2079 2673 2147 baec
2712 2085 2893 2149 enim
2937 2082 3083 2149 sola
3111 2092 3238 2160 est,
3277 2108 3430 2174 quze
3476 2086 3649 2152 inter
3688 2109 3915 2153 mem-

2354 2187 2475 2255 bra
2538 2189 2785 2256 similia
2824 2190 3045 2257 inlluit
3085 2201 3153 2259 et
3183 2191 3401 2260 estluit
3429 2215 3550 2282 per
3578 2216 3915 2283 augmen-

2353 2306 2497 2364 tum
2539 2308 2606 2366 et
2634 2298 3189 2379 diminutionem,
3224 2302 3396 2368 sicut
3426 2302 3494 2368 in
3537 2300 3710 2369 libro
3754 2305 3917 2370 I’eri

2348 2430 2661 2495 qenes-eos
2699 2408 3148 2475 ostendimus.

2441 2514 2624 2581 Aves
2688 2523 2916 2582 autem
2988 2514 3385 2583 claudentes
3452 2516 3716 2593 oculOS,
3780 2540 3917 2584 non

2348 2619 2664 2687 claudunt
2709 2644 2849 2700 eos,
2887 2622 3012 2689 nisi
3044 2646 3167 2711 per
3193 2622 3592 2712 palpebram
3628 2623 3909 2690 inferio-

2354 2751 2495 2794 rem
2543 2739 2658 2796 :et
2688 2728 2999 2796 similiter
3026 2752 3148 2819 per
3216 2730 3606 2797 inferiorem
3675 2728 3916 2821 palpe-

2358 2833 2549 2900 bram
2579 2834 2831 2902 claudit
2867 2834 3105 2901 oculos
3136 2858 3299 2901 suos
3322 2836 3575 2902 animal
3609 2836 3914 2926 quadru-

2352 2965 2472 3031 pes
2511 2965 2723 3010 ovaus
2786 2952 3064 3033 propter
3127 2921 3449 3010 duritiam
3490 2944 3652 3011 corii
3711 2953 3913 3033 caput

2349 3052 2781 3130 continentis,
2822 3050 2906 3117 ad
2955 3051 3140 3141 quod
3188 3051 3628 3118 continuatur
3671 3050 3906 3140 palpe-

2343 3155 2464 3224 bra
2502 3157 2833 3247 superior,
2878 3157 3051 3225 sicut
3091 3156 3395 3225 diximus
3426 3159 3761 3248 superius.

2431 3263 2670 3332 Adbuc
2701 3274 2928 3333 autem
2970 3267 3179 3332 etiam
3229 3287 3393 3333 aves
3424 3288 3562 3332 non
3596 3263 3905 3332 volantes

2340 3381 2618 3463 propter
2653 3375 2756 3439 sui
2798 3373 3105 3462 corporis
3156 3374 3596 3462 gravitatem,
3651 3370 3905 3439 babent

2339 3503 2654 3570 grossum
2694 3480 2955 3548 corium
2988 3479 3190 3548 valde
3235 3501 3251 3547 ε
3290 3480 3454 3571 quia
3491 3479 3707 3548 multa
3749 3481 3911 3571 plu-

2340 3588 2621 3654 mositas
2651 3608 2800 3677 quoe
2837 3596 2936 3655 est
2969 3586 3040 3653 in
3071 3586 3492 3666 volantibus,
3527 3587 3596 3654 in
3654 3587 3904 3655 talibus

2339 3695 2580 3764 transit
2636 3697 2703 3762 in
2759 3697 2926 3765 corii
2955 3696 3519 3787 grossitudinem,
3582 3720 3667 3765 eo
3720 3697 3902 3788 quod

2337 3805 2620 3872 materia
2651 3826 3029 3895 pennarum
3070 3805 3368 3874 declinat
3397 3815 3463 3874 et
3494 3804 3787 3874 trabitur
3815 3807 3901 3874 ad

2336 3909 2579 4000 pellem
2632 3911 2775 3978 sive
2821 3913 3139 3979 corium:
3185 3920 3251 3980 et
3301 3912 3452 3979 ideo
3511 3935 3717 3980 omne
3767 3914 3896 3982 tale

2336 4016 2585 4084 animal
2616 4017 2864 4085 claudit
2895 4018 3135 4086 oculos
3164 4043 3289 4111 per
3305 4018 3701 4109 palpebram
3732 4021 3898 4088 iufe-

2336 4125 2610 4202 riorem,
2653 4132 2716 4192 et
2755 4124 3120 4208 columbae,
3154 4135 3223 4194 et
3251 4125 3486 4194 multae
3532 4125 3682 4193 alia·
3732 4149 3894 4194 aves

2332 4232 2403 4299 in
2434 4230 2564 4298 boc
2592 4230 3058 4299 assimilantur
3094 4230 3257 4300 buic
3294 4232 3505 4301 modo
3548 4232 3889 4301 animalis.

2332 4338 2604 4405 Animal
2632 4347 2860 4406 autem
2892 4339 3285 4431 quadrupes
3314 4339 3500 4430 quod
3530 4349 3628 4408 est
3649 4362 3892 4420 ovans,

2330 4446 2678 4536 squamosi
2751 4448 2916 4513 corii
2983 4446 3309 4524 existens,
3369 4444 3574 4515 babet
3628 4447 3893 4515 corium

2331 4552 2566 4620 durius
2595 4575 2799 4643 quam
2858 4553 3117 4621 animal
3165 4553 3353 4644 quod
3408 4551 3615 4622 habet
3654 4554 3894 4646 palpe-
3969 4551 3986 4562 ⁶

2329 4655 2547 4734 bram,
2591 4668 2654 4726 et
2725 4658 2906 4749 quod
2948 4657 3034 4726 de
3091 4659 3281 4727 corio
3352 4681 3480 4727 suo
3554 4659 3894 4727 vicinatur

2324 4761 2529 4857 capiti
2567 4768 2736 4852 ejus,
2804 4775 2908 4834 est
2964 4764 3165 4834 valde
3232 4765 3484 4834 durum
3529 4788 3545 4832 :
3611 4776 3669 4832 et
3737 4765 3886 4831 ideo

2327 4872 2715 4966 palpebram
2745 4872 3171 4963 superiorem
3194 4872 3448 4942 habere
3471 4897 3610 4942 nou
3633 4884 3882 4965 potest,

2323 4980 2439 5048 sed
2489 4977 2687 5047 babet
2754 4978 3150 5070 palpebram
3201 4978 3569 5050 habentem
3608 5003 3880 5049 carnem

2325 5090 2388 5154 in
2428 5095 2617 5179 parte
2659 5085 2959 5153 inferiori
2993 5109 3007 5153 τ
3043 5097 3108 5156 et
3158 5098 3438 5180 propter
3484 5085 3613 5155 hoc
3680 5087 3881 5156 babet

2319 5191 2641 5287 palpebra
2704 5215 2829 5261 sua
2902 5193 3227 5265 duritiem
3285 5207 3356 5265 et
3403 5195 3880 5265 extensionem

2317 5303 2834 5372 convenientem
2865 5302 2950 5371 ad
2981 5302 3443 5372 claudendum
3484 5302 3784 5373 oculum.

2404 5409 2720 5500 Amplius
2774 5419 3002 5479 autem
3054 5411 3203 5479 avis
3249 5412 3483 5502 gravis
3545 5411 3878 5500 corporis,

2313 5517 2564 5588 claudit
2603 5515 2904 5594 oculum,
2949 5519 3327 5587 secundum
3359 5519 3545 5612 quod
3578 5518 3880 5586 narravi·

2316 5651 2472 5698 mus
2510 5648 2740 5715 supra,
2771 5646 2930 5692 cum
2979 5624 3120 5694 tela
3157 5627 3245 5697 ad
3272 5626 3406 5697 hoc
3449 5625 3876 5697 convenien-
