4919 6371
2020 429 2187 496 LlB.
2241 429 2269 496 Ι
2317 428 2437 496 DE
2487 425 3080 505 ANIMALIBUS,
3130 426 3438 494 TRACT.
3494 426 3554 493 11
4307 428 4390 494 ’Π

1260 602 1741 691 Ligamentum
1800 612 2026 670 autem
2102 623 2239 667 non
2298 608 2398 667 est
2445 619 2722 676 nervuS,

1170 708 1285 775 sed
1308 716 1410 774 est
1440 708 1658 776 multo
1699 710 1933 777 durius
1956 731 2164 776 nervo
2196 714 2262 772 et
2294 705 2678 772 terrestrius
2706 723 2721 767 ε

1171 823 1235 882 et
1272 814 1424 882 ideo
1465 838 1743 884 sensum
1774 838 1913 882 non
1943 813 2169 889 habet,
2206 833 2329 878 nec
2359 834 2397 877 a
2445 806 2722 876 cerebro

1169 923 1540 1003 descendit,
1574 924 1692 991 sed
1722 925 1791 989 in
1820 922 2255 1012 colligatione
2294 919 2586 987 duorum
2620 940 2728 984 os-

1167 1033 1342 1098 sium
1393 1031 1737 1120 egreditur
1765 1052 1851 1095 ex
1889 1036 2175 1119 utroque
2223 1029 2293 1095 in
2324 1035 2716 1118 utrumque,

1166 1145 1231 1205 et
1268 1136 1505 1204 dilatat
1534 1158 1607 1203 se
1639 1158 1843 1227 super
1864 1136 2256 1226 juncturam
2310 1138 2485 1204 sicut
2515 1136 2724 1202 invo-

1164 1243 1345 1310 lutus
1374 1243 1626 1310 fumus.
1676 1241 1900 1311 Sensu
1940 1252 2167 1310 autem
2195 1252 2377 1310 caret
2411 1265 2425 1309 ε
2465 1243 2626 1332 quia
2663 1241 2715 1307 si

1163 1348 1465 1418 haberet.
1502 1373 1806 1429 sensum,
1842 1352 2242 1418 continuum
2290 1348 2575 1416 haberet
2601 1348 2722 1416 do-

1161 1457 1376 1524 lorem
1408 1479 1494 1524 ex
1531 1466 1724 1524 motu
1769 1467 1837 1525 et
1884 1457 2327 1525 concussione
2357 1456 2617 1524 ossium
2649 1456 2719 1521 in

1152 1565 1495 1652 junctura,
1539 1565 1716 1631 sicut
1745 1565 2061 1655 superius
2091 1565 2413 1632 diximus.

1247 1677 1372 1745 His
1431 1680 1500 1746 in
1549 1679 1904 1746 communi
1944 1677 2190 1746 habitis
2243 1678 2325 1746 de
2384 1678 2610 1745 nervis
2649 1687 2716 1746 et

1159 1783 1434 1853 chordis
1464 1793 1533 1854 et
1566 1784 1955 1876 ligamentis
1993 1794 2061 1855 et
2100 1785 2450 1870 musculis,
2486 1787 2718 1877 inqui-

1158 1915 1388 1961 ramus
1419 1894 1846 1960 anatomiam
1880 1893 2346 1961 musculorum
2374 1895 2706 1984 corporis,

1158 2001 1558 2090 incipientes
1587 2022 1629 2066 a
1668 1999 1993 2068 musculis
2031 2002 2247 2068 faciei.
2309 2000 2427 2069 Est
2483 2010 2712 2069 autem

1158 2129 1483 2174 numerus
1556 2107 2025 2176 musculorum
2088 2108 2283 2176 faciei
2335 2108 2713 2177 secundum

1160 2237 1523 2282 numerum
1600 2223 1916 2283 motuum
2002 2216 2473 2284 membrorum
2558 2239 2711 2308 quae

1160 2322 1414 2390 suntin
1454 2322 1648 2390 facie.
1702 2322 2033 2391 Videmus
2072 2333 2302 2391 autem
2342 2325 2602 2392 moveri
2641 2326 2708 2391 in
2758 2407 2773 2423 ο

1156 2429 1324 2498 facie
1378 2439 1639 2521 septem
1708 2432 2018 2499 membra
2091 2431 2563 2499 universaliter
2624 2430 2711 2499 ab

1158 2537 1502 2617 omnibus,
1537 2546 1604 2606 et
1634 2562 1673 2605 a
1712 2537 2121 2629 quibusdam
2150 2547 2332 2617 octo,
2366 2560 2521 2629 quae
2553 2547 2711 2607 sunt

1153 2643 1363 2727 frons,
1397 2644 1604 2722 oculi,
1642 2644 1981 2737 palpebrae
2010 2646 2418 2736 superioreS,
2463 2656 2529 2715 et
2559 2670 2713 2715 ma-

1147 2750 1310 2819 xilla
1351 2752 1418 2819 in
1451 2754 1948 2821 communitate
2014 2753 2377 2831 labiorum,
2420 2762 2488 2821 et
2530 2753 2711 2822 labia

1146 2860 1289 2926 sine
1321 2858 1643 2934 maxillis,
1680 2868 1747 2927 et
1800 2860 1953 2927 duze
2013 2861 2369 2929 inferiores
2434 2863 2707 2929 narium

1147 2968 1632 3034 extremitates·
1695 2967 2012 3034 Movetur
2065 2977 2292 3036 autem
2333 2977 2398 3036 et
2432 2968 2709 3036 mandi-

1147 3073 1308 3142 bula
1348 3073 1629 3142 inferior
1667 3073 1823 3141 forti
1885 3083 2100 3142 motu.
2166 3076 2380 3143 Frons
2427 3076 2706 3168 quidem

1151 3189 1464 3250 movetur
1490 3205 1529 3249 a
1589 3181 1900 3251 musculo
1966 3182 2139 3251 adeo
2170 3183 2388 3265 tenui,
2430 3182 2619 3276 quod
2665 3207 2708 3252 a

1151 3296 1301 3356 cute
1327 3312 1467 3357 non
1496 3297 1851 3379 separatur
1886 3312 1902 3358 ε
1937 3300 2212 3382 propter
2254 3292 2439 3382 quod
2495 3292 2704 3360 etiam

1149 3394 1472 3465 chordam
1523 3419 1658 3488 qua
1689 3407 1984 3478 moveat,
2028 3421 2165 3466 non
2193 3399 2461 3466 videtur
2500 3396 2708 3466 habe-

1149 3526 1241 3571 re.
1302 3503 1525 3573 Causa
1579 3511 1811 3572 autem
1866 3513 1995 3583 est,
2073 3506 2231 3597 quia
2314 3505 2702 3574 membrum

1146 3610 1332 3701 quod
1359 3619 1592 3679 movet
1650 3610 2025 3688 musculus,
2067 3623 2268 3682 tenue
2334 3621 2435 3682 est
2491 3621 2559 3682 et
2597 3611 2705 3681 la-

1143 3725 1313 3818 tum.
1371 3717 1581 3787 Juvat
1655 3727 1885 3788 autem
1963 3727 2190 3789 motus
2259 3720 2503 3790 frontis
2566 3720 2702 3789 ali-

1142 3825 1415 3915 quando
1473 3825 1543 3893 in
1608 3825 1988 3895 claudendo
2055 3827 2331 3896 oculum
2402 3828 2699 3899 laxando

1140 3954 1286 4001 sese
1339 3940 1410 4001 et
1469 3933 1964 4003 contrahendo,
2026 3934 2222 4004 Oculi
2287 3944 2518 4005 autem
2576 3960 2702 4005 sex

1142 4048 1510 4109 moventur
1550 4040 1907 4118 musculis,
1939 4063 2233 4133 quorum
2282 4050 2580 4134 quatuor
2627 4044 2697 4112 in

1141 4155 1438 4238 quatuor
1505 4146 1750 4217 sitibus
1803 4148 2035 4240 positi,
2097 4157 2375 4218 movent
2416 4150 2696 4219 oculum

1117 4254 1227 4356 ‘ad
1254 4277 1414 4322 suas
1449 4263 1677 4347 partes
1704 4279 1976 4324 sursum
2008 4258 2325 4326 deorsum
2354 4257 2442 4326 ad
2470 4280 2698 4349 angu-

1140 4359 1280 4429 lum
1313 4361 1486 4437 nasi,
1545 4370 1616 4431 et
1667 4362 1753 4431 nd
1810 4364 2144 4455 angulum
2207 4365 2691 4433 extrinsecum.

1138 4466 1290 4537 Duo
1319 4474 1548 4537 autem
1610 4479 1858 4561 gyrant
1911 4472 2188 4539 oculum
2254 4471 2323 4539 in
2377 4472 2690 4541 circuitu.

1138 4574 1403 4645 Nervus
1453 4582 1685 4645 autem
1716 4577 1985 4668 opticus
2013 4578 2128 4670 qui
2158 4586 2260 4646 est
2299 4586 2479 4647 retro
2516 4600 2694 4649 ocu-

1133 4681 1300 4761 lum,
1333 4690 1604 4753 tenetur
1641 4682 1728 4752 ab
1768 4707 1908 4754 uno
1944 4707 1961 4754 ε
1994 4693 2062 4754 et
2098 4684 2372 4777 quando
2421 4685 2535 4754 ille
2581 4686 2694 4755 la-

1135 4798 1355 4868 xatur,
1389 4791 1741 4880 egreditur
1767 4802 1835 4862 et
1890 4794 2236 4885 prominet
2288 4791 2580 4862 oculus:
2621 4801 2694 4864 et

1136 4893 1335 4979 huju<
1395 4898 1667 4986 quictem
1739 4900 2151 4990 principium
2205 4900 2483 4969 unicum
2520 4908 2684 4968 est:

1135 5014 1458 5074 ettamen
1504 5016 1667 5075 suut
1713 5007 1832 5098 qui
1898 5007 2129 5075 dicunt
2174 5007 2350 5075 duos
2414 5032 2586 5085 esse,
2621 5016 2690 5076 et

1137 5112 1415 5203 quidam
1447 5113 1683 5184 dicunt
1721 5122 1859 5183 tres
1888 5137 2059 5183 esse.
2097 5113 2429 5207 l‘alpebra
2456 5123 2687 5183 autent

1133 5219 1502 5289 secundum
1533 5219 1709 5289 duos
1745 5229 1975 5290 motus
2023 5244 2195 5313 quos
2241 5221 2442 5292 habet
2479 5244 2686 5313 aper-

1132 5327 1335 5396 tionis
1390 5335 1458 5397 et
1549 5326 1920 5397 clausionis
1976 5329 2180 5409 oculi,
2239 5329 2414 5398 duos
2480 5327 2685 5397 habet

1131 5428 1498 5502 musculos.
1570 5433 1860 5503 lnferior
1916 5436 2192 5526 quidem
2266 5438 2333 5505 in
2422 5433 2680 5526 angulo

1128 5540 1300 5608 oculi
1331 5541 1528 5631 cujus
1582 5540 1858 5611 chorda:
1918 5542 1987 5610 in
2047 5541 2263 5633 ipsam
2326 5543 2681 5611 venientes

1127 5644 1479 5739 deponunt
1508 5672 1688 5717 eam.
1733 5648 1812 5716 ln
1879 5657 2032 5718 ortu
2096 5658 2327 5719 autem
2377 5651 2679 5741 pilorum

1127 5756 1466 5846 supercilii
1496 5755 1707 5826 habet
1728 5755 1967 5836 alium,
2002 5758 2119 5848 qui
2148 5756 2679 5848 constringendo

2834 619 2906 663 se
2947 601 3162 688 aperit
3221 621 3371 665 eam
3403 620 3524 688 per
3554 597 3841 665 chordas
3873 620 4043 687 quas
4084 599 4286 664 mittit
4326 598 4393 663 in

2833 708 3296 773 extremitates
3371 706 3543 793 ejus.
3602 705 3890 772 Inferior
3946 713 4171 772 autem
4247 704 4396 771 nul-

2833 809 2978 876 lum
3018 834 3032 878 ε
3069 813 3229 901 quia
3280 811 3657 879 immobilis
3688 818 3812 888 est,
3848 833 3929 878 eo
3963 812 4146 900 quod
4185 822 4391 879 natu-

2832 939 2907 984 ra
2945 919 3217 1008 expedit
3255 942 3327 986 se
3370 919 3806 1009 paucioribus
3855 928 4187 1008 quantum
4233 928 4391 1008 pot-

2831 1033 2956 1101 est,
3012 1035 3082 1093 et
3126 1026 3451 1116 possibile
3500 1027 3629 1093 fuit
3678 1025 3956 1094 oculum
4008 1026 4253 1115 aperiri
4327 1035 4393 1092 et

2829 1134 3056 1203 claudi
3094 1156 3217 1224 per
3245 1156 3480 1201 unam.
3520 1133 3762 1201 Melius
3822 1143 4053 1201 autem
4104 1142 4247 1202 erat
4273 1157 4395 1223 per

2828 1243 3253 1332 superiorem
3286 1239 3414 1309 hoc
3464 1241 3635 1319 fieri,
3680 1263 3761 1309 eo
3822 1241 4007 1330 quod
4084 1248 4186 1308 est
4243 1265 4398 1331 pro-

2825 1349 3152 1439 pinquior
3196 1348 3531 1439 principio
3602 1371 4005 1415 nervorum.
4060 1347 4175 1415 Sic
4231 1370 4393 1440 ergo

2825 1456 2980 1524 duae
3026 1456 3368 1546 palpebra}
3399 1466 3697 1546 quatuor
3727 1455 3987 1523 habent
4019 1455 4388 1536 musculoS,

2825 1571 2893 1631 et
2949 1563 3086 1630 duo
3146 1562 3325 1631 oculi
3376 1561 3631 1630 habent
3709 1561 4095 1643 duodecim,
4143 1569 4210 1629 et
4254 1562 4390 1631 duo

2825 1671 3017 1738 nervi
3075 1670 3281 1760 optici
3330 1670 3527 1737 duos.
3585 1667 3867 1736 Maxilla
3913 1677 4140 1737 autem
4186 1667 4388 1737 habet

2822 1777 2998 1845 duos
3028 1785 3258 1844 motus
3294 1798 3310 1843 ε
3356 1799 3572 1844 unum
3608 1775 3887 1842 inferius
3937 1784 4002 1842 et
4051 1777 4386 1866 superius,

2826 1887 2944 1977 qui
3010 1886 3320 1976 sequitur
3398 1892 3665 1951 motum
3746 1881 4158 1951 mandibulas
4234 1904 4250 1949 :
4321 1891 4388 1951 et

2821 1993 3037 2061 alium
3086 2000 3241 2060 ante
3286 2001 3352 2060 et
3403 2001 3584 2061 retro
3625 2015 3783 2060 cum
3832 1991 4028 2060 labiis
4066 2015 4386 2060 commu-

2822 2123 3007 2168 nem.
3045 2099 3467 2168 Generaliter
3506 2109 3733 2168 autem
3777 2107 3879 2167 est
3910 2122 4174 2178 verum,
4199 2099 4386 2190 quod

2823 2230 3331 2300 quemcumque
3370 2215 3637 2279 motum
3698 2205 3902 2274 habet
3966 2205 4381 2286 membrum,

2821 2317 2942 2404 qui
3001 2321 3102 2381 est
3154 2313 3435 2382 alterius
3494 2314 3837 2406 proprius,
3889 2311 4097 2381 habet
4140 2335 4300 2380 eum
4348 2334 4388 2379 a

2821 2419 3138 2490 musculo
3214 2422 3332 2512 qui
3383 2430 3487 2488 est
3558 2421 3742 2487 illius
3806 2418 4099 2488 membri
4152 2441 4169 2488 :
4218 2428 4287 2487 et
4329 2421 4387 2487 si

2819 2526 3029 2596 habet
3059 2536 3324 2596 motum
3359 2549 3798 2596 communem
3827 2549 3983 2594 cum
4016 2525 4149 2593 alio
4173 2549 4387 2594 meni-

2817 2634 2973 2714 bro,
3011 2634 3143 2704 boc
3176 2635 3304 2704 erit
3343 2659 3467 2726 per
3497 2636 3885 2705 musculum
3942 2656 4379 2705 communem

2823 2746 3094 2835 utrique
3128 2744 3464 2812 membro.
4062 2834 4071 2842 ἱ

2910 2855 3139 2921 Motus
3169 2854 3379 2944 igitur
3410 2856 3670 2944 primus
3700 2862 3800 2921 est
3830 2878 3867 2920 a
3914 2852 4224 2921 musculo
4262 2856 4377 2944 qui

2817 2972 2920 3032 est
2967 2985 3145 3053 gena
3201 2962 3526 3030 maxillam
3587 2963 3844 3030 'l'amen
3911 2962 4380 3053 unusquisqne

2819 3071 3295 3138 musculorum
3327 3072 3755 3138 moventium
3788 3067 4166 3147 maxillam,
4199 3091 4388 3137 cotn-

2815 3180 3097 3273 ponitur
3149 3201 3235 3247 ex
3313 3188 3611 3271 quatuor
3679 3201 3695 3246 :
3767 3179 4092 3271 quoniam
4148 3201 4383 3248 revera

2813 3289 2960 3357 villi
2991 3291 3106 3380 qui
3140 3288 3504 3359 involvunt
3541 3289 3887 3356 musculos
3916 3288 4210 3356 motivos
4241 3310 4378 3355 ma-

2817 3395 3028 3475 xilloe.
3065 3419 3153 3465 ex
3184 3404 3482 3489 quatuor
3520 3395 3687 3464 locis
3731 3418 4004 3463 sursum
4048 3403 4115 3461 et
4179 3393 4383 3463 deor-

2813 3526 2970 3573 sum
2999 3502 3413 3596 diriguntur.
3461 3502 3654 3573 Unus
3694 3504 3974 3595 quidem
4030 3508 4135 3571 est
4187 3510 4380 3571 ortus

2812 3637 2853 3682 a
2902 3612 3195 3694 surcula,
3225 3613 3424 3703 cujus
3469 3611 3617 3681 viui
3662 3611 3749 3680 ad
3802 3619 4185 3680 extremum
4215 3608 4376 3678 labii

2811 3723 3153 3792 inferioris
3207 3722 3643 3815 perveniunt,
3711 3729 3780 3790 et
3817 3718 4097 3790 trallunt
4154 3720 4374 3812 ipsum

2812 3832 3118 3910 inferius,
3188 3854 3347 3901 cum
3420 3831 3671 3923 aliquis
3724 3830 4007 3898 inferior
4082 3827 4371 3896 revolvit

2728 3926 2752 3935 ”
2809 3939 3073 4009 labium
3131 3947 3324 4008 motu
3365 3939 3782 4007 voluntario.
3835 3936 4192 4005 Secundus
4242 3958 4375 4004 au-

2807 4053 2952 4114 tem
2982 4046 3202 4114 oritur
3239 4045 3416 4114 inter
3451 4043 3788 4114 surculam
3825 4052 3894 4111 et
3944 4040 4293 4110 thoracem
4332 4065 4374 4112 a

2808 4152 3077 4222 duabus
3140 4152 3448 4244 partibus
3494 4152 3734 4222 dextra
3785 4157 3850 4218 et
3897 4149 4197 4217 sinistra.
4236 4147 4373 4218 Sed

2809 4258 2957 4328 villi
3012 4260 3383 4328 transversi
3431 4260 3718 4326 veniunt
3759 4278 3776 4324 :
3847 4264 4039 4325 ortus
4092 4256 4275 4324 enim
4332 4279 4373 4324 a

2806 4367 3051 4438 dextro
3089 4368 3276 4436 veuit
3307 4367 3377 4436 in
3405 4367 3752 4434 sinistram
3802 4376 4060 4454 parte-ni
4113 4363 4269 4430 labii
4304 4365 4369 4430 in

2805 4473 3063 4566 angulo
3102 4475 3268 4555 oris,
3301 4483 3370 4544 et
3394 4482 3588 4543 ortus
3642 4496 3686 4540 a
3733 4473 4009 4539 sinistro
4046 4471 4236 4539 venit
4299 4472 4368 4538 in

2805 4580 3017 4650 tinent
3055 4579 3273 4650 dextri
3306 4577 3471 4648 labii
3514 4600 3531 4646 :
3568 4586 3636 4648 et
3700 4574 4113 4646 contrahunt
4155 4599 4235 4644 os
4279 4576 4365 4645 ad

2802 4695 3033 4780 partes
3059 4708 3243 4763 suas,
3285 4695 3540 4755 etcum
3581 4683 4000 4775 colliguntur
4028 4684 4139 4751 isti
4191 4682 4363 4761 villi,

2801 4801 3175 4887 augustant
3211 4815 3315 4871 os,
3348 4794 3524 4861 sicut
3556 4789 3983 4860 contrahitur
4011 4788 4216 4857 bursa
4243 4811 4367 4878 per

2800 4903 3196 4994 corrigiam.
3235 4900 3506 4968 Tertius
3552 4907 3785 4968 autem
3823 4898 4044 4965 oritur
4074 4897 4163 4963 ab
4210 4919 4365 4964 osse

2801 5005 3087 5100 spatulae
3118 5005 3303 5098 quod
3349 5014 3638 5074 vocatur
3688 5013 3988 5073 rostrum
4026 5003 4236 5080 cort-i.
4293 5013 4363 5071 et

2799 5116 3107 5187 extendit
3143 5137 3218 5185 se
3244 5115 3319 5184 in
3357 5114 3672 5183 musculo
3701 5113 4009 5192 contiuo,
4042 5121 4110 5180 et
4155 5110 4361 5182 trabit

2797 5220 3062 5291 labium
3119 5219 3330 5290 simili
3359 5220 3764 5290 attractione
3801 5219 3872 5286 in
3909 5217 4081 5286 duas
4107 5228 4357 5307 partes.

2799 5327 3105 5411 Quartus
3121 5338 3352 5398 autem
3381 5328 3468 5398 ab
3499 5327 3823 5396 auriculis
3849 5327 4063 5417 spinas
4082 5325 4266 5405 colli,
4294 5335 4364 5394 et

2797 5437 3195 5507 extenditur
3228 5435 3359 5505 sub
3388 5436 3685 5504 termino
3714 5436 4013 5515 aurium,
4052 5439 4119 5499 et
4147 5433 4363 5501 conti·

2796 5552 3052 5612 nuatur
3076 5566 3235 5612 cum
3274 5542 3409 5612 tine
3449 5542 3774 5619 maxillae,
3815 5548 3885 5608 et
3914 5546 4148 5609 movet
4174 5560 4354 5616 eam,

2794 5657 2863 5720 et
2920 5657 3154 5721 motus
3200 5642 3365 5740 ejus'
3386 5648 3703 5741 sequitur
3748 5645 4035 5717 labium.
4079 5644 4158 5715 ln
4196 5646 4359 5738 qui-

2792 5755 3087 5827 busdam
3114 5764 3346 5825 autem
3403 5755 3531 5824 iste
3588 5752 3942 5823 musculus
4003 5753 4189 5822 venit
4227 5749 4356 5819 sub
