4919 6371
577 383 662 447 24
1440 449 1451 458 ,
1581 390 1664 456 D.
1715 388 1917 455 ALB.
1972 382 2192 449 MAG.
2248 380 2451 448 ORD.
2508 381 2802 449 PRAED.

578 549 944 621 reflectitur
966 555 1047 622 ad
1079 557 1369 624 alterum
1397 579 1412 621 ε
1450 555 1566 622 1116
1594 560 1821 619 autem
1853 573 2005 640 quae
2036 558 2137 618 ost

2248 551 2492 620 modus
2559 552 2759 643 piscis
2798 553 3172 622 secundum
3230 555 3790 621 communitatem

581 657 857 730 inferius
913 664 983 731 in
1049 665 1282 731 stricto
1348 662 1577 752 1115615,
1631 680 1771 725 1166
1847 665 1949 725 651
2004 659 2135 726 6151
2246 661 2514 748 generis
2563 661 2673 728 'sui
2721 682 2860 729 non
2889 668 3099 740 natat,
3133 661 3261 728 nisi
3302 682 3423 750 pcr
3478 660 3792 749 amplitu-

582 790 722 835 una
754 791 768 834 :
805 770 1086 837 inferior
1123 777 1351 835 autem
1375 766 1581 833 habet
1616 765 1932 832 similiter
1969 765 2136 834 duas

583 874 748 952 alas,
782 899 990 942 unam
1049 882 1205 941 ante
1253 895 1407 962 quae
1446 880 1548 940 est
1575 873 1889 964 simplex,
1916 883 1982 941 et
2037 874 2139 940 al-

581 988 796 1049 teram
825 989 980 1070 post
1009 982 1078 1045 in
1109 980 1341 1046 stricto
1374 978 1558 1047 dorsi
1593 1004 1610 1048 1
1644 989 1711 1049 61
1739 979 1945 1050 habet
1973 1005 2142 1049 cau-

582 1085 736 1151 dam
767 1108 891 1173 pro
921 1083 1410 1173 gubernaculo.
1448 1085 1571 1154 Illa
1600 1094 1829 1155 autem
1861 1109 2010 1178 quae
2041 1093 2142 1152 est

583 1188 883 1254 anterius
914 1188 984 1252 in
1021 1186 1194 1255 facie
1232 1193 1529 1279 pectoris
1559 1193 1730 1283 ejuS,
1766 1191 2144 1257 bifurcatur
2192 1210 2199 1213 ’

582 1301 858 1383 propter
885 1293 1018 1363 hoc
1047 1297 1209 1387 quia
1238 1297 1330 1364 ibi
1380 1301 1585 1389 piscis
1643 1300 1904 1387 spissus
1949 1302 2145 1363 estet

583 1421 724 1466 non
751 1408 975 1489 potest
1003 1423 1150 1470 esse
1180 1403 1250 1470 in
1291 1405 1518 1471 media
1546 1403 1653 1469 ala
1691 1425 1777 1470 ne
1817 1400 2145 1491 impediat

585 1506 977 1575 vertebrum
1018 1509 1144 1577 alae
1208 1509 1657 1598 capacitatem
1716 1510 1974 1576 ventris
2020 1531 2034 1575 :
2080 1516 2148 1577 et

587 1636 745 1682 cum
783 1616 972 1684 sitin
1003 1639 1143 1683 una
1160 1623 1351 1706 parte
1383 1615 1583 1693 ssexa,
1628 1618 1934 1706 oportuit
1962 1616 2148 1707 quod

590 1724 991 1811 in‚alteram
1048 1732 1314 1813 partem
1354 1724 1670 1793 similiter
1726 1724 1858 1792 alia
1914 1725 2149 1792 116616-

588 1838 774 1899 retur
807 1853 823 1898 τ
859 1832 1020 1921 quia
1050 1831 1248 1900 aliter
1276 1834 1639 1923 cespitaret
1667 1834 1873 1924 piscis
1912 1839 2149 1899 natan·

584 1938 700 2016 do,
754 1939 930 2006 sicut
969 1939 1162 2006 navis
1198 1963 1353 2030 quae
1407 1940 1480 2008 in
1526 1964 1666 2008 una
1701 1948 1895 2031 parte
1934 1940 2148 2007 remi-

480 2056 484 2061 ·
583 2053 805 2135 gatur,
841 2054 909 2113 et
936 2067 1078 2114 non
1108 2048 1177 2113 in
1208 2045 1444 2115 altera.
1474 2046 1659 2114 Talis
1679 2054 1912 2114 autem
1933 2046 2145 2137 piscis
2194 2066 2201 2081 ²

585 2160 687 2220 est
714 2154 784 2220 in
815 2155 983 2221 mari
1039 2154 1465 2233 Graecorum,
1509 2155 1627 2245 (1111
1682 2161 1995 2222 vocatur
2028 2178 2148 2222 ar-

582 2261 902 2339 malado,
973 2271 1040 2330 et
1095 2264 1269 2332 alius
1326 2265 1446 2355 qui
1503 2270 1793 2332 vocatur
1861 2262 2141 2331 lacerat.

584 2365 789 2457 Apud
840 2390 968 2437 nos
1033 2376 1264 2438 autem
1314 2368 2148 2460 6111111(1611116165;(166-

587 2474 776 2540 niam
828 2471 1022 2565 lepus
1065 2477 1273 2543 maris
1312 2474 1469 2543 talis
1498 2483 1626 2555 est,
1670 2483 1738 2544 et
1773 2460 1975 2544 multi
2004 2474 2141 2542 alii.

585 2576 837 2645 Lucius
903 2589 1132 2648 autem
1199 2579 1409 2648 habet
1470 2580 1749 2672 quidem
1833 2564 2146 2649 ordinem

585 2683 849 2752 alarum
888 2708 1092 2776 quem
1123 2686 1474 2755 diximus
1453 2710 1525 2755 111
1561 2696 1825 2768 ventre,
1858 2689 1978 2758 sed
2007 2709 2146 2756 non

584 2794 657 2860 in
693 2791 896 2861 dorso
926 2791 1153 2862 hahet·
1180 2794 1359 2864 alam
1401 2804 1582 2874 ante,
1626 2796 1769 2865 sed
1810 2797 2146 2886 posterius

581 2899 654 2966 in
708 2899 942 2968 stricto
997 2904 1307 2992 corporis
1372 2902 1546 2991 ejus.
1608 2901 2003 2993 Aliquando
2030 2924 2149 2971 au-

578 3012 721 3073 tem
784 3028 1001 3097 genus
1056 3013 1185 3087 est,
1230 3008 1421 3099 quod
1476 3007 1648 3077 duas
1704 3007 1914 3078 habet
1974 3009 2140 3086 alas,

583 3113 760 3181 sicut
781 3134 1019 3181 omnes
1046 3114 1296 3205 pisces,
1328 3114 1521 3207 longi
1549 3124 1618 3184 ot
1641 3116 1855 3185 stricti
1885 3123 1955 3185 61
1977 3115 2146 3184 levis

590 3222 923 3311 corporis,
966 3222 1142 3290 sicut
1168 3220 1524 3302 henkeles,
1555 3231 1623 3292 61
1674 3222 2089 3293 hasmorinoe
2125 3248 2142 3293 z

587 3335 656 3395 et
682 3347 924 3395 omnes
960 3331 1076 3419 qui
1115 3329 1364 3398 vivunt
1404 3352 1492 3398 ex
1555 3352 1736 3423 aqua
1794 3332 2147 3422 rapientes

589 3454 792 3501 suum
831 3438 1327 3506 nutrimentum
1373 3437 1445 3505 in
1485 3437 1712 3520 undis,
1773 3439 1949 3509 sicut
1996 3460 2149 3507 561·-

586 3559 762 3630 pens
790 3540 861 3608 in
888 3547 1088 3609 terr-ze
1125 3541 1407 3633 pulvere
1455 3566 1660 3612 suum
1719 3545 1967 3635 accipit
2021 3566 2150 3613 nu·

582 3648 1009 3727 trimentum,
1053 3670 1195 3716 non
1257 3647 1514 3719 habent
1564 3650 1913 3802 pinnulas,
1972 3652 2148 3722 516111

582 3774 918 3822 muraena.
1946 3771 1953 3780 ·

670 3878 969 3961 Quidam
1002 3889 1233 3950 autem
1276 3881 1502 3973 pisces
1540 3884 1768 3954 vocati
1807 3883 2030 3971 celeti,
2062 3886 2147 3954 de

588 3989 839 4081 quibus
876 3989 1198 4070 diximus,
1237 4012 1385 4059 non
1431 3989 1688 4060 habent
1724 3989 1869 4060 alas
1914 3997 2149 4063 omni-

577 4120 699 4179 no,
732 4101 909 4170 sicut
935 4109 1003 4170 et
1065 4102 1301 4170 omnia
1354 4123 1607 4193 genera
1642 4101 1937 4192 piscium
1989 4126 2144 4195 (11161

583 4218 744 4284 511111
806 4208 1197 4301 amplorum
1270 4230 1640 4301 corporum
1708 4218 1778 4280 et
1841 4210 2144 4302 plurium

580 4315 952 4387 caudarum
987 4335 1004 4381 :
1037 4314 1258 4406 pisces
1286 4313 1473 4382 enim
1501 4314 1621 4406 qui
1659 4312 1841 4405 apud
1879 4336 2007 4384 nos
2034 4317 2147 4384 rm·

576 4429 885 4501 vocatur,
937 4419 1191 4488 multas
1218 4418 1428 4489 habet
1459 4418 1737 4499 caudas,
1779 4429 1850 4489 et
1875 4428 1981 4491 est
2004 4445 2147 4491 am·

576 4525 673 4617 pli
701 4523 1034 4615 corporis,
1077 4532 1146 4592 et
1171 4545 1316 4592 non
1352 4521 1562 4591 habet
1590 4522 1968 4603 distinctas,
2008 4526 2147 4595 516-

579 4640 658 4703 111
683 4632 858 4702 61165
884 4631 1117 4721 piscis.
1150 4630 1236 4698 Et
1264 4629 1398 4700 hoc
1425 4628 1633 4724 modo
1662 4630 1873 4699 etiam
1899 4639 2143 4722 pecten

581 4738 768 4833 quod
818 4736 1078 4829 pleidis
1135 4742 1452 4818 vocatur,
1521 4743 1589 4806 et
1660 4743 1902 4828 pecten
1956 4738 2142 4830 quod

581 4855 868 4918 vocatur
896 4844 1135 4923 butha,
1204 4851 1273 4913 et
1328 4852 1569 4936 pecten
1607 4844 1793 4936 quod
1855 4852 2142 4915 vocatur

582 4951 891 5031 rumbus,
924 4951 1171 5043 pinnas
1200 4972 1341 5019 non
1372 4948 1653 5032 habent,
1695 4971 1991 5041 quarum
2016 4953 2141 5020 im·

581 5059 786 5152 pulsu
839 5067 907 5128 61
964 5060 1369 5128 attractione
1407 5066 1877 5127 moveantur:
1918 5059 2085 5128 56(1
2066 5083 2139 5129 16

579 5167 866 5235 circuitu
909 5187 1039 5233 suo
1092 5165 1557 5257 circumpositi
1604 5171 1765 5233 sunt
1803 5165 2133 5255 pinnuli.

578 5273 698 5342 sed
725 5273 859 5341 illis
896 5271 1218 5340 videntur
1267 5272 1355 5340 ad
1406 5270 1950 5364 gubernaculum
1976 5272 2128 5341 uti:

576 5382 737 5471 (11116
802 5400 943 5445 non
1004 5376 1297 5446 volvunt
1350 5400 1465 5446 eas
1519 5377 2051 5501 posteriorando·
2067 5387 2135 5447 61

574 5483 1078 5563 anteriorando,
1144 5484 1323 5552 sicut
1381 5486 1603 5576 pisces
1650 5491 1932 5554 movent
1983 5484 2134 5576 pin-

576 5593 774 5663 nulas
803 5598 897 5662 et
892 5589 1232 5660 animalia
1260 5591 1493 5682 pedes.
1554 5592 1859 5662 Vocatur
1901 5598 2132 5663 autem

575 5701 757 5772 istud
783 5719 1003 5793 genus
1033 5696 1269 5768 Graece
1298 5697 1762 5768 buscematis:
1792 5683 1918 5767 1516
1945 5699 2132 5770 enim

2250 765 2476 833 dinem
2504 768 2804 858 corporis
2844 768 2948 835 sui
2979 768 3395 836 incurvando
3444 789 3539 846 se,
3572 774 3637 833 et
3692 786 3794 831 re-

2249 869 2592 937 curvando
2624 870 2827 937 modo
2858 872 2942 938 ad
2969 879 3302 951 ventrem,
3336 879 3401 939 et
3455 870 3660 939 modo
3708 868 3793 934 ad

2251 976 3412 1043 1161511111..

2343 1080 2669 1160 Quaedam
2708 1090 2935 1151 autem
2967 1092 3070 1151 651
3097 1106 3264 1151 rana
3300 1106 3550 1204 magna
3587 1086 3796 1151 mari-

2256 1209 2366 1271 na,
2410 1210 2562 1277 quae
2609 1186 2814 1256 habet
2851 1188 2993 1257 alas
3042 1196 3110 1257 et
3148 1190 3405 1269 omnia,
3459 1213 3609 1279 quae
3644 1192 3800 1280 qui-

2256 1293 2413 1362 dem
2459 1303 2619 1363 sunt
2656 1295 2904 1387 ampla,
2947 1296 3067 1364 sed
3122 1296 3277 1364 finis
3335 1295 3800 1417 amplitudinis

2257 1424 2497 1469 eorum
2544 1403 2833 1472 declinat
2872 1403 2959 1472 ad
3003 1404 3339 1484 strictum,
3390 1404 3565 1472 sicut
3600 1402 3803 1493 piscis

2260 1510 2375 1599 (1111
2414 1511 2596 1599 apud
2634 1533 2759 1578 nos
2788 1511 3009 1579 midre
3036 1519 3345 1579 vocatur.
3391 1511 3639 1578 Omnia
3675 1533 3804 1578 au-

2255 1626 2394 1685 tem
2434 1639 2684 1707 genera
2713 1612 3029 1708 piscium,
3064 1618 3147 1685 de
3177 1617 3617 1709 quibus-vera
3642 1619 3800 1708 opi-

2257 1723 2373 1790 nio
2421 1730 2547 1803 est,
2590 1724 2775 1814 quod
2816 1724 3022 1814 pedes
3060 1722 3316 1794 habent
3362 1731 3433 1791 et
3472 1723 3637 1800 alas,
3686 1747 3804 1791 116-

2257 1837 2405 1897 tant
2451 1852 2608 1898 611111
2662 1833 2993 1922 utrisque,
3043 1820 3221 1900 sicut
3274 1833 3507 1900 omnia
3552 1853 3803 1923 genera

2192 1954 2199 1959 ⁴
2256 1936 2591 2004 malachie
2625 1945 2753 2005 :·et
2779 1937 3071 2007 ideoille
3107 1936 3314 2007 velox
3342 1938 3446 2040 651
3480 1938 3680 2006 valde
3729 1938 3801 2005 in

2244 2044 2582 2123 'natand0,
2625 2051 2694 2113 et
2719 2045 2933 2113 vincit
2970 2045 3213 2128 undas,
3263 2046 3360 2113 ita
3401 2045 3588 2136 quod
3615 2058 3805 2137 'saepe

2259 2151 2563 2241 procedit
2609 2174 2648 2218 a
2692 2151 2915 2221 littore
2957 2153 3026 2220 in
3072 2151 3502 2242 profundum
3552 2151 3800 2244 pelagi.

2263 2257 2377 2327 Sic
2424 2266 2653 2327 autem
2709 2261 3045 2350 praecipue
3100 2258 3386 2351 pedibus
3443 2268 3510 2328 61
3580 2261 3806 2350 pinnis

2261 2374 2449 2446 natat
2501 2369 2704 2457 piscis
2747 2375 3031 2437 vocatus
3096 2368 3418 2448 archos-ia,
3479 2376 3547 2436 et
3590 2367 3806 2437 multa

2259 2498 2513 2567 genera
2570 2474 2943 2567 multipeda
2999 2477 3447 2554 marinorum,
3509 2499 3660 2568 quae
3707 2478 3805 2546 516

2259 2593 2499 2654 natant
2536 2594 2603 2654 et
2639 2594 3025 2655 moventur.

2348 2693 2525 2763 Illud
2571 2703 2797 2764 autem
2840 2695 3027 2786 quod
3072 2694 3259 2764 durae
3298 2696 3519 2764 carnis
3569 2702 3693 2775 est,
3735 2703 3804 2764 61

2258 2809 2546 2872 testeum
2600 2826 2685 2873 ex
2730 2826 2978 2896 genere
3028 2805 3345 2896 piscium,
3392 2806 3568 2873 sicut
3621 2803 3804 2896 quod

2259 2912 2506 2982 dicitur
2540 2912 2794 2981 karabo
2833 2914 2978 2981 sive
3019 2913 3281 2981 locusta
3311 2914 3548 2997 maris,
3581 2921 3648 2981 et
3674 2911 3807 2981 alia

2260 3019 2477 3087 multa
2516 3041 2768 3111 genera
2795 3042 3198 3088 cancrorum
3234 3040 3630 3110 parvorum,
3663 3041 3808 3087 mo·

2256 3134 2506 3195 ventur
2542 3150 2697 3197 cum
2749 3130 2870 3197 sua
2917 3125 3134 3197 cauda
3185 3134 3558 3196 retrorsum
3608 3127 3806 3196 velo-

2258 3235 2527 3304 cissime
2573 3236 2968 3305 extensione
3004 3234 3238 3305 caudoe
3277 3243 3346 3304 et
3403 3236 3804 3305 retractione

2258 3340 2402 3411 sive
2483 3341 2922 3433 replicatione
3012 3342 3228 3433 ipsius
3290 3365 3529 3411 versus
3600 3366 3802 3412 51111111

2255 3457 2591 3531 ventrem,
2641 3450 2815 3518 sicut
2877 3449 2935 3517 si
3000 3458 3177 3518 essct
3249 3458 3477 3520 motus
3535 3449 3798 3519 alarum

2256 3578 2559 3624 suarum.
2589 3555 2899 3627 Tenchea
2936 3565 3190 3637 autem,
3223 3578 3376 3649 quae
3403 3565 3506 3627 651
3539 3557 3798 3651 51166165

2256 3663 2570 3754 quaedam
2598 3663 2943 3746 crocodili,
2976 3672 3292 3733 movetur
3319 3673 3388 3735 et
3413 3673 3602 3735 natat
3624 3666 3797 3758 pede

2258 3792 2385 3840 suo
2442 3778 2511 3839 et
2555 3770 2773 3840 cauda
2805 3791 2982 3840 sua:
3033 3771 3196 3861 quia
3233 3769 3350 3840 illa
3376 3769 3582 3841 habet
3626 3794 3800 3865 qua·

2258 3876 2451 3946 sdam
2488 3875 2830 3968 pinnulas.
2849 3895 2852 3904 ⁸
2873 3874 2960 3945 Et
2992 3875 3312 3946 eumdem
3343 3876 3644 3950 modum
3672 3901 3804 3949 na-

2254 3982 2441 4054 tandi
2491 4004 2650 4053 cum
2699 3981 2916 4052 cauda
2960 4004 3087 4053 5116
3123 3981 3578 4054 habetomne
3614 3985 3798 4078 quod

2254 4089 2517 4160 confert
2543 4097 2611 4158 et
2637 4087 2978 4158 contrahit
3006 4087 3295 4159 caudam
3324 4087 3409 4158 de
3436 4089 3685 4160 minori
3713 4091 3801 4161 ad

2254 4196 2479 4286 majus
2537 4215 2555 4262 2
2614 4193 3036 4264 incurvando
3100 4194 3287 4265 enim
3361 4196 3590 4266 minus
3653 4197 3798 4268 sivo

2253 4300 2595 4393 posterius
2621 4299 2853 4369 caudae
2887 4321 3126 4369 versus
3169 4299 3419 4391 majus,
3458 4310 3526 4370 et
3561 4310 3798 4393 postea

2255 4404 2705 4491 extendendo,
2749 4404 3071 4498 impingit
3106 4427 3356 4498 aquam
3394 4406 3571 4476 516111
3606 4430 3796 4477 remo

2254 4523 2322 4585 et
2365 4512 2828 4606 gubernaculo
2874 4519 2944 4583 et
3006 4520 3218 4600 natat,
3277 4513 3397 4583 sed
3459 4516 3799 4584 movendo

2253 4643 2405 4692 eam
2472 4644 2716 4714 parum
2758 4642 2997 4690 versus
3053 4619 3291 4700 latera,
3357 4619 3800 4713 gubernaculi

2252 4726 2412 4799 facit
2474 4750 2677 4797 usum
2717 4749 2734 4795 :
2786 4724 3210 4796 incurvando
3266 4735 3497 4796 autem
3561 4749 3800 4798 versus

2252 4834 2532 4905 dorsum
2575 4834 2687 4904 vel
2730 4841 3040 4904 ventrem
3091 4841 3162 4904 et
3195 4832 3520 4904 velociter
3560 4843 3802 4905 exten-

2249 4943 2499 5026 dendo,
2564 4966 2786 5013 usum
2819 4941 3076 5035 probet
3130 4943 3301 5012 remi
3343 4943 3790 5037 navigantis:

2210 5053 2424 5121 516111
2477 5059 2546 5119 61
2592 5049 3081 5143 gubernatores
3141 5050 3485 5145 posterius
3544 5073 3795 5142 aquam

2247 5158 2711 5252 gubernaculo
2740 5166 3114 5228 retrorsum
3140 5153 3621 5250 percutientes,
3655 5181 3799 5227 ma-

2248 5286 2463 5357 gnum
2479 5265 2834 5334 auxilium
2880 5271 3206 5388 praestant
3267 5264 3789 5387 remigantibus.

2204 5367 2564 5444 Τ61161166
2601 5380 2830 5442 autem
2881 5373 2955 5440 in
2999 5370 3218 5467 cauda
3253 5391 3404 5439 5116
3418 5370 3652 5440 candae
3685 5373 3799 5464 pi-

2247 5479 2379 5551 scis
2399 5479 2836 5579 assimilatur,
2842 5478 2991 5574 (1111
3020 5499 3062 5544 6
3079 5475 3344 5546 Graecis
3358 5476 3662 5568 qalabus
3681 5477 3798 5547 (11-

2204 5590 2468 5660 ’6111111
2493 5585 2621 5655 1116
2647 5587 2833 5655 enim
2859 5591 2954 5654 61
2965 5583 3072 5652 ad
3072 5579 3566 5690 'remigandum
3592 5593 3694 5655 ·61-
3689 5585 3795 5654 -6(1

2202 5693 2765 5791 gubernandum
2791 5683 3011 5763 utitur
3033 5692 3251 5764 cauda
3278 5695 3454 5765 sicut
3466 5692 3786 5764 16661166.
