4919 6371
496 335 632 405 550

494 504 906 598 Aliquando
941 504 1156 572 etiam
1197 501 1586 571 incurritur
1616 500 1891 598 hepatis
1923 503 2127 575 debi-

495 621 653 689 litas
705 642 794 687 ex
826 618 999 687 vitio
1066 618 1407 702 matriciS,
1445 626 1514 688 et
1574 618 2126 716 incurriturhy-

496 730 825 822 dropisis.
866 728 1111 799 Calida
1145 732 1337 801 enim
1369 731 1587 802 nimis
1616 734 1877 802 matrix
1899 757 2125 827 pauca

496 841 710 912 babet
777 851 1147 914 menstrua
1193 868 1208 913 z
1286 853 1356 916 et
1397 854 1503 915 est
1575 850 1863 941 sanguis
1917 846 2123 918 valde

495 951 755 1024 rubeus
827 956 885 1025 si
947 956 1019 1026 in
1056 955 1311 1050 :panno
1353 955 1544 1027 lineo
1603 959 1694 1026 sit
1733 967 2054 1052 receptus
2101 980 2115 1025 :

494 1073 615 1135 aut
662 1064 841 1137 forte
883 1077 987 1139 est
1017 1068 1338 1148 citrinuS,
1377 1065 1503 1137 sed
1552 1091 1700 1137 non
1732 1069 1957 1162 niger,
2002 1078 2124 1139 aut

493 1175 720 1259 albuS‚
760 1178 928 1272 quia
970 1178 1083 1259 isti
1117 1175 1394 1247 colores
1438 1175 1661 1269 frigus
1707 1176 2123 1248 melancho-

492 1289 604 1361 liae
637 1299 760 1361 aut
799 1289 1230 1386 phlegmatis
1262 1288 1606 1377 indicant,
1639 1290 1772 1360 nisi
1807 1291 1986 1362 forte
2009 1292 2125 1361 ni-

492 1431 619 1501 ger
659 1407 749 1476 sit
789 1429 954 1475 curn
986 1403 1236 1475 foetore
1268 1404 1556 1499 putrido
1585 1429 1601 1476 ε
1630 1404 1766 1477 hoc
1798 1407 1984 1478 enim
2021 1407 2123 1478 si-

491 1518 782 1613 gnificat
851 1515 1330 1587 innaturalem
1389 1517 1725 1590 calorem.
1792 1519 2119 1590 Calorem

493 1631 706 1700 etiam
748 1631 1053 1700 nimium
1107 1631 1422 1702 matricis
1473 1640 1543 1702 et
1583 1633 1893 1729 inguinis
1926 1633 2121 1705 'mul-

491 1742 718 1814 titudo
766 1742 1075 1815 ostendit
1131 1744 1444 1839 pilorum
1495 1746 1571 1815 in
1615 1747 1905 1841 inguine
1957 1771 2119 1817 mu-

489 1854 706 1926 lieris.
746 1854 822 1926 Si
883 1865 1124 1927 autem
1177 1857 1268 1927 sit
1325 1855 1584 1953 frigida
1624 1860 1909 1939 matrix,
1985 1860 2118 1931 erit

489 1968 873 2063 aliquando
927 1977 1379 2039 menstruum
1430 1977 1783 2042 retentum
1826 1981 1894 2043 et
1943 1996 2116 2066 pau-

487 2100 649 2147 cum
683 2086 751 2148 et
782 2076 1062 2147 subtilis
1093 2077 1535 2162 substanfiae,
1570 2079 1710 2150 albi
1743 2088 1864 2151 aut
1893 2080 2116 2152 vehe-

484 2197 759 2260 menter
789 2189 972 2283 nigri
1006 2188 1268 2261 coloris
1296 2213 1311 2261 :
1343 2199 1411 2262 et
1443 2194 1566 2262 vix
1598 2202 1666 2264 et
1698 2192 1913 2287 longo
1939 2202 2115 2263 tem-

483 2323 654 2395 pore
689 2301 1122 2373 emundatur
1159 2301 1248 2373 ab
1301 2305 1456 2399 ipso
1511 2304 1792 2375 mulier.
1860 2305 2113 2399 Stupet

484 2411 868 2507 aliquando
901 2416 1118 2485 etiam
1136 2417 1205 2485 in
1240 2418 1590 2511 superiori
1625 2427 1820 2512 parte
1855 2418 2112 2489 matrix

484 2526 908 2599 excellenter
938 2528 1195 2623 frigida
1231 2553 1246 2599 :
1295 2540 1365 2602 et
1416 2554 1629 2602 causa
1663 2532 1940 2626 frigoris
1973 2530 2115 2602 liu-

475 2640 594 2732 jus
647 2648 752 2710 est
812 2639 1196 2734 aliquando
1257 2641 1519 2739 longus
1568 2668 1739 2715 usus
1788 2645 2106 2715 ciborum

481 2776 895 2846 grossorum
929 2763 999 2825 et
1029 2754 1478 2850 frigidorum,
1508 2766 1577 2827 et
1600 2757 1862 2827 nimius
1885 2760 2112 2828 coitus

482 2888 676 2946 usuS,
724 2866 906 2936 sicut
955 2874 1061 2936 est
1094 2869 1165 2936 in
1213 2868 1762 2940 meretricibus:
1827 2879 2114 2963 propter

481 2975 672 3070 quod
704 2979 920 3048 etiam
943 2979 1303 3049 rarissime
1326 2981 1767 3075 concipiunt.
1805 2979 2108 3076 Signum

478 3095 714 3160 autem
754 3087 968 3182 hujus
1009 3098 1118 3162 est
1162 3092 1487 3187 paucitas
1546 3092 1855 3188 pilorum
1901 3095 1972 3164 in
2006 3094 2114 3164 in-

472 3203 711 3297 guine.
756 3202 1156 3276 Humorem
1189 3214 1433 3278 autem
1467 3208 1913 3303 superfluum
1948 3232 2109 3279 ma-

473 3316 665 3384 tricis
698 3315 1009 3388 ostendit
1049 3316 1318 3389 multus
1352 3319 1589 3390 ssuxus
1624 3322 1993 3404 menstrui,
2041 3329 2105 3391 et

471 3427 804 3522 frequens
834 3428 1157 3517 abortus,
1193 3440 1578 3527 postquam
1603 3433 1757 3526 jam
1792 3437 2013 3506 crevit
2042 3442 2110 3505 et

480 3540 977 3635 magnificatus
1018 3551 1126 3615 est
1154 3543 1480 3641 embryo.
1522 3544 1931 3618 Siccitatem
1975 3573 2111 3618 au-

483 3663 626 3724 tem
646 3654 798 3747 ejus
829 3655 1141 3728 ostendit
1164 3681 1435 3754 paucus
1467 3658 1856 3732 admodum
1873 3661 2109 3732 fluxus

485 3778 1043 3855 menstruorum,
1070 3779 1139 3842 et
1176 3771 1515 3868 frequens
1557 3774 1830 3847 siccitas
1880 3776 2109 3847 labio-

485 3906 639 3952 rum
683 3883 996 3954 matricis
1029 3891 1097 3954 et
1138 3886 1284 3956 oris
1325 3886 1480 3979 ejus
1527 3911 1543 3959 ε
1579 3895 1650 3959 et
1687 3886 1838 3960 haec
1867 3889 2111 3960 omnia

474 3994 876 4090 impediunt
932 4020 1115 4091 opus
1193 3998 1376 4092 ejuS,
1437 4010 1562 4071 aut
1618 4001 2108 4095 imperfectum

477 4107 777 4178 reddunt
806 4107 866 4178 si
897 4118 1238 4203 operatur
1274 4111 1689 4208 aliquande.
1744 4112 1845 4184 De
1878 4115 2109 4184 omni-

477 4220 611 4291 bus
652 4228 890 4291 autem
922 4218 1336 4314 hujusmodi
1368 4222 1671 4320 longum
1703 4232 1888 4296 esset
1913 4224 2111 4296 dice-

485 4359 584 4406 re.

574 4462 821 4533 Causae
843 4471 1082 4538 autem
1110 4463 1504 4575 sterilitatis
1531 4472 1698 4536 sunt
1725 4462 2108 4559 aliquando

483 4576 553 4648 in
593 4590 948 4673 spermate
998 4578 1162 4661 viri,
1212 4584 1280 4649 et
1340 4575 1847 4674 aliquando‘in
1907 4599 2110 4672 sper-

482 4699 669 4762 mate
710 4692 1029 4764 mulieris
1080 4700 1205 4762 aut
1241 4690 1425 4762 forte
1466 4690 1540 4761 in
1594 4690 2106 4763 commixtione

478 4802 784 4876 duorum
832 4811 1301 4901 spermatum,
1345 4810 1472 4874 aut
1508 4802 1690 4875 forte
1732 4803 1803 4874 in
1862 4802 2109 4898 dispo-

477 4916 733 4987 sitione
754 4917 1067 5012 partium
1098 4914 1418 4986 matricis
1450 4924 1574 4986 aut
1603 4915 1823 5013 virgoe
1848 4912 2100 4995 virilis,

478 5037 599 5100 aut
639 5029 711 5098 in
768 5031 959 5101 vasis
1009 5026 1415 5125 spermatis,
1464 5037 1592 5100 aut
1647 5036 1939 5123 propter
1969 5027 2108 5100 ali-

477 5164 619 5235 qua
647 5142 1039 5214 accidentia
1070 5143 1360 5225 animae,
1414 5141 1600 5213 sicut
1628 5150 1735 5213 est
1790 5142 2101 5228 tristitia,

478 5262 546 5325 et
576 5254 950 5340 timor,aut
976 5265 1274 5340 tremor,
1313 5262 1440 5326 aut
1480 5253 1684 5327 dolor
1723 5255 1998 5352 capitis,
2035 5264 2105 5326 et

483 5365 900 5462 digestionis
937 5365 1291 5451 debilitas,
1324 5376 1396 5439 et
1424 5368 1713 5440 satietas
1743 5368 2109 5440 nauseati-

474 5501 565 5548 va
585 5503 746 5575 quae
767 5482 1141 5554 consuevit
1159 5479 1246 5553 de
1266 5481 1454 5554 facili
1478 5480 1795 5553 accidere
1816 5480 2108 5578 quibus-

473 5590 664 5679 dam,
709 5603 833 5668 aut
869 5594 1077 5678 forte,
1112 5595 1283 5692 quia
1322 5617 1525 5667 error
1542 5592 1799 5667 accidit
1837 5597 1911 5666 in
1942 5618 2108 5668 mo-

475 5703 567 5777 do
588 5705 876 5801 jacendi
917 5716 1041 5781 aut
1069 5705 1402 5780 coeundi.

562 5817 796 5892 Causa
823 5827 1066 5891 autem
1091 5819 1483 5892 sterilitatis
1515 5844 1674 5918 quae
1695 5828 1801 5895 est
1818 5823 1890 5894 in
1912 5844 2105 5918 sper·

469 5942 689 6029 mate,
725 5930 1044 6030 estquod
1066 5930 1254 6005 male
1294 5934 1389 6007 sit
1411 5933 2095 6033 complexionatum,

1552 322 1638 395 D.
1693 323 1900 395 ALB.
1957 321 2184 395 MAG.

2240 321 2455 395 ORD.
2513 323 2822 396 PRAED.

2244 514 2312 575 et
2367 504 2525 577 ideo
2587 504 2927 600 impediat
2985 505 3322 574 virtutem
3383 503 3872 596 generativam

2242 617 2470 689 calido
2502 618 2614 690 vel
2646 619 2900 714 frigido
2937 618 3337 700 excellenti,
3394 618 3542 699 sive
3573 641 3703 711 per
3735 641 3874 687 na-

2240 739 2472 801 turam
2505 730 2954 814 hochabeat,
3013 732 3162 802 sive
3223 756 3348 826 per
3393 731 3721 802 accidens
3753 732 3870 800 in-

2240 842 2593 914 firmitatis
2630 868 2646 914 ε
2680 846 2738 913 si
2771 846 2965 915 enim
3008 846 3145 914 illae
3177 844 3558 939 qualitates
3592 843 3714 915 diu
3751 846 3866 914 in-

2236 951 2521 1035 fuerint,
2567 964 3071 1049 resperguntur
3119 956 3190 1024 in
3223 979 3532 1049 sperma.
3581 954 3864 1026 Simili-

2238 1071 2347 1135 ter
2397 1073 2634 1136 autem
2685 1063 2843 1136 dico
2893 1064 2979 1136 de
3030 1063 3327 1136 humido
3387 1065 3853 1160 incomplet0‚

2238 1184 2359 1246 aut
2434 1178 2743 1247 siccitate
2793 1176 3018 1247 nimia
3055 1179 3332 1248 :virtus
3396 1176 3588 1247 enim
3633 1201 3861 1271 gene-

2235 1290 2463 1358 rativa
2494 1288 2645 1359 vult
2676 1312 2827 1360 esse
2859 1290 2934 1359 in
2964 1312 3051 1360 eo
3085 1286 3279 1383 quod
3309 1287 3750 1382 completum
3793 1297 3864 1359 et

2234 1400 2507 1495 aequale
2538 1409 2668 1488 est,
2712 1402 2768 1472 si
2814 1401 3067 1473 debeat
3116 1401 3424 1474 formare
3473 1400 3747 1472 bonum
3793 1410 3864 1472 et

2232 1512 2622 1605 perfectum
2651 1522 2898 1584 natum
2950 1513 3024 1582 in
3063 1514 3209 1584 vita
3259 1512 3581 1583 humana
3631 1512 3861 1606 profi-

2232 1625 2561 1695 cientem.
2607 1624 2836 1695 Causa
2877 1624 3113 1695 autetn
3159 1623 3348 1695 illius
3379 1625 3859 1717 corruptionis

2230 1738 2611 1834 aliquando
2644 1748 2748 1810 est
2789 1763 2876 1810 ex
2935 1737 3109 1810 cibis
3161 1736 3853 1824 inconvenientibus,

2230 1860 2299 1922 et
2337 1854 2689 1948 praecipue
2721 1875 2811 1923 ex
2840 1852 3140 1923 acetosis
3176 1874 3191 1921 ε
3230 1850 3305 1922 bi
3347 1852 3539 1921 enim
3575 1851 3859 1946 infrigi-

2230 1965 2399 2035 dant
2428 1974 2497 2037 et
2529 1966 2910 2036 exsiccant.
2952 1963 3259 2036 Siccitas
3282 1972 3522 2035 autem
3548 1964 3860 2059 comple·

2228 2080 2465 2151 xionis
2505 2080 2879 2176 spermatis
2931 2078 3220 2174 quidem
3266 2077 3652 2173 aliquando
3708 2102 3857 2150 non

2227 2192 2524 2287 impedit
2552 2194 3112 2287 generationem,
3140 2191 3264 2262 sed
3287 2190 3453 2262 facit
3483 2215 3642 2261 earn
3672 2189 3853 2260 dim-

2227 2302 2463 2386 cilem,
2499 2313 2568 2374 et
2599 2305 2991 2397 corrumpit
3039 2302 3463 2374 alimentum
3522 2302 3856 2397 embryo·

2226 2416 2336 2484 nis
2367 2415 2559 2511 quod
2590 2417 2869 2512 sugitur
2896 2414 2981 2486 de
3022 2418 3342 2488 matrice.

2315 2528 2642 2623 Amplius
2665 2536 2901 2600 autem
2933 2552 3147 2600 causa
3180 2528 3569 2600 sterilitatis
3600 2536 3708 2600 est
3739 2530 3855 2599 in-

2224 2644 2826 2714 communicautia
2867 2652 3308 2738 spermatum
3353 2666 3368 2712 :
3409 2666 3573 2713 cum
3607 2651 3850 2713 tamen

2224 2764 2605 2851 utrumque
2637 2755 2894 2828 habeat
2945 2756 3520 2850 complexionem
3563 2755 3693 2826 sibi
3731 2780 3854 2826 na-

2223 2868 2550 2939 turalem.
2592 2869 2759 2941 llaec
2788 2872 2981 2941 enim
3007 2869 3692 2941 incommunicantia
3711 2871 3855 2939 im-

2223 2981 2415 3075 pedit
2448 2983 2922 3077 receptionem
2952 2982 3167 3052 unius
3207 2980 3297 3052 ab
3348 2980 3488 3052 alio
3529 3003 3546 3053 :
3582 2988 3652 3053 et
3685 2980 3848 3052 ideo

2223 3118 2385 3163 cum
2419 3093 2832 3167 dividuntur
2853 3095 3013 3166 talis
3041 3094 3299 3166 mulier
3328 3104 3449 3165 aut
3478 3095 3614 3175 vir,
3651 3103 3855 3165 uter-

2222 3231 2358 3301 que
2401 3207 2769 3301 generabit
2810 3231 2974 3281 curn
3035 3206 3177 3279 alio
3237 3206 3373 3279 sibi
3414 3207 3848 3302 competenti

2220 3321 2548 3416 conjuge.
2588 3320 2674 3391 Et
2706 3320 2844 3393 hoc
2882 3321 3098 3393 etiam
3131 3321 3386 3393 accidit
3416 3321 3558 3392 alio
3593 3320 3842 3404 mod0,

2220 3437 2280 3505 si
2312 3434 2493 3507 forte
2525 3446 2881 3531 spermata
2917 3437 3297 3507 amborum
3329 3436 3846 3531 sintintempe·

2222 3556 2368 3619 rata
2397 3551 2788 3622 secundum
2837 3574 3057 3622 unam
3097 3559 3169 3624 et
3215 3549 3541 3623 eamdem
3603 3549 3843 3646 quali-

2219 3672 2437 3735 tatem
2468 3663 2583 3735 vel
2623 3664 2858 3760 plures
2895 3688 2910 3735 :
2965 3674 3135 3738 tunc
3173 3665 3364 3736 enim
3426 3688 3654 3735 unurn
3698 3688 3844 3735 non

2216 3775 2640 3872 temperabit
2670 3776 2999 3858 alterum,
3027 3774 3150 3848 sed
3173 3777 3554 3870 conjuncta
3584 3777 3847 3869 juvant

2218 3913 2292 3960 se
2335 3889 2635 3960 invicem
2669 3887 2756 3958 ad
2805 3890 3338 3983 corruptionem
3379 3912 3394 3958 ε
3430 3896 3500 3958 et
3556 3886 3844 3984 quando

2217 4010 2633 4096 separantur
2672 4000 2846 4073 tales
2877 4003 3245 4096 conjuges,
3285 4010 3583 4097 uterque
3635 4003 3845 4073 inve-

2217 4116 2320 4185 nit
2361 4115 2767 4209 conjugem,
2805 4139 2894 4187 ex
2923 4116 3128 4209 cujus
3145 4115 3498 4211 oppositis
3530 4114 3846 4211 qualita-

2216 4227 2404 4300 tibus
2433 4253 2644 4300 suum
2676 4252 2959 4325 sperma
2992 4238 3464 4326 temperatur,
3507 4239 3580 4302 et
3619 4254 3846 4326 gene-

2162 4413 2167 4420 ,
2215 4350 2372 4413 rant
2418 4367 2434 4414 :
2471 4350 2760 4437 propter
2798 4340 2993 4438 quod
3034 4344 3107 4413 in
3149 4343 3616 4439 antiquorum
3660 4343 3845 4439 legi-

2215 4453 2347 4524 bus
2387 4452 2743 4526 indultum
2783 4452 2917 4526 fuit
2957 4456 3273 4549 separari
3324 4453 3695 4550 conjuges,
3753 4479 3841 4525 ne

2213 4567 2531 4638 civitates
2563 4566 3064 4640 fraudarentur
3099 4566 3502 4665 frequentia
3529 4567 3752 4652 civili,
3779 4567 3840 4640 si

2213 4681 2654 4778 generationi
2693 4680 2987 4778 aliquod
3033 4691 3495 4780 praestaretur
3522 4680 3838 4780 impedi-

2213 4805 2562 4869 mentum.

2304 4909 2559 4982 Adhuc
2576 4918 2814 4981 autem
2847 4934 3128 5007 sperma
3162 4934 3307 4982 non
3338 4909 3720 5006 proficiens
3751 4909 3839 4981 ad

2212 5024 2772 5120 generationem,
2841 5033 2947 5095 est
3007 5047 3288 5121 sperma
3348 5023 3665 5105 infantis,
3717 5033 3843 5096 aut

2214 5138 2697 5209 nauseativam
2729 5137 3129 5209 satietatem
3147 5137 3480 5232 patientis
3509 5135 3842 5232 frequen·

2211 5258 2340 5333 ter,
2377 5261 2500 5324 aut
2528 5250 2703 5325 ebrii
2746 5251 3212 5347 frequentius,
3238 5258 3361 5322 aut
3387 5251 3578 5321 senis
3614 5273 3630 5320 :
3678 5274 3836 5322 om·

2212 5365 2329 5434 nia
2367 5367 2559 5437 enim
2591 5363 2943 5459 indigesta
2984 5371 3174 5444 sunt,
3212 5372 3280 5434 et
3314 5386 3460 5434 non
3489 5371 3840 5435 constan-

2211 5480 2310 5550 tia
2359 5479 2582 5574 spisse
2619 5502 2635 5549 ε
2682 5486 2754 5551 et
2794 5477 2955 5551 ideo
3001 5477 3442 5576 generationi
3475 5502 3624 5551 non
3664 5503 3839 5576 pro-

2209 5590 2480 5663 ficiunt.

2304 5703 2648 5779 Similiter
2676 5705 2894 5778 etiam
2943 5713 3050 5778 est
3098 5703 3186 5776 de
3245 5713 3602 5801 spermate
3650 5707 3831 5803 ejus,

2208 5820 2409 5914 cujus
2447 5844 2595 5893 non
2649 5827 2818 5893 sunt
2854 5844 3029 5894 sana
3084 5818 3410 5893 membra
3456 5822 3831 5920 corporis:

2209 5955 2294 6005 eo
2321 5933 2518 6032 quod
2545 5955 2830 6033 sperma
2867 5931 3036 6006 ssuit·
3071 5955 3161 6005 ex
3218 5932 3557 6007 omnibus
3594 5959 3838 6009 mem-
