4919 6371
2038 361 2215 431 LJB.
2265 361 2327 427 11
2375 358 2496 427 DE
2541 350 3128 431 ANIMALIBUS,
3178 355 3485 425 TRACT.
3540 356 3569 423 I

1185 535 1313 600 bus
1345 541 1411 598 et
1440 528 2029 597 considerantibus
2056 553 2231 598 eam.
2276 527 2584 594 Aliorum
2610 543 2738 587 au-

1186 650 1325 706 tem
1365 637 1620 727 lingum
1660 638 2118 727 quorumdam
2159 643 2315 703 sunt
2346 630 2542 697 valde
2581 628 2736 695 lon-

1188 768 1319 836 gae,
1352 745 1450 810 ita
1479 745 1664 835 quod
1697 748 1902 813 etiam
1934 752 2089 812 ante
2120 765 2239 809 ora
2283 742 2586 829 ipsorum
2618 759 2742 803 ex-

1187 853 1583 930 tenduntur,
1634 856 1811 921 sicut
1856 852 2091 942 lingua
2148 849 2355 925 canis,
2392 857 2457 914 et
2513 846 2744 914 homi-

1191 960 1335 1027 nis:
1384 968 1450 1028 et
1478 959 1770 1028 aliorum
1802 967 1960 1025 sunt
1992 958 2539 1046 proportionatae,
2573 954 2746 1020 sicut

1191 1068 1428 1159 lingua
1456 1071 1660 1146 tauri,
1705 1073 1772 1134 et
1808 1067 2025 1156 porci,
2070 1073 2130 1133 et
2156 1063 2548 1154 hujusmodi
2580 1060 2748 1128 alio-

1194 1197 1346 1241 rum
1378 1173 1807 1241 animalium.

1281 1282 1529 1350 Adhuc
1569 1288 1801 1348 autem
1847 1280 2158 1370 quaedam
2217 1277 2539 1347 animalia
2590 1279 2747 1341 sunt

1197 1390 1417 1480 magis
1446 1388 1585 1455 oris
1633 1396 1702 1455 et
1749 1386 2001 1467 hiatus,
2052 1395 2120 1456 et
2167 1383 2479 1476 quaedam
2527 1380 2743 1473 parvi.

1197 1498 1525 1588 Magnum
1557 1497 1742 1565 enim
1784 1521 1862 1564 os
1892 1505 1961 1564 et
2006 1496 2241 1562 fissum
2279 1492 2535 1561 labium
2575 1489 2752 1557 inse-

1197 1607 1338 1674 rius
1376 1605 1635 1674 habent
1656 1604 1981 1674 animalia
2018 1602 2335 1671 habentia
2363 1601 2597 1669 dentes
2617 1620 2755 1664 ser-

1200 1712 1396 1792 raleS,
1432 1714 1609 1782 sicut
1636 1713 1773 1792 le0,
1808 1713 2021 1790 canis,
2066 1718 2132 1778 et
2170 1708 2355 1777 feher
2382 1729 2586 1798 quem
2627 1726 2752 1771 nos

1199 1820 1490 1888 dicimus
1520 1818 1954 1909 leopardum.
1991 1816 2156 1884 Fere
2186 1823 2412 1882 autem
2442 1812 2605 1879 talia
2634 1831 2756 1878 ora

1201 1930 1436 1996 omnia
1473 1926 1729 1995 liabent
1769 1926 2094 1994 animalia
2123 1922 2556 1993 serratilium.
2594 1919 2753 1987 Haec

1202 2029 1432 2103 autem
1472 2042 1833 2101 acutorum
1879 2032 2210 2107 dentium,
2246 2050 2539 2120 quorum
2578 2046 2756 2093 unus

1201 2142 1482 2233 ponitur
1547 2139 1616 2206 in
1692 2136 2007 2205 clausura
2071 2131 2623 2203 mandibularum
2686 2130 2757 2197 in

1203 2247 1440 2325 alium,
1500 2247 1677 2312 sicut
1727 2244 1916 2313 canis
1973 2252 2041 2311 et
2095 2251 2335 2311 cattus.
2395 2239 2759 2307 Inferiores

1200 2354 1384 2422 enim
1437 2350 1631 2442 longi
1676 2349 2181 2419 concluduntur
2234 2349 2409 2416 intra
2445 2344 2760 2436 superio-

1203 2481 1309 2527 res
1340 2458 1611 2548 longos,
1647 2457 1824 2524 sicut
1849 2455 1907 2523 si
1935 2455 2172 2524 dentes
2214 2454 2502 2522 duarum
2532 2472 2759 2519 serra-

1205 2588 1357 2630 rum
1388 2564 1475 2633 ad
1517 2564 1812 2631 invicem
1853 2564 1990 2631 sint
2044 2563 2377 2630 conversi.
2430 2555 2756 2637 Quaedam

1207 2679 1434 2739 autem
1461 2671 1790 2739 animalia
1829 2693 1866 2738 e
1905 2693 2235 2738 converso
2284 2669 2570 2736 istorum
2602 2670 2759 2733 sunt

1207 2779 1582 2869 parvioris,
1625 2779 1802 2845 sicut
1831 2776 2065 2855 homo,
2109 2784 2171 2844 et
2201 2775 2399 2843 simia
2434 2783 2540 2842 :et
2581 2794 2761 2863 quae-

1208 2887 1365 2954 dam
1397 2895 1555 2953 sunt
1585 2884 1977 2964 mediocris,
2020 2885 2192 2952 sicut
2221 2905 2465 2974 porcus
2514 2903 2762 2949 secun-

1210 2991 1371 3058 dum
1402 3013 1613 3058 omne
1642 3012 1865 3081 genus
1894 3012 2120 3056 suum.

1297 3096 1593 3178 Quidam
1625 3105 1731 3165 est
1756 3119 1975 3188 equus
2000 3095 2300 3163 fluminis
2323 3093 2484 3171 Nili,
2527 3093 2641 3183 qui
2675 3093 2761 3160 ab

1211 3208 1534 3299 Antiquis
1566 3229 1869 3299 pcqasus
1914 3229 2049 3272 non
2113 3205 2352 3273 volans
2415 3211 2698 3272 vocatur
2742 3225 2758 3270 ε

1212 3323 1521 3384 moratur
1565 3312 1848 3407 quidem
1902 3316 2217 3405 superius
2278 3314 2349 3381 in
2399 3321 2603 3381 terra.
2646 3310 2765 3379 Est

1212 3423 1395 3491 enim
1449 3421 1581 3491 boc
1634 3419 1896 3488 animal
1941 3418 2202 3490 habens
2264 3420 2541 3513 quidem
2589 3416 2765 3510 pilos

1210 3531 1387 3599 sicut
1436 3529 1557 3619 pili
1606 3529 1794 3620 equi,
1850 3528 1974 3597 sed
2029 3529 2268 3597 dividit
2309 3526 2638 3620 ungulam
2694 3526 2764 3593 in

1212 3640 1349 3709 duo
1393 3661 1410 3707 ε
1444 3648 1515 3708 et
1550 3645 1713 3707 sunt
1742 3638 2079 3707 sotulares
2111 3638 2259 3727 ejus
2296 3639 2469 3706 sicut
2505 3633 2768 3705 sotula-

1222 3771 1328 3816 res
1363 3770 1638 3817 vaccae:
1684 3755 1758 3817 et¹
1780 3746 2034 3817 attollit
2066 3746 2137 3815 in
2189 3747 2480 3816 sublimo
2525 3745 2766 3814 [aciem

1211 3880 1435 3940 suam,
1491 3866 1554 3926 et
1604 3858 1673 3925 in
1721 3856 2014 3950 pedibus
2069 3855 2211 3924 suis
2266 3854 2468 3923 habet
2523 3852 2765 3931 cahab,

1215 3964 1345 4033 boc
1376 3973 1506 4045 est,
1547 3965 1943 4034 calcaneum
1980 3963 2118 4032 tale
2154 3964 2327 4031 sicut
2366 3984 2571 4031 vacca
2609 3981 2768 4029 cum

1215 4070 1481 4139 duabus
1524 4072 1756 4162 parvis
1799 4069 2112 4163 ungulis,
2168 4069 2351 4161 quod
2397 4065 2772 4137 nonhabet

1222 4202 1440 4270 equus
1491 4199 1508 4245 ε
1552 4187 1623 4247 et
1657 4177 1877 4247 cauda
1915 4178 2063 4267 ejus
2107 4176 2349 4246 similis
2394 4185 2497 4245 est
2540 4175 2772 4246 caudae

1220 4286 1409 4376 porci
1456 4307 1474 4353 ε
1526 4285 1649 4354 sed
1706 4285 1985 4377 quando
2047 4294 2273 4364 vocat,
2338 4282 2566 4353 hinnit
2600 4284 2774 4352 sicut

1215 4416 1458 4485 equus.
1506 4391 1648 4460 Sed
1677 4390 2082 4483 magnitudo
2109 4391 2257 4479 ejus
2295 4400 2401 4460 est
2434 4391 2608 4460 sicut
2634 4412 2773 4459 ma·

1218 4500 1504 4591 gnitudo
1562 4501 1766 4580 asiai,
1837 4495 2097 4568 habens
2151 4500 2414 4568 corium
2478 4499 2774 4591 spissum

1220 4629 1565 4700 grossum,
1619 4631 1707 4677 ex
1743 4608 1942 4698 cujus
1988 4608 2325 4701 spissione
2369 4606 2538 4676 fiant
2572 4606 2775 4676 solem

1220 4714 1637 4793 calceorum,
1669 4721 1740 4782 et
1770 4736 1854 4783 ex
1894 4715 2202 4783 tenuiore
2261 4716 2430 4784 liunt
2467 4714 2774 4806 corrigia*

1222 4821 1685 4914 cingulorum.
1729 4819 2062 4890 Interiora
2088 4829 2316 4891 autem
2345 4824 2602 4891 ventris
2630 4823 2778 4913 ejus

1222 4937 1379 4996 sunt
1408 4929 1685 4997 sicutea
1715 4949 1870 5020 quae
1898 4937 2059 4996 sunt
2086 4931 2157 4997 in
2194 4937 2433 4999 ventre
2471 4932 2628 5021 equi
2659 4939 2778 4999 aut

1224 5035 1424 5105 asini.
1468 5034 1553 5103 Et
1592 5032 1724 5104 hoc
1755 5057 1973 5127 genus
2017 5034 2329 5104 animalis
2366 5044 2468 5105 est
2494 5036 2634 5104 fissi
2673 5035 2781 5103 la-

1225 5140 1318 5210 bii
1348 5140 1655 5210 inferius.
2489 5155 2501 5169 ·

1313 5248 1634 5341 Amplius
1672 5257 1907 5317 autem
1929 5250 2241 5342 quaedam
2269 5260 2423 5319 sunt
2456 5249 2780 5320 animalia

1219 5357 1820 5426 communicantia
1850 5358 1921 5425 in
1952 5357 2245 5427 naturali
2282 5360 2505 5451 figura
2530 5381 2783 5450 corpo-

1224 5463 1317 5532 ris
1341 5463 1658 5556 pluribus
1687 5463 2048 5556 speciebus
2085 5475 2205 5535 aut
2235 5467 2600 5558 generibus
2627 5467 2784 5536 ani-

1225 5567 1539 5651 malium,
1571 5570 1749 5638 sicut
1789 5568 2098 5639 medium
2136 5571 2601 5640 communicat
2637 5570 2782 5640 suis

1226 5678 1577 5758 extremis,
1609 5677 1789 5747 sicut
1832 5678 2194 5749 simiarum
2246 5702 2463 5772 genus
2516 5678 2782 5750 homini

1513 5828 1572 5872 n

4273 362 4397 429 ΓΠ

2860 531 2926 589 et
2955 525 3374 616 quadrupedi
3430 529 3934 597 communicare
3989 528 4278 606 videtur,
4340 536 4408 595 et

2855 634 3152 702 maxime
3190 636 3390 702 simia
3429 636 3660 704 Graeco
3691 638 3971 704 nomine
4007 637 4243 705 clu‘bor
4278 658 4410 703 vo-

2854 749 3026 817 cata,
3072 748 3139 808 et
3163 742 3367 808 etiam
3401 741 3682 831 illaquae
3709 751 3911 831 caput
3949 745 4270 810 caninum
4302 743 4415 809 vi-

2856 845 3054 913 detur
3082 844 3331 915 habere
3357 869 3370 912 :
3400 870 3550 937 quae
3572 849 3776 916 etiam
3797 849 4045 914 canina
4064 850 4273 915 simia
4293 873 4413 917 vo-

2857 960 3071 1019 catur.
3110 953 3360 1021 Clu'bor
3381 963 3608 1022 autem
3630 976 3803 1022 voco
3825 955 4040 1022 simiae
4061 954 4408 1046 quoddam

2858 1077 3099 1144 genuS,
3133 1056 3318 1146 quod
3345 1055 3551 1124 habet
3579 1058 3889 1125 caudam.
3932 1057 4149 1126 Simia
4176 1067 4407 1126 autem

2859 1162 3119 1231 liabens
3146 1174 3348 1255 caput
3374 1167 3586 1245 canis,
3610 1165 3839 1234 vultus
3861 1167 4136 1256 quidem
4165 1166 4409 1234 similis

2861 1278 2962 1338 est
2989 1272 3164 1349 cani,
3195 1272 3313 1340 sed
3351 1281 3571 1341 totum
3616 1274 3967 1342 residuum
3998 1297 4246 1366 corpus
4305 1282 4409 1342 est

2862 1378 3084 1466 majus
3113 1387 3181 1446 et
3206 1379 3447 1447 fortius
3478 1404 3684 1472 quam
3720 1382 3907 1449 canis
3942 1404 3959 1449 :
3988 1390 4055 1450 et
4076 1373 4220 1449 haec
4250 1387 4413 1448 sunt

2862 1508 3013 1575 quae
3057 1486 3128 1552 in
3182 1489 3447 1580 Mappa
3502 1489 3751 1557 mundi
3807 1490 4033 1558 canini
4099 1487 4418 1558 homines

2860 1603 3213 1663 vocantur.
3249 1595 3483 1665 Facies
3520 1597 3705 1663 enim
3736 1597 4007 1666 illarum
4063 1597 4420 1665 simiarum

2864 1701 3122 1771 similes
3158 1712 3315 1771 sunt
3343 1703 3644 1772 faciebus
3676 1727 3927 1773 canum
3972 1727 3987 1770 ε
4032 1704 4152 1772 sed
4192 1726 4419 1772 mores

2864 1833 3106 1878 eorum
3132 1819 3295 1878 suat
3329 1810 3526 1879 valde
3554 1835 3798 1903 graves
3819 1821 3888 1881 et
3914 1812 4091 1891 duri,
4123 1834 4207 1880 eo
4236 1809 4421 1902 quod

2865 1917 3122 1985 feroces
3150 1927 3405 1986 suntet
3453 1919 3832 1988 mordaces.
3882 1919 3970 1988 Et
4013 1919 4251 1988 dentes
4298 1941 4422 1987 ea-

2867 2048 3020 2092 rum
3086 2032 3247 2093 sunt
3291 2025 3549 2094 similes
3598 2026 3916 2094 dentibus
3974 2049 4249 2106 canum,
4300 2026 4419 2095 sed

2865 2131 3180 2200 fortiores
3217 2141 3472 2202 suntet
3509 2133 3878 2225 longiores.
3924 2133 4148 2204 Habet
4185 2142 4418 2203 autem

2866 2240 3005 2309 sere
3033 2262 3237 2309 omne
3256 2262 3474 2332 genus
3502 2242 3859 2312 simiarum
3890 2243 4076 2334 quod
4102 2243 4424 2333 aliquan-

2866 2347 2955 2417 do
2995 2348 3323 2429 elevatur,
3356 2358 3424 2419 et
3461 2350 3651 2418 vadit
3686 2374 3895 2443 super
3958 2351 4133 2419 duos
4181 2350 4419 2441 pedes,

2867 2455 2987 2525 sed
3017 2480 3156 2526 non
3195 2458 3337 2527 diu.

2959 2562 3038 2631 ln
3076 2561 3207 2632 hoc
3256 2574 3486 2633 autem
3561 2564 3744 2655 quod
3811 2565 4167 2633 simiarum
4206 2587 4426 2656 genus

2869 2670 3163 2761 pilosum
3182 2681 3286 2740 est
3324 2673 3625 2740 anterius
3646 2680 3716 2740 et
3748 2673 4110 2763 posterius,
4152 2680 4221 2741 et
4239 2672 4425 2764 quod

2869 2778 2988 2869 pili
3019 2801 3252 2846 earum
3272 2787 3432 2847 sunt
3451 2779 3601 2848 duri
3622 2787 3687 2848 et
3707 2779 4427 2869 grossi‚communicat

2869 2909 3027 2954 cum
3100 2886 3675 2978 quadrupedibus.
3757 2885 3833 2954 ln
3900 2886 4134 2956 multis
4190 2894 4423 2956 autem

2870 2993 3199 3063 membris
3217 2994 3411 3064 faciei
3449 2995 3693 3063 similis
3731 2994 4168 3064 videturesse
4205 2992 4429 3064 homi-

2872 3103 2967 3183 ni,
3010 3103 3263 3171 scilicet
3308 3105 3378 3170 in
3416 3126 3612 3189 naso,
3654 3111 3720 3171 et
3758 3102 4067 3183 auribus,
4100 3111 4168 3171 et
4196 3101 4428 3171 denti-

2874 3212 3002 3277 bus
3036 3234 3054 3279 :
3087 3211 3413 3302 quoniam
3464 3219 3603 3279 tam
3633 3212 4015 3279 anteriores
4043 3210 4283 3280 dentes
4312 3211 4430 3301 qui

2880 3318 3197 3387 incisores
3226 3318 3569 3403 dicuntur,
3611 3342 3817 3410 quam
3865 3320 4277 3409 posteriores
4313 3316 4430 3408 qui

2869 3433 3034 3493 sunt
3072 3423 3392 3499 molares,
3426 3422 3633 3494 habet
3675 3424 3850 3493 sicut
3899 3424 4135 3502 homo,
4187 3430 4437 3514 praeter

2874 3530 3098 3600 solam
3132 3532 3406 3601 simiam
3438 3555 3590 3622 qum
3635 3541 3923 3602 vocatur
3967 3532 4247 3601 canina.
4290 3531 4434 3598 As-

2873 3641 3214 3712 similatur
3238 3644 3400 3712 item
3425 3641 3689 3711 homini
3719 3642 3920 3711 simia
3958 3642 4028 3709 in
4058 3637 4426 3732 palpebris.

2876 3749 2947 3817 ia
2976 3771 3268 3839 quarum
3297 3758 3612 3840 utraque,
3661 3748 3919 3817 scilicet
3966 3747 4304 3839 superiori
4359 3754 4429 3815 et

2875 3855 3204 3938 inferiori,
3271 3853 3476 3924 habet
3512 3854 3711 3946 pilos.
3762 3856 3938 3924 sicut
3985 3853 4220 3923 homo.
4274 3852 4429 3922 Alia

2877 3972 3106 4032 autem
3146 3963 3612 4054 quadrupedia
3650 3985 3789 4030 non
3812 3961 4065 4032 babent
4093 3961 4295 4052 pilus.
4328 3962 4428 4029 ni·

2877 4072 2934 4142 si
2965 4073 3034 4140 in
3064 4069 3384 4163 palpebra
3421 4071 3782 4161 superiori.
3817 4069 4197 4162 Supercilia
4225 4070 4433 4139 etiam

2877 4179 3151 4249 videtur
3184 4177 3435 4248 habere
3459 4180 3632 4248 sicut
3659 4177 3870 4247 liomo
3904 4200 3922 4246 z
3955 4177 4074 4246 sed
4092 4186 4257 4246 sunt
4284 4198 4440 4246 cur-

2880 4297 2949 4357 ta
2993 4296 3061 4356 et
3114 4285 3414 4364 subtilia,
3459 4294 3520 4353 ct
3567 4285 3718 4353 ideo
3749 4309 3788 4355 a
3845 4283 4255 4375 quibusdam
4294 4304 4437 4352 non

2880 4391 3396 4463 considerantur
3428 4414 3444 4460 ε
3479 4401 3547 4459 et
3575 4393 3642 4459 in
3659 4391 3809 4478 ejus
3835 4397 4108 4482 pectore
4136 4386 4438 4480 pendent

2881 4500 3032 4569 duae
3062 4498 3383 4569 mamilla
3419 4522 3576 4568 cum
3617 4496 3887 4568 duobus
3925 4496 4118 4567 conis
4148 4494 4444 4589 papula-

2883 4608 3097 4687 ribus,
3126 4608 3302 4677 sicut
3328 4615 3395 4677 et
3431 4607 3503 4678 in
3533 4615 3807 4701 pectore
3832 4605 4139 4677 mulieris
4166 4613 4233 4675 et
4261 4605 4436 4674 viri:

2882 4726 2950 4788 ct
2987 4717 3124 4789 duo
3155 4716 3430 4789 brachia
3468 4719 3614 4808 ejus
3634 4727 3794 4788 sunt
3831 4718 3969 4787 duo
4009 4713 4289 4786 brachia
4318 4711 4441 4783 bo·

2883 4826 3115 4908 minis,
3147 4824 3266 4894 sed
3293 4834 3455 4895 sunt
3494 4826 3739 4918 pilosa,
3774 4833 3836 4893 ct
3871 4824 4154 4893 flectunt
4189 4842 4443 4890 manus

2885 4941 2952 5001 et
2991 4931 3197 5025 pedes
3252 4934 3426 5000 sicut
3483 4931 3721 5009 homo,
3772 4937 3837 4997 et
3894 4926 4149 4997 liabent
4197 4949 4445 4996 manus

2886 5062 3056 5131 quas
3086 5040 3399 5131 superius
3417 5039 3821 5108 vocavimus
3842 5036 4161 5114 minores,
4190 5032 4322 5103 hoc
4340 5044 4447 5103 est

2887 5144 3074 5236 quod
3099 5143 3587 5214 continuantur
3606 5143 3692 5213 ad
3721 5142 4092 5211 arundines
4122 5138 4447 5210 brachio-

2888 5277 3070 5334 rum,
3104 5261 3171 5322 et
3208 5250 3461 5344 digitos
3490 5253 3559 5322 in
3609 5252 3768 5331 illis,
3801 5259 3868 5321 et
3914 5272 4181 5343 ungues
4218 5250 4289 5318 in
4337 5248 4449 5315 di-

2888 5361 3047 5453 gitis
3086 5360 3262 5428 sicut
3300 5357 3535 5429 homo.
3589 5358 3808 5428 l'edes
3847 5359 4051 5428 etiam
4093 5359 4242 5449 ejus
4286 5366 4450 5425 sunt

2888 5468 2958 5535 in
2990 5466 3212 5559 ligura
3258 5466 3394 5534 lere
3442 5488 3721 5534 suarum
3771 5488 4082 5544 manum,
4136 5472 4205 5534 et
4251 5461 4449 5556 digiti

2889 5574 3139 5667 pedum
3174 5582 3265 5653 Aet
3323 5595 3589 5665 ungues
3654 5572 3829 5641 sicut
3884 5574 3956 5641 in
4001 5571 4234 5662 digitis
4297 5592 4453 5638 ma-

2890 5704 3108 5752 nuum
3144 5705 3161 5751 ε
3216 5680 3481 5751 medius
3526 5680 3713 5749 enim
3753 5679 4011 5773 digitus
4049 5685 4150 5747 est
4199 5676 4454 5769 longus

4062 5811 4130 5869 ¹2
