4919 6371
1942 454 2109 522 [ΑΒ.
2168 453 2263 520 IV
2312 452 2432 521 DE
2481 445 3071 524 ANlMALlBUS,
3121 447 3439 516 TRACT.
3492 446 3518 513 1

1132 637 1208 704 In
1242 631 1650 726 quibusdam
1685 639 1914 697 autem
1952 630 2204 697 humor
2233 628 2540 696 viscosus
2568 631 2701 690 ter-

1132 744 1361 811 restris
1396 738 1688 806 multum
1729 738 1943 805 vineit
1992 735 2354 804 humidum
2394 730 2700 820 comple-

1132 849 1401 918 xionale
1441 846 1763 926 calidum,
1803 855 1870 915 et
1912 847 2023 915 illa
2064 847 2451 915 efficiuntur
2490 842 2558 906 in
2590 845 2700 904 to-

1132 965 1201 1023 to
1244 964 1478 1032 testea,
1511 952 1680 1021 nihil
1732 956 2016 1021 omnino
2067 950 2389 1020 habentia
2425 946 2507 1014 de
2538 966 2695 1017 vera

1131 1085 1356 1143 carne,
1392 1061 1511 1129 sed
1541 1060 1895 1129 habebunt
1936 1080 2223 1149 parvum
2257 1052 2518 1143 aliquid
2546 1050 2695 1119 loeo

1129 1170 1374 1250 carniS,
1419 1176 1486 1235 et
1513 1168 1815 1259 aliquem
1848 1165 2213 1233 humorem
2257 1182 2549 1250 parvum
2590 1157 2699 1224 lo-

1127 1299 1204 1345 co
1235 1277 1588 1367 sanguinis
1640 1269 2230 1364 complexionalis.
2278 1266 2426 1336 Ova
2468 1272 2694 1333 autem

1122 1386 1646 1475 margaritarum
1690 1403 1837 1472 quae
1870 1385 2421 1470 congenerantur
2458 1377 2529 1442 in
2568 1374 2687 1450 eiS,

1130 1488 1303 1556 liunt
1367 1511 1451 1555 ex
1501 1486 1772 1554 viscoso
1830 1483 2129 1552 terrestri
2190 1489 2451 1550 retento
2517 1481 2695 1546 intra

1129 1596 1490 1664 humidum
1540 1591 2088 1683 complexionata
2145 1613 2160 1658 ε
2216 1598 2283 1658 et
2338 1588 2523 1657 calor
2569 1589 2694 1655 cir-

1130 1709 1478 1770 cumstans
1537 1699 1861 1769 rotundat
1934 1722 2014 1767 ea
2079 1708 2144 1766 et
2208 1719 2331 1788 per
2384 1695 2691 1763 foramen

1127 1807 1310 1898 quod
1350 1814 1452 1876 est
1507 1830 1594 1875 ex
1647 1804 1874 1874 medio
1933 1804 2291 1894 inspiravit
2328 1801 2690 1869 humidum

1125 1913 1373 1980 subtile
1417 1934 1717 2003 aqueum
1749 1914 1818 1978 in
1860 1917 2168 1999 tempore
2209 1906 2625 1975 decoctionis
2669 1927 2683 1971 :

1126 2029 1192 2088 et
1231 2018 1374 2087 haec
1404 2027 1507 2087 est
1544 2041 1775 2096 causa,
1819 2016 2007 2107 quod
2047 2038 2257 2084 ovum
2289 2038 2427 2082 non
2468 2022 2568 2081 est
2622 2014 2689 2081 in

1120 2128 1282 2205 tela,
1336 2127 1449 2195 sed
1508 2128 1577 2193 in
1631 2148 1860 2203 carne,
1924 2148 1999 2192 ae
2048 2125 2103 2191 si
2153 2131 2329 2191 esset
2377 2122 2688 2214 quaedam

1122 2238 1343 2305 carnis
1402 2236 1775 2303 nascentia.
1847 2234 2015 2302 Ila-c
2072 2234 2279 2325 igitur
2335 2241 2437 2300 est
2488 2255 2690 2300 causa

1128 2345 1319 2414 durae
1344 2353 1549 2411 testae.

1210 2460 1773 2528 Valliculationes
1853 2467 2083 2526 autem
2144 2466 2211 2526 et
2283 2456 2688 2525 lineationes

1123 2590 1273 2658 qua·
1314 2575 1472 2634 suut
1512 2567 1583 2633 in
1641 2564 2055 2657 quibusdam
2096 2587 2360 2643 earum,
2408 2586 2691 2632 causan·

1123 2685 1234 2744 tur
1281 2699 1366 2744 ex
1422 2674 1553 2744 hoc
1607 2675 1791 2765 quod
1860 2673 2113 2742 humor
2170 2677 2315 2765 ipse
2356 2674 2424 2761 in
2481 2673 2691 2741 deco-

1125 2786 1346 2854 ctione
1387 2808 1507 2852 sua
1541 2791 2055 2873 est'vapcrnrosus
2091 2805 2106 2850 :
2151 2791 2215 2850 et
2248 2782 2400 2850 ideo
2443 2783 2534 2849 ibi
2565 2805 2691 2850 va-

1126 2915 1251 2982 por
1287 2891 1633 2982 colligitur
1681 2893 1748 2957 in
1800 2890 2111 2969 circuitu,
2173 2889 2412 2958 ebullit
2457 2890 2681 2969 altius,

1124 3010 1187 3068 et
1220 2999 1407 3068 locus
1446 3023 1483 3065 a
1517 3021 1653 3090 quo
1684 2998 2009 3066 collectus
2038 3021 2256 3089 vapor
2297 2997 2681 3077 retrahitur,

1124 3106 1371 3176 residet
1428 3106 1804 3175 humidus:
1870 3116 1936 3174 et
1985 3109 2143 3199 quia
2199 3108 2507 3175 viscosus
2564 3108 2688 3176 t'uit

1121 3217 1391 3302 humor,
1438 3217 1587 3284 ideo
1617 3217 1704 3284 ad
1744 3239 1960 3284 unum
2004 3215 2229 3284 locum
2264 3224 2331 3285 et
2369 3217 2686 3286 eumdem

1120 3324 1344 3415 colligi
1377 3347 1591 3415 vapor
1621 3324 1735 3414 qui
1771 3324 2115 3415 dispersus
2146 3333 2246 3392 est
2277 3325 2517 3414 inipso
2549 3348 2687 3394 non

1118 3435 1390 3526 poterit.
1434 3433 1552 3501 sed
1587 3458 1626 3501 a
1658 3433 1809 3501 loco
1840 3435 2303 3524 generationis
2334 3443 2686 3526 tamquam

1123 3563 1163 3609 a
1208 3540 1505 3631 quodam
1554 3548 1790 3609 centro
1832 3540 2213 3609 radicaliter
2274 3539 2512 3608 ebullit
2569 3565 2690 3633 per

1124 3650 1480 3719 circuitum
1525 3671 1542 3716 ε
1579 3658 1645 3719 et
1701 3647 1845 3717 haec
1884 3650 2162 3741 quidem
2212 3658 2313 3718 est
2342 3673 2544 3719 causa
2576 3674 2690 3719 se-

1123 3758 1423 3827 cundum
1506 3757 1887 3825 materiam.
1970 3756 2362 3825 Formativa
2455 3767 2680 3827 autem

1115 3867 1331 3934 virtus
1370 3887 1523 3956 quoe
1581 3864 1723 3932 vim
1765 3862 1971 3932 habet
2011 3864 2362 3933 stellarum
2415 3875 2478 3934 et
2533 3869 2687 3935 ani·

1113 3996 1265 4050 mae,
1310 3973 1479 4039 sieut
1521 3972 1770 4061 saepius
1802 3970 2129 4056 diximus,
2164 3981 2262 4040 est
2310 3971 2687 4042 formaliter

1110 4077 1311 4168 hujus
1379 4075 1615 4167 tigurae
1680 4077 2073 4166 operativa:
2148 4098 2227 4145 ea
2287 4077 2470 4145 euim
2530 4102 2680 4170 quae

1106 4195 1262 4253 sunt
1320 4184 1548 4253 mollis
1598 4192 1788 4251 testae
1838 4191 1903 4252 et
1959 4208 2044 4253 ex
2102 4183 2500 4254 membrana
2549 4187 2681 4255 du-

1108 4302 1377 4361 rescunt
1447 4293 1513 4359 in
1581 4300 1855 4366 testam,
1912 4315 1996 4359 ex
2049 4291 2333 4360 humido
2381 4294 2680 4364 formant

1110 4408 1351 4469 testam
1403 4399 1871 4467 nutrimentali
1919 4422 1934 4466 :
1985 4408 2262 4490 propter
2308 4402 2494 4492 quod
2548 4403 2679 4469 ali-

1112 4506 1385 4598 quando
1459 4514 1801 4573 vetustam
1882 4506 2221 4594 rejiciunt,
2291 4516 2359 4575 et
2423 4531 2674 4577 novam

1112 4614 1495 4705 recipiunt:
1542 4623 1641 4681 est
1703 4614 1888 4681 enim
1958 4611 2210 4681 humor
2277 4615 2400 4684 iste
2459 4619 2675 4708 magis

1107 4723 1442 4791 terrestris
1502 4745 1711 4812 quam
1769 4720 2025 4790 humor
2076 4720 2548 4794 concharum:
2609 4734 2678 4795 et

1105 4827 1465 4897 humidum
1498 4828 1680 4921 quod
1723 4837 1824 4896 est
1877 4839 2268 4920 temperans
2310 4832 2531 4922 ipsum
2573 4840 2676 4901 est

1105 4957 1429 5028 aqueum,
1474 4933 1739 5004 habens
1780 4937 1848 5003 in
1874 4961 1946 5002 se
1978 4937 2349 5027 quamdam
2390 4949 2677 5008 unctuo-

1103 5046 1372 5112 sitatem
1429 5052 1708 5135 propter
1756 5067 1964 5136 quam
2024 5043 2393 5112 curvabilis
2442 5069 2675 5115 rema-

1103 5159 1239 5219 net.
1305 5150 1686 5242 Expellitur
1732 5159 1964 5220 autem
2031 5149 2177 5220 haze
2249 5152 2672 5223 humiditatis

1101 5256 1384 5324 materia
1456 5278 1496 5323 a
1574 5255 1900 5323 memhris
1958 5280 2080 5347 per
2142 5258 2527 5337 circuitum,
2607 5268 2673 5329 et

1100 5365 1395 5433 siccitate
1426 5372 1491 5432 et
1520 5373 1690 5431 gestu
1733 5365 1987 5431 retlexo
2028 5364 2113 5431 ab
2143 5388 2322 5457 aqua
2351 5368 2670 5436 exteriori

1103 5471 1170 5538 in
1227 5472 1445 5562 ipsam
1506 5472 1865 5542 materiam
1897 5471 2256 5540 induratur
2286 5476 2356 5541 in
2396 5481 2665 5556 testam,

1103 5588 1167 5648 et
1195 5590 1472 5672 propter
1512 5583 1848 5670 majorem
1895 5590 2139 5648 aestum
2182 5591 2249 5650 et
2296 5583 2669 5654 siccitatem

1108 5708 1301 5778 aquoe
1351 5685 1545 5755 salsae
1602 5710 1812 5780 quam
1869 5687 2111 5766 dulcis,
2184 5691 2403 5780 magis
2468 5690 2671 5761 duras

1110 5791 1363 5861 habent
1411 5802 1619 5863 testas
1664 5797 1892 5864 cancri
1933 5795 2142 5864 maris
2199 5818 2407 5888 quam
2443 5801 2669 5868 cancri

4235 449 4360 517 281

2801 629 2997 707 aquae
3064 617 3304 684 duleis,
3383 618 3648 708 Figurae
3717 627 3941 686 autem
4013 641 4217 687 causa
4266 630 4366 687 est

2800 721 3188 801 formativa‚
3227 745 3380 813 quae
3429 733 3531 790 est
3581 725 3647 789 in
3691 722 3972 791 humido
4019 725 4358 793 animalis.

2801 827 2964 896 Haec
3002 828 3209 919 igitur
3237 837 3340 895 est
3378 851 3587 897 causa
3626 829 3860 896 mollis
3902 841 4108 898 testae.

2892 935 3168 1026 Species
3227 946 3459 1006 autem
3511 936 3839 1005 malachie
3897 938 4128 1006 multae
4186 941 4365 1008 intra

2798 1045 3053 1114 habent
3085 1055 3359 1126 testam,
3397 1054 3464 1115 et
3513 1056 3698 1115 extra
3747 1055 3907 1114 sunt
3955 1049 4245 1116 molles:
4301 1059 4368 1118 et

2798 1163 2970 1223 testa
3026 1179 3152 1224 sua
3212 1178 3355 1224 non
3414 1156 3625 1223 ambit
3681 1164 3901 1223 totum
3953 1157 4232 1240 animal,
4295 1167 4363 1226 et

2798 1272 2969 1333 testa
3008 1289 3249 1333 eorum
3281 1265 3353 1332 in
3384 1263 3792 1355 quibusdam
3832 1274 3930 1331 est
3971 1266 4104 1334 lata
4152 1290 4361 1359 supe-

2796 1374 2936 1440 rius
2976 1375 3206 1464 plana,
3242 1383 3309 1442 et
3350 1373 3633 1440 interius
3675 1382 3770 1441 est
3827 1375 4359 1445 comminuibilis

2797 1482 3191 1550 substantiae
3264 1482 3441 1548 sicut
3498 1490 3676 1548 creta
3732 1504 3747 1547 ε
3821 1489 4099 1572 propter
4172 1483 4359 1575 quod

2796 1590 3001 1658 etiam
3035 1590 3105 1657 in
3154 1590 3345 1658 testis
3387 1589 3519 1656 illis
3564 1589 3812 1679 figuras
3860 1598 3925 1657 et
3964 1590 4216 1659 formas
4266 1591 4360 1660 sa-

2796 1699 2982 1767 ciunt
3011 1696 3278 1766 fusores
3300 1697 3449 1764 auri
3480 1704 3544 1764 et
3575 1697 3861 1788 argenti,
3899 1698 3967 1764 in
3999 1721 4167 1788 quas
4196 1698 4359 1766 fun-

2795 1804 2963 1873 dunt
2993 1804 3266 1872 metalla
3299 1803 3684 1895 sigillanda.
3724 1802 3799 1871 Et
3831 1826 4037 1871 causa
4077 1806 4351 1895 quidem

2794 1913 3188 1981 substantiae
3236 1910 3392 1979 talis
3461 1919 3646 1978 testae
3696 1922 3790 1978 est
3857 1919 4166 1980 terrestre
4221 1914 4357 1981 sic-

2793 2042 2974 2097 cum,
3012 2019 3079 2086 in
3122 2042 3260 2110 quo
3292 2019 3547 2085 eminet
3584 2017 3832 2085 humor
3868 2019 4196 2099 viscosus,
4237 2018 4352 2110 qui

2793 2129 3105 2221 superius
3174 2127 3581 2219 coagulatur
3635 2130 3804 2196 sicut
3883 2136 4053 2196 testa
4112 2129 4277 2196 dura
4333 2151 4346 2195 :

2792 2238 3033 2306 subtus
3062 2247 3293 2306 autem
3333 2244 3667 2305 retentum
3709 2260 3746 2304 a
3795 2239 4180 2306 viscositate
4229 2261 4352 2306 su-

2794 2347 3040 2436 periori
3073 2346 3199 2413 fuit
3240 2354 3555 2413 terrestre
3587 2347 3837 2413 siccum
3871 2345 4152 2413 humido
4183 2346 4354 2414 bene

2792 2453 3007 2521 lotum
3037 2474 3052 2520 ε
3098 2462 3164 2521 et
3195 2453 3348 2520 ideo
3404 2453 3796 2519 decoctione
3829 2453 4078 2519 tactum
4112 2461 4211 2520 est
4250 2454 4359 2520 al-

2792 2559 2956 2626 bum
2987 2562 3161 2628 sicut
3200 2581 3439 2627 rasura
3477 2556 3726 2625 eboris.
3763 2558 3961 2637 Quod
3992 2568 4219 2627 autem
4245 2561 4357 2626 in-

2792 2675 2894 2733 tra
2932 2664 3182 2756 pellem
3232 2667 3621 2733 continetur
3662 2664 4001 2742 animalis,
4054 2674 4154 2732 est
4203 2674 4352 2734 tan-

2793 2784 2939 2843 tum
2980 2799 3062 2843 ex
3104 2774 3234 2843 hoc
3275 2774 3459 2865 quod
3498 2797 3534 2840 a
3570 2774 3781 2841 nnitto
3830 2775 4351 2864 complexionali

2795 2883 3076 2951 humido
3122 2891 3220 2950 est
3257 2891 3595 2949 retentum
3636 2904 3719 2949 ex
3766 2883 4151 2949 viscositate
4205 2904 4355 2972 quoe

2796 2990 2919 3056 t'uit
2958 2991 3026 3056 in
3076 2990 3250 3080 ipso.
3305 2989 3475 3055 sicut
3530 2989 3852 3054 retinetur
3909 2989 4080 3055 intra
4131 3011 4358 3055 mem-

2793 3098 2914 3165 hra
2954 3099 3213 3164 ossium
3268 3098 3578 3164 materia.
3618 3094 3851 3164 Potior
3879 3106 4107 3165 autem
4149 3120 4352 3166 causa

2795 3215 2894 3275 est
2924 3207 3312 3283 formativa,
3360 3227 3510 3295 quae
3562 3202 3685 3271 hor
3726 3204 4065 3272 distribuit
4109 3204 4196 3271 ad
4243 3203 4352 3273 lo-

2793 3317 3048 3384 cumin
3109 3337 3247 3405 quo
3291 3312 3606 3381 molliora
3645 3313 3790 3399 ejus
3833 3321 4353 3403 protegerentur

2794 3432 2858 3492 et
2923 3422 3497 3497 confortarentur,
3559 3421 3727 3487 sicut
3797 3420 4087 3488 munivit
4117 3430 4351 3512 pectus

2794 3530 3027 3598 multis
3057 3527 3353 3598 ossibus.

2881 3637 3352 3729 Qua‘cumque
3409 3644 3636 3704 autem
3686 3634 3932 3703 hahent
3985 3636 4229 3726 pellem
4282 3636 4349 3703 in

2791 3748 3078 3816 circuitu
3145 3743 3447 3813 mediam
3509 3743 3686 3810 inter
3748 3742 3993 3833 pellem
4070 3742 4348 3811 mollem

2791 3854 3192 3923 animalium
3242 3861 3308 3921 et
3373 3860 3617 3919 testam
3667 3851 3934 3927 duram,
3995 3851 4167 3919 sicut
4234 3850 4354 3920 ha-

2791 3961 2899 4030 bet
2956 3962 3023 4029 in
3062 3958 3371 4028 maribus
3413 3959 3659 4025 nostris
3718 3959 3918 4049 piscis
3977 3981 4179 4049 quem
4227 3980 4353 4026 vo-

2792 4093 3028 4137 camus
3057 4069 3276 4135 meris
3303 4065 3724 4143 caniculam,
3758 4065 4063 4156 profecto
4094 4064 4347 4133 habent

2788 4177 3148 4247 humidum
3181 4175 3482 4244 exterius
3528 4173 3725 4242 valde
3771 4175 4115 4243 viscosum
4166 4197 4355 4242 com·

2789 4288 3105 4361 mixtum,
3169 4283 3473 4354 terrestri
3559 4282 3785 4350 subtili
3873 4282 4268 4350 acutissimo
4325 4305 4341 4351 :

2786 4406 3062 4489 propter
3090 4394 3273 4487 quod
3303 4416 3461 4462 cum
3502 4394 3640 4484 agit
3673 4393 3739 4459 iu
3775 4392 3996 4483 ipsum
4027 4391 4236 4465 calor,
4279 4400 4344 4461 et

2785 4504 2896 4574 ille
2937 4504 3268 4573 retinetur
3313 4501 3400 4569 ab
3457 4499 3771 4568 exteriori
3824 4521 4016 4591 aqum
4067 4498 4341 4589 frigido,

2785 4623 2852 4682 et
2890 4612 3257 4681 reflectitur
3320 4612 3389 4677 in
3441 4608 3817 4685 materiam,
3890 4608 3979 4674 ita
4021 4606 4349 4699 decoqui-

2785 4731 2920 4809 tur,
2988 4720 3172 4814 quod
3245 4726 3474 4811 partes
3550 4727 3896 4786 terrestres
3962 4715 4349 4786 efficiuntur

2784 4833 2976 4924 quasi
3036 4830 3365 4909 incisivae,
3419 4837 3485 4898 et
3542 4829 3791 4896 sariunt
3844 4825 4090 4918 pellem
4151 4825 4345 4893 valde

2783 4963 3119 5033 asperam,
3191 4948 3257 5007 et
3322 4961 3402 5006 ac
3467 4939 3522 5006 si
3589 4939 3673 5004 sit
3739 4935 3967 5027 parvis
4039 4935 4345 5024 squamis

2783 5047 3177 5116 commixta.
3243 5046 3383 5115 Sed
3459 5055 3684 5113 tamen
3753 5042 3980 5132 major
4042 5042 4342 5109 materiae

2783 5155 3136 5224 viscositas
3184 5163 3254 5223 et
3306 5155 3612 5244 aqueitas
3660 5152 3815 5218 tacit
3863 5171 4015 5217 eam
4064 5147 4344 5217 mollem

2782 5274 2849 5334 et
2879 5263 3301 5333 flexibilem:
3357 5270 3421 5331 et
3473 5261 3622 5329 ideo
3671 5255 4037 5350 aliquando
4084 5257 4346 5325 contin·

2780 5371 2907 5464 git,
2941 5372 3283 5440 exsiccata
3313 5367 3486 5461 pelle
3521 5370 3643 5436 ista
3675 5374 3733 5433 et
3772 5364 4085 5432 indurata
4114 5363 4197 5433 ad
4238 5388 4346 5431 so·

2781 5481 2944 5559 lem,
2980 5477 3182 5545 incidi
3216 5499 3375 5545 cum
3405 5500 3486 5544 ea
3517 5475 3766 5543 serrum
3797 5482 3859 5540 et
3892 5471 4103 5563 ligna,
4129 5495 4344 5565 quan-

2781 5590 2869 5658 do
2909 5611 3146 5680 aspera
3215 5609 3374 5678 pars
3431 5586 3641 5675 ipsius
3681 5582 4090 5652 confricatur
4138 5600 4342 5671 super

2782 5720 2886 5766 ea.

2871 5803 2975 5871 Ex
3013 5800 3121 5869 his
3150 5824 3316 5892 ergo
3347 5807 3413 5868 et
3442 5796 3777 5866 similibus
3805 5818 4025 5866 caus-‘e
4053 5801 4345 5885 possunt
