4919 6371
2010 470 2176 538 Lm.
2231 469 2358 535 ΧΠ
2410 469 2527 536 DE
2576 469 3161 549 ANIMALIBI'S,
3213 471 3525 541 TRACT.
3584 474 3610 540 I

1241 651 1448 719 racta,
1483 641 1859 731 producens
1909 662 1992 705 ex
2042 638 2408 707 humorum
2441 650 2782 709 transmu-

1238 751 1490 817 tatione
1534 747 1838 815 membra
1894 748 2339 815 consimalia:
2403 759 2465 817 et
2523 751 2668 818 ideo
2700 750 2781 818 ad

1238 859 1530 948 speciem
1601 854 2066 923 membrorum
2125 860 2581 927 consimilium
2638 860 2783 927 brec

1237 963 1537 1053 operatio
1595 964 2041 1032 terminatur:
2079 976 2144 1034 et
2200 968 2580 1058 complexio
2638 966 2779 1033 haec

1233 1072 1630 1162 compositio
1677 1075 1946 1162 proprie
1984 1084 2289 1143 vocatur.

1322 1178 1540 1247 Tertia
1606 1203 1770 1248 vero
1867 1192 1969 1251 est
2031 1184 2427 1251 constitutio
2493 1180 2779 1249 membri

1236 1285 1542 1356 oflicialis
1583 1312 1664 1357 cx
1720 1291 2078 1369 similibus,
2134 1300 2198 1359 et
2238 1290 2627 1358 constitutio
2668 1299 2780 1356 to-

1235 1396 1368 1463 tius
1400 1401 1700 1488 corporis
1752 1422 1834 1465 ex
1869 1398 2193 1465 membris
2222 1397 2686 1465 consimilibus
2717 1405 2782 1463 et

1233 1503 1682 1571 officialibus:
1729 1528 1880 1594 quae
1938 1506 2093 1572 licet
2149 1506 2440 1573 duorum
2496 1508 2780 1574 videan-

1231 1621 1342 1680 tur
1384 1636 1530 1681 csse
1587 1616 2139 1702 compositioneS,
2204 1638 2341 1684 non
2406 1623 2564 1683 sunt
2620 1639 2778 1684 vere

1228 1723 1569 1788 nisiuna:
1642 1723 1966 1812 quoniam
2033 1725 2344 1793 membra
2399 1725 2778 1793 consimilia

1226 1850 1366 1895 non
1396 1827 1765 1897 alterantur
1792 1852 1832 1897 a
1868 1831 2105 1899 formis
2134 1836 2275 1900 suis
2332 1834 2400 1900 in
2448 1834 2780 1922 composi-

1226 1938 1410 2004 tione
1441 1939 1728 2006 membri
1768 1939 2078 2009 osticialis
2113 1963 2126 2007 :
2165 1950 2230 2008 et
2268 1941 2582 2008 eumdem
2623 1963 2776 2007 mo-

1226 2044 1390 2113 dum
1448 2049 1962 2136 compositionis
2028 2047 2280 2116 habent
2346 2048 2655 2117 ot'ticialia
2705 2049 2770 2115 in

1225 2155 1716 2243 compositione
1756 2157 1964 2222 totius
2004 2158 2329 2247 corporis„

1317 2261 1545 2330 Prima
1601 2273 1825 2331 autem
1888 2263 2129 2332 harum
2202 2268 2771 2356 compositionum

1222 2380 1526 2461 tempore
1558 2382 1621 2439 et
1652 2375 2087 2463 generatione
2124 2375 2396 2466 quidem
2420 2385 2515 2442 est
2561 2379 2765 2466 prior,

1221 2488 1285 2547 et
1316 2481 1611 2549 secunda
1645 2491 1744 2550 est
1785 2485 2034 2564 media,
2072 2495 2136 2554 et
2210 2487 2405 2553 tertia
2462 2496 2557 2553 est
2607 2486 2770 2553 ulti-

1216 2613 1328 2657 ma
1356 2614 1370 2658 :
1404 2591 1521 2658 sed
1569 2594 1944 2661 secundum
1985 2594 2431 2663 substantiam
2463 2604 2528 2663 et
2558 2596 2769 2664 ratio-

1213 2719 1370 2763 nem
1401 2698 1639 2766 ultima
1684 2708 1786 2768 est
1828 2702 2036 2790 prior,
2098 2703 2254 2792 quia
2301 2703 2386 2769 ab
2420 2703 2529 2769 illa
2564 2702 2762 2770 babet

1213 2805 1469 2872 animal
1502 2815 1567 2873 et
1633 2830 1907 2874 sensum
1967 2818 2034 2876 et
2101 2820 2365 2878 motum
2424 2812 2757 2879 animalis.

1213 2912 1286 2980 Si
1328 2915 1509 2980 enim
1543 2915 1925 2983 sulticerent
1969 2917 2350 2985 consimilia
2408 2919 2492 2985 ad
2530 2943 2765 3007 opera-

1215 3021 1435 3087 tiones
1468 3021 1857 3110 explendas,
1903 3047 2038 3090 non
2082 3033 2255 3092 esset
2286 3024 2454 3092 sacta
2478 3050 2763 3116 compo-

1209 3126 1365 3194 sitio
1413 3128 1875 3196 membrorum
1908 3131 2346 3200 ol'ticialinm:
2384 3156 2519 3201 non
2577 3137 2754 3203 enim

1208 3243 1451 3303 natura
1482 3236 1635 3304 facit
1679 3237 1992 3306 ol'ticialia
2061 3250 2336 3331 propter
2380 3241 2761 3332 pulchritu-

1142 3399 1157 3413 .
1210 3344 1462 3415 «linem.
1520 3347 1626 3413 vel
1702 3357 1979 3438 propter
2033 3349 2212 3418 aliud
2273 3352 2457 3442 quod
2513 3363 2608 3420 est
2674 3355 2753 3421 (le

1207 3453 1379 3521 bene
1446 3479 1591 3522 esse
1655 3457 1992 3536 animaliS,
2048 3458 2162 3526 secl
2204 3461 2430 3550 potius
2486 3473 2756 3553 propter

1204 3565 1671 3634 necessitatem
1780 3567 2179 3636 animalium
2249 3574 2746 3661 operationum,

1202 3677 1263 3736 et
1306 3678 1583 3760 propter
1629 3673 2097 3740 necessitatem
2157 3674 2567 3743 initui-alium
2623 3700 2753 3768 po-

1202 3781 1565 3847 tentiarum
1596 3789 1657 3847 et
1699 3782 2095 3871 passionum
2126 3785 2554 3875 propriarum
2611 3787 2753 3854 ani-

1199 3885 1419 3953 malis.
1471 3887 1930 3957 Differentiam
1963 3900 2191 3959 autem
2236 3892 2486 3960 babent
2529 3917 2750 3962 mem-

1198 3992 1317 4061 bra
1355 3996 1735 4063 consimilia
1796 3997 1882 4063 ab
1920 3998 2369 4069 ol'ticialibus:
2424 4005 2742 4093 quoniam

1195 4103 1575 4171 consimilia
1678 4112 1831 4172 snnt
1900 4107 2276 4174 secundnm
2363 4109 2741 4178 dominium

1195 4209 1480 4298 alicujus
1535 4213 1737 4279 unius
1804 4213 2172 4283 elementi:
2217 4217 2389 4285 sicut
2468 4242 2618 4287 ossa
2676 4222 2739 4286 in

1191 4316 1437 4409 quibus
1467 4318 1856 4388 dominatur
1882 4331 2086 4400 terra,
2123 4331 2184 4390 et
2217 4325 2529 4394 similiter
2555 4351 2734 4408 caro,

1189 4435 1253 4494 et
1277 4428 1581 4518 quiedam
1619 4428 1775 4497 alia.
1813 4430 2142 4498 (micialin
2181 4435 2385 4501 etiam
2419 4458 2556 4502 non
2586 4460 2738 4526 pos·

1184 4545 1337 4604 sunt
1371 4539 1738 4606 consistere
1770 4540 1856 4607 ab
1911 4541 2113 4608 unius
2162 4541 2476 4611 elementi
2516 4545 2733 4612 domi·

1187 4646 1326 4712 nli).
1439 4713 1452 4732 ‚

1274 4750 1353 4818 Bt
1390 4754 1445 4820 si
1487 4752 1732 4844 aliquis
1797 4753 2067 4842 objiciat
2100 4764 2334 4825 contra
2393 4756 2592 4836 dicta,
2626 4757 2733 4826 di-

1184 4882 1342 4928 cens
1385 4860 1567 4951 quod
1625 4869 1684 4928 et
1729 4864 2155 4952 operationes
2223 4867 2469 4933 antima·
2536 4891 2732 4935 coni-

1184 4966 1456 5057 plentur
1508 4990 1630 5057 per
1666 4991 1879 5037 unum
1930 4971 2243 5062 simplex,
2305 4974 2472 5041 sient
2513 4982 2728 5043 tactus

1181 5098 1302 5165 per
1338 5096 1610 5142 carnem
1678 5075 1783 5143 vel
1854 5100 1972 5167 per
2038 5101 2324 5148 nervum
2375 5085 2721 5161 tactivum,

1179 5192 1237 5252 et
1283 5184 1553 5252 auditus
1594 5208 1712 5275 per
1752 5195 2152 5277 tympanum
2211 5191 2414 5266 auris,
2475 5200 2539 5258 et
2594 5217 2728 5281 gn-

1175 5300 1319 5359 stus
1340 5315 1461 5382 per
1489 5316 1774 5361 nervum
1808 5317 2186 5385 expansum
2204 5298 2268 5365 in
2286 5297 2609 5390 linguam
2628 5300 2725 5367 ol-

1171 5398 1388 5465 factus
1446 5399 1709 5467 duabus
1783 5400 2166 5468 carunculis
2233 5404 2722 5475 mamillaribns

1170 5530 1323 5598 quw
1360 5515 1514 5574 sunt
1537 5507 1606 5575 in
1633 5509 1952 5577 anteriori
1978 5519 2169 5599 parte
2199 5512 2476 5581 cerebri.
2521 5517 2713 5595 Dic-o,

1168 5616 1350 5707 quod
1393 5614 1547 5683 licet
1597 5616 1701 5683 vis
1768 5619 2098 5688 sensitiva
2142 5622 2600 5713 principaliter
2636 5627 2719 5692 sit

1167 5725 1235 5792 in
1267 5748 1404 5793 uno
1436 5723 1754 5815 simplici,
1786 5734 2016 5797 tamen
2056 5751 2297 5798 sensus
2343 5732 2713 5802 secundum

1166 5855 1365 5899 suum
1406 5833 1741 5924 optimum
1792 5835 2076 5904 modum
2134 5858 2273 5904 non
2337 5840 2713 5929 completur

4322 484 4448 549 603

2893 644 3019 711 nisi
3054 668 3210 711 cum
3241 666 3504 732 organo
3544 670 3559 713 :
3606 655 3671 713 et
3700 647 3853 714 ideo
3896 657 4111 717 tactus
4142 652 4453 720 subtilior

2890 777 3111 843 neque.
3142 761 3247 819 est
3304 756 3372 819 in
3424 778 3653 835 carne,
3698 779 3919 845 neque
3988 768 4088 826 est
4130 764 4196 827 in
4237 787 4447 831 nervo

2888 860 3005 926 sed
3037 862 3105 926 in
3136 867 3441 927 extremo
3477 862 3753 929 indicis:
3809 872 3874 930 et
3915 865 4184 933 auditus
4229 893 4447 961 neque

2888 975 2988 1033 cst
3020 965 3190 1035 bene
3223 968 3369 1034 sine
3436 992 3627 1049 aure,
3672 993 3796 1038 nec
3823 972 4013 1040 visus
4072 976 4216 1041 sinc
4250 980 4447 1046 oculo

2884 1073 2970 1140 ad
3001 1098 3207 1165 quem
3240 1098 3380 1143 non
3410 1078 3707 1167 exigitur
3727 1077 3980 1147 humor
4017 1084 4445 1172 crystallinus

2885 1181 3096 1262 soluS,
3141 1184 3259 1251 sed
3288 1194 3355 1252 et
3383 1186 3499 1252 alii
3537 1184 3864 1254 humores
3907 1198 3972 1255 et
4004 1192 4247 1258 tunica}
4275 1217 4443 1261 ocu-

2887 1290 2929 1357 li
2972 1300 3037 1359 ct
3068 1291 3323 1381 ligura:
3362 1301 3429 1359 et
3485 1292 3770 1361 olfactus
3834 1297 4117 1387 requirit
4175 1323 4440 1378 nasum,

2886 1407 2951 1464 et
2982 1398 3328 1465 musculos
3367 1402 3660 1490 pectoris
3693 1402 3810 1492 qui
3855 1404 3939 1470 ad
3980 1404 4203 1494 ipsum
4259 1408 4448 1476 defe-

2886 1514 3044 1572 runt
3108 1528 3381 1573 aerem:
3426 1515 3493 1574 et
3541 1508 3640 1576 sic
3697 1516 3797 1576 est
3860 1509 3928 1576 in
3996 1510 4145 1578 aliis
4199 1516 4442 1582 animae
4531 1599 4537 1605 ¹

2884 1613 3424 1701 operationibus».
3460 1614 3545 1681 Et
3620 1615 3717 1682 sic
3743 1623 3931 1705 patet
3961 1618 4145 1707 quod
4174 1620 4245 1687 in
4285 1622 4444 1687 ani-

2884 1719 3043 1787 mali
3085 1722 3466 1790 necessaria
3499 1730 3602 1790 est
3631 1726 4039 1814 compositio
4102 1749 4187 1795 ex
4242 1729 4445 1796 dissi-

2881 1826 3183 1895 milibus.

2973 1934 3087 2002 Sic
3130 1935 3336 2025 igitur
3364 1939 3419 2004 si
3454 1939 3609 2028 quis
3638 1939 3804 2007 velit
3863 1941 4202 2010 subtiliter
4249 1944 4446 2013 inda-

2879 2066 3066 2133 gare,
3100 2044 3389 2111 virtutes
3428 2045 4036 2118 naturalcsanimae
4057 2060 4256 2119 erunt
4294 2055 4439 2121 sitm

2879 2153 2948 2218 iu
3004 2152 3315 2221 membro
3371 2156 3740 2235 consimili,
3790 2165 3853 2223 et
3884 2158 4169 2226 virtutes
4198 2161 4438 2227 vitales

2877 2262 3018 2329 sive
3061 2263 3448 2353 spirituales
3488 2273 3553 2332 et
3586 2266 3917 2335 animales
3955 2277 4152 2336 erunt
4192 2273 4335 2338 sita}
4367 2271 4437 2338 in

2877 2369 3202 2438 membris
3288 2373 3674 2462 organicis:
3745 2375 4154 2465 principium
4208 2387 4432 2446 tamen

2874 2481 3188 2546 omnium
3247 2479 3721 2549 membrorum
3780 2491 3880 2550 est
3944 2505 4085 2561 cor,
4149 2487 4320 2555 sient
4370 2488 4435 2554 in

2872 2586 3284 2654 anteliabitis
3323 2588 3651 2668 diximus,
3696 2597 3762 2657 et
3791 2590 3926 2658 alia
3981 2600 4135 2659 sunt
4179 2594 4443 2683 princi-

2873 2695 3058 2784 piata
3089 2695 3174 2762 ab
3209 2698 3382 2785 ipso·

2958 2801 3277 2893 Amplius
3298 2805 3349 2870 si
3377 2806 3533 2895 quis
3550 2806 3614 2871 in
3634 2807 4437 2895 componentilmscousi-

2868 2911 3078 2987 deret,
3117 2921 3313 2980 erunt
3347 2911 3676 2981 humores
3706 2914 3820 3004 qui
3863 2922 4020 2982 suut
4052 2916 4118 2982 in
4150 2918 4425 2985 animali

2866 3018 3083 3099 cibus,
3120 3019 3252 3087 alia
3290 3027 3525 3089 autem
3559 3029 3760 3089 erunt
3790 3020 4138 3089 membra:
4202 3033 4263 3090 et
4325 3026 4435 3091 in-

2866 3133 2968 3193 ter
3025 3126 3354 3196 humores
3404 3130 3790 3222 praecipuus
3837 3129 4030 3198 cibus
4086 3132 4208 3200 crit
4269 3157 4433 3201 san-

2863 3237 3038 3327 guis,
3062 3244 3127 3305 et
3156 3241 3438 3329 sanguis
3469 3240 3755 3331 spissior
3785 3243 4006 3332 magis
4043 3241 4261 3310 cibat:
4307 3246 4425 3314 sed

2862 3352 3091 3412 tamen
3125 3346 3311 3435 quod
3370 3348 3492 3415 erit
3538 3347 3914 3416 subtilioris
3965 3348 4274 3418 humoris
4315 3356 4428 3421 in-

2861 3458 2962 3518 ter
3013 3452 3362 3528 animalia,
3445 3453 3809 3523 sublimius
3876 3456 4080 3524 etiam
4158 3460 4278 3525 erit
4356 3461 4424 3527 in

2860 3562 3375 3652 operationibus
3414 3566 3663 3632 anim-‘e
3696 3587 3711 3633 ε
3746 3572 3812 3633 et
3843 3564 4031 3656 quod
4068 3570 4428 3657 grossioris

2861 3667 3171 3738 humoris
3200 3672 3326 3739 erit
3355 3673 3472 3763 qui
3506 3682 3610 3740 est
3645 3672 3927 3741 ultimus
3956 3674 4148 3742 cibus
4203 3699 4428 3744 mem-

2858 3776 3165 3856 brorum,
3197 3781 3508 3868 grossius
3556 3780 3761 3848 etiam
3801 3782 3923 3848 erit
3973 3783 4042 3849 in
4089 3787 4426 3873 operatio·

2856 3885 3057 3951 nibus
3096 3885 3544 3954 animalium:
3583 3896 3866 3978 propter
3904 3888 4087 3979 quod
4137 3892 4423 3978 sangui-

2856 4017 3011 4061 nem
3042 4017 3181 4061 non
3241 3993 3591 4072 babentia,
3654 3995 3771 4063 sed
3818 3997 4244 4066 subtiliorem
4289 3998 4422 4067 lm-

2852 4122 3115 4168 morem
3158 4102 3519 4191 sanguine,
3561 4101 3919 4170 subtiliora
3951 4114 4102 4171 sunt
4137 4105 4204 4172 in
4251 4129 4420 4196 ope-

2855 4208 3231 4273 rationibus·
3298 4209 3711 4299 quibusdam
3789 4211 3937 4278 allis
4011 4215 4413 4304 sangninem

2847 4318 3283 4397 habentibus,
3327 4320 3498 4388 sicut
3583 4321 3898 4411 superius
3941 4322 4009 4387 in
4065 4331 4253 4412 parte
4309 4326 4414 4392 ‹li-

2843 4435 3027 4493 ctum
3068 4437 3195 4512 est,
3230 4436 3298 4495 et
3327 4427 3551 4495 adbuc
3582 4427 3864 4496 inferius
3903 4427 4184 4497 dicetur.
4223 4430 4414 4501 Sicut

2841 4545 3070 4603 autem
3114 4537 3182 4603 in
3214 4534 3393 4603 libro
3425 4536 3509 4604 de
3548 4539 3828 4605 Natura
3862 4538 4169 4607 locorum
4197 4550 4262 4606 e!
4300 4543 4411 4610 Io-

2839 4654 3153 4711 cotorum
3220 4643 3756 4713 determinatum
3831 4655 3959 4725 est,
4022 4650 4406 4740 complexio

2838 4760 2934 4820 est
3016 4752 3310 4843 qualitas
3373 4753 3788 4844 proveniens
3871 4754 3940 4822 in
4006 4759 4407 4849 corporibus

2838 4860 3240 4929 animalium
3265 4884 3352 4930 ex
3374 4862 3706 4953 qualitate
3724 4866 4219 4934 contrariarum
4243 4891 4413 4959 ope-

2837 4970 3208 5046 rationum,
3281 4962 3662 5037 secundum
3783 4970 3964 5059 quod
4049 4973 4407 5063 qualitates

2835 5073 3001 5162 ipsa·
3034 5072 3413 5141 alterantur
3450 5073 3538 5141 ab
3580 5075 3917 5143 invicem:
3955 5084 4023 5142 et
4070 5077 4403 5149 elementa

2833 5189 3233 5259 dividuntur
3285 5213 3409 5282 per
3453 5192 3766 5271 minima,
3821 5194 3915 5260 ita
3943 5195 4125 5284 quoil
4192 5197 4403 5265 mini-

2832 5322 3024 5367 mum
3139 5298 3682 5391 uniuscujusque
3777 5308 3882 5368 est
3973 5326 4127 5370 cum
4206 5307 4404 5373 mini-

2831 5430 2946 5475 mo
3014 5407 3317 5476 alterius.
3383 5407 3521 5482 ,Sic
3597 5409 3780 5475 enim
3886 5410 3955 5476 in
4047 5409 4401 5482 elementis

2828 5514 2912 5580 ab
2953 5516 3243 5584 invicem
3321 5515 3627 5584 alteratis
3709 5523 3775 5583 et
3840 5515 4076 5584 divisis
4159 5520 4397 5589 accidit

2828 5644 2965 5690 una
3048 5623 3367 5715 qualitaS,
3462 5646 3617 5715 quae
3713 5625 4100 5718 complexio
4181 5651 4395 5696 voca-

2825 5741 2958 5800 tur.
2993 5732 3149 5801 Non
3198 5743 3429 5803 autom
3487 5740 3760 5828 oportet
3828 5756 3956 5803 nos
4002 5733 4112 5803 bic
4169 5736 4389 5807 dicere

2826 5841 3071 5910 modos
3102 5841 3604 5932 complexionis
3649 5841 3931 5934 aequalis
3979 5852 4045 5912 et
4090 5845 4391 5937 inaequa-
