4919 6371
1974 526 2140 590 Llss.
2195 522 2353 589 Vlll
2402 521 2520 587 DE
2567 515 3157 605 ANIMALlBUS,
3208 527 3519 596 TRACT.
3576 529 3604 594 I

1188 701 1548 791 qualitates
1606 698 2005 785 mitigantur
2045 718 2126 761 ex
2186 719 2354 762 sexu
2394 694 2737 769 foeminoo,

1188 817 1250 874 et
1281 816 1441 873 tunc.
1470 803 1768 894 plurium
1811 801 2196 868 efficiuntur
2258 803 2618 892 spirituum
2676 808 2741 866 et

1183 911 1396 1001 pluris
1451 908 1831 996 sanguiniS,
1871 916 1938 975 et
1995 909 2144 979 ideo
2203 910 2404 977 etiam
2462 908 2740 975 fortiora

1183 1025 1341 1083 sunt
1378 1023 1444 1082 et
1473 1014 1861 1083 audaciora.
1899 1016 2072 1085 Ursa
2109 1027 2334 1085 autem
2382 1015 2735 1083 audaciam

1181 1121 1385 1188 hahet
1451 1144 1538 1188 ex
1609 1122 1805 1190 malis
1862 1125 2169 1191 moribus
2235 1126 2350 1214 qui
2423 1120 2738 1189 accidunt

1180 1229 1395 1296 sexui.
1464 1227 1601 1297 Sed
1660 1238 1891 1298 tamen
1960 1232 2236 1298 foemina
2282 1230 2418 1295 ursi
2451 1250 2589 1293 non
2643 1226 2736 1290 ita

1180 1337 1293 1403 diu
1324 1346 1716 1426 perseverat
1747 1338 1814 1403 in
1855 1359 2086 1428 pugna
2115 1339 2289 1403 sicut
2321 1356 2542 1400 ursus.
2587 1332 2734 1398 lloc

1177 1452 1405 1511 autem
1464 1445 1704 1512 accidit
1733 1444 2053 1510 omnibus
2119 1442 2412 1510 foeminis
2478 1441 2733 1507 anima-

1175 1550 1369 1633 lium,
1405 1548 1590 1640 quod
1622 1557 1928 1638 tempore
1959 1547 2336 1615 catulorum
2367 1546 2728 1614 ferociores

1171 1664 1332 1722 sunt
1362 1654 1665 1722 maribus
1711 1675 1725 1720 :
1771 1661 1839 1721 et
1876 1652 2008 1721 hoc
2045 1653 2201 1721 facit
2240 1653 2518 1722 allectus
2544 1651 2727 1718 tilio-

1169 1786 1346 1830 rum.
1393 1759 1814 1829 Generaliter
1837 1769 2067 1830 autem
2119 1761 2461 1851 loquendo
2500 1759 2726 1827 foemi-

1170 1892 1271 1936 nae
1320 1870 1631 1936 omnium
1684 1867 2086 1937 animalium
2126 1877 2284 1936 sunt
2314 1868 2600 1935 leviores
2638 1864 2724 1932 ad

1170 1976 1667 2055 instruendum,
1739 1984 1804 2043 et
1870 1977 2226 2044 astutiores
2300 1973 2524 2065 quoad
2592 1972 2721 2042 hoc

1167 2084 1348 2174 quod
1405 2085 1602 2153 citius
1659 2085 1936 2174 capiunt
2007 2107 2024 2151 ε
2094 2092 2160 2152 et
2230 2082 2361 2150 hoc
2408 2083 2558 2150 ideo
2590 2091 2713 2161 est,

1168 2194 1328 2281 quia
1382 2201 1541 2260 sunt
1600 2190 1973 2269 molliores,
2007 2199 2071 2259 et
2109 2200 2266 2258 sunt
2304 2192 2524 2281 magis
2552 2212 2720 2256 ava-

1164 2322 1254 2364 rae
1312 2307 1378 2366 et
1441 2298 1751 2365 sollicitae
1784 2300 1960 2366 circa
2012 2299 2503 2365 nutrimentum
2538 2297 2718 2363 tilio-

1160 2429 1336 2472 rum.
1403 2405 1549 2472 Mas
1606 2414 1837 2474 autem
1913 2428 1949 2472 e
1997 2414 2232 2473 contra
2298 2414 2396 2471 est
2437 2405 2714 2492 majoris

1157 2512 1300 2590 irae,
1343 2519 1409 2579 et
1441 2513 1660 2603 magis
1691 2511 2043 2589 silvestris,
2079 2521 2144 2578 et
2191 2513 2475 2578 minoris
2522 2519 2714 2577 astu-

1155 2619 1289 2685 tiae.

1243 2829 1607 2897 Passiones
1674 2838 1902 2898 autem
1963 2831 2106 2897 istae
2169 2850 2454 2896 sexuum
2490 2829 2706 2915 magis

1153 2937 1671 3003 manifestantur
1700 2937 1770 3003 in
1822 2935 2102 3021 homine
2161 2957 2366 3026 quam
2433 2935 2502 3000 in
2569 2933 2702 3001 alio

1151 3041 1427 3110 animali
1464 3065 1478 3109 :
1516 3041 1727 3110 homo
1767 3044 1950 3108 enim
1974 3043 2150 3109 inter
2177 3042 2408 3108 omnia
2446 3041 2701 3107 anima·

1151 3149 1238 3217 lia
1269 3151 1489 3242 magis
1536 3150 1810 3241 attingit
1876 3158 2133 3217 naturae
2170 3147 2539 3238 perfectum
2586 3154 2700 3215 :et

1147 3258 1300 3325 ideo
1341 3262 1547 3327 etiam
1608 3258 1826 3349 magis
1867 3256 2358 3333 manifestatur,
2417 3256 2598 3346 quod
2629 3257 2699 3323 in

1147 3367 1377 3457 aliquo
1407 3365 1788 3434 deflectitur
1842 3388 1880 3433 a
1965 3366 2261 3456 perfecto
2326 3363 2697 3431 secundum

1147 3484 1480 3541 naturam.
1546 3474 1622 3541 ln
1686 3472 1817 3542 hoc
1877 3474 2083 3564 igitur
2139 3472 2383 3539 mulier
2434 3471 2696 3540 facilius

1142 3582 1506 3651 inclinatur
1569 3582 1654 3650 ad
1711 3582 2033 3673 pietatem
2089 3581 2230 3648 sive
2279 3579 2694 3648 benevolen-

1140 3692 1302 3758 tiam
1363 3713 1570 3782 quam
1635 3691 1764 3769 vir,
1801 3699 1865 3759 et
1905 3690 2103 3758 citius
2159 3687 2591 3780 lacrymatur,
2624 3698 2691 3757 et

1137 3801 1356 3891 magis
1413 3810 1511 3867 est
1570 3800 1826 3879 invida,
1861 3807 1931 3867 et
1976 3800 2192 3889 inagis
2240 3800 2685 3879 contentiosa,

1135 3916 1197 3976 et
1231 3908 1552 3998 litigiosa,
1598 3916 1661 3975 et
1698 3907 1946 3979 rixosa,
1983 3915 2045 3972 et
2089 3906 2305 3997 diligit
2360 3908 2688 3995 castigare

1135 4016 1274 4082 sive
1306 4014 1649 4083 criminari
1693 4036 1708 4081 :
1745 4022 1812 4082 et
1851 4014 2152 4103 nequitia
2200 4014 2442 4081 animae
2473 4015 2689 4103 major

1135 4131 1234 4191 est
1276 4122 1344 4190 in
1382 4122 1659 4190 foemina
1734 4142 1943 4212 quam
1993 4121 2261 4188 inviro.
2300 4121 2414 4186 list
2483 4123 2683 4189 etiam

1129 4227 1368 4296 debilis
1395 4229 1538 4319 spei
1577 4230 1720 4296 sive
1750 4226 2041 4305 fiduciae,
2076 4235 2140 4293 et
2203 4225 2496 4294 mendax
2537 4250 2688 4295 ma-

1128 4336 1233 4424 gis
1288 4358 1494 4427 quam
1572 4337 1703 4414 vir,
1744 4343 1811 4401 et
1866 4332 2343 4415 inverecunda,
2388 4342 2454 4401 et
2492 4332 2681 4402 facile

1127 4442 1480 4532 decipitur,
1516 4464 1597 4509 eo
1627 4441 1811 4530 quod
1849 4449 1952 4509 est
1982 4438 2140 4508 mali
2163 4439 2427 4529 judicii,
2480 4449 2543 4508 et
2565 4440 2684 4510 ha-

1126 4550 1234 4617 het
1278 4573 1362 4616 ex
1401 4548 1768 4638 frigiditate
1814 4548 2221 4637 congelante
2250 4548 2504 4637 aliquid
2537 4549 2683 4617 for-

1127 4658 1211 4725 tis
1242 4656 1590 4726 memoriae
1624 4656 1692 4723 in
1726 4655 1950 4734 malis,
1985 4662 2052 4723 et
2081 4677 2165 4722 ex
2201 4654 2446 4745 frigido
2484 4678 2681 4725 cont-

1124 4766 1456 4856 primente
1492 4785 1508 4831 ε
1544 4772 1614 4832 et
1642 4763 1804 4854 quia
1848 4785 2096 4854 corpus
2132 4762 2278 4851 ejus
2334 4785 2467 4830 non
2508 4786 2680 4831 con-

1123 4871 1331 4938 sumit
1361 4893 1580 4961 neque
1612 4868 1876 4959 repellit
1904 4893 1944 4936 a
1980 4892 2052 4936 se
2098 4869 2546 4959 superfluum,
2576 4881 2676 4941 est

1123 4980 1314 5069 pigra
1352 4987 1417 5046 et
1447 4977 1698 5067 segnis.
1735 4975 1857 5043 llis
1896 4984 2122 5044 nutem
2159 4975 2345 5044 addit
2383 4977 2672 5045 Avicen-

1120 5107 1231 5162 na,
1265 5084 1451 5175 quod
1489 5084 1560 5151 in
1600 5081 1804 5151 rebus
1867 5082 2174 5151 honestis
2230 5090 2295 5150 et
2350 5082 2549 5150 bonis
2604 5094 2667 5154 et

1117 5190 1446 5281 regimine
1475 5197 1632 5258 sunt
1665 5190 1886 5278 magis
1908 5188 2158 5268 stultae,
2192 5196 2257 5257 et
2286 5191 2503 5278 magis
2561 5214 2671 5259 re-

1111 5297 1410 5366 colentes
1441 5322 1547 5367 res
1578 5297 1775 5376 viles,
1809 5305 1874 5364 et
1905 5306 2063 5365 sunt
2091 5296 2561 5380 fraudulentoe,
2602 5310 2668 5368 et

1113 5404 1379 5473 fraudes
1421 5404 1821 5496 recipientes
1867 5402 1953 5471 ab
1993 5402 2168 5483 aliis,
2199 5413 2263 5471 et
2293 5406 2512 5494 magis
2539 5429 2667 5496 pa-

1114 5521 1271 5581 rata·
1316 5512 1403 5580 ad
1469 5513 1684 5580 malas
1739 5511 2320 5581 consuetudines:
2392 5523 2664 5605 propter

4282 530 4413 600 423

2853 715 2998 761 mas
3037 707 3335 765 econtra
3394 699 3739 778 mobilior,
3786 712 3851 768 et
3909 706 4126 793 magis
4192 703 4413 772 confi-

2849 800 3035 878 denS,
3075 811 3141 869 et
3170 805 3416 882 audax,
3457 813 3524 871 et
3551 807 3830 894 majoris
3870 795 4234 877 virilitatis.

3396 1781 3692 1853 CAPUT
3742 1786 3829 1854 11.

2816 2510 2922 2575 De
2941 2532 3186 2602 puqna
3215 2512 3635 2580 animalium
3652 2537 3781 2604 pro
3810 2514 3959 2582 cibo
3990 2526 4055 2583 et
4083 2516 4285 2586 domo
4315 2527 4379 2586 el

3446 2617 3709 2708 pullis.

2889 3474 3356 3566 Qua-cumque
3422 3484 3655 3546 autem
3712 3478 4116 3548 animalium
4174 3477 4336 3549 habi

2796 3587 2941 3647 tant
2997 3580 3388 3672 frequenter
3424 3593 3545 3652 aut
3608 3607 3883 3677 semper
3926 3588 3996 3656 in
4037 3588 4187 3658 loco
4217 3612 4357 3661 uno

2796 3696 2857 3753 et
2900 3687 3170 3769 eodem,
3225 3689 3628 3783 praeliantur
3683 3693 3771 3761 ad
3836 3695 4158 3776 invicem,
4209 3700 4355 3767 sive

2794 3797 2927 3864 sint
2992 3796 3297 3885 ejusdem
3345 3802 3622 3891 speciei,
3700 3803 3845 3870 sive
3903 3802 4354 3885 diversarum,

2794 3904 3131 3995 praecipue
3160 3914 3390 3974 tamen
3429 3931 3709 3977 causam
3737 3932 3986 4001 pugnas
4014 3912 4357 3981 coutinuoe

2795 4008 3068 4093 hahent,
3128 4011 3183 4079 si
3263 4012 3457 4081 cibus
3522 4037 3782 4105 paucus
3838 4038 3979 4084 non
4036 4017 4358 4087 omnihus

2790 4116 3133 4187 sufficiens
3160 4120 3248 4189 sit
3303 4118 3375 4187 in
3421 4117 3575 4187 loco
3605 4118 4048 4193 habitationis
4086 4144 4351 4192 eorum.

2792 4223 2908 4293 Est
2938 4226 3143 4295 etiam
3183 4226 3281 4295 eis
3308 4249 3516 4295 causa
3545 4227 3706 4298 belli
3740 4229 3967 4313 nidus,
4001 4240 4119 4300 aut
4157 4230 4354 4302 fovea

2790 4332 3060 4423 quietis,
3139 4342 3257 4403 aut
3312 4336 3519 4402 etiam
3575 4335 3947 4426 aliquando
4016 4337 4222 4406 timor
4286 4349 4354 4408 et

2787 4448 3276 4508 nocumentum
3317 4439 3689 4531 pullorum.
3738 4440 3877 4510 Sed
3929 4465 4139 4512 causa
4186 4443 4344 4514 helli

2783 4546 3108 4615 continua
3140 4568 3279 4616 non
3318 4554 3421 4614 est
3451 4546 3580 4615 nisi
3612 4547 3746 4615 cibi
3785 4546 4087 4618 defectus
4132 4573 4149 4619 ε
4180 4574 4349 4641 pro-

2782 4661 2932 4745 pter
2956 4653 3142 4747 quod
3178 4654 3386 4724 etiam
3431 4654 3689 4723 animal
3752 4664 4074 4733 vocatum
4103 4680 4145 4730 a
4202 4661 4349 4752 qui-

2783 4760 3067 4830 busdam
3154 4760 3386 4845 coclea,
3474 4760 3662 4855 quod
3727 4762 4008 4854 quidam
4078 4788 4343 4836 murem

2779 4880 3182 4937 montanum
3269 4892 3416 4938 esse
3497 4869 3939 4949 arbitrantur,
4018 4873 4341 4942 continue

2777 4984 3061 5067 pugnat,
3095 4984 3163 5044 et
3190 4983 3295 5045 est
3330 4976 3557 5045 audax
3595 4975 3929 5045 invadens
3967 4976 4338 5070 aliquando

2773 5105 3015 5152 canem
3048 5105 3066 5151 ε
3100 5082 3220 5153 sed
3272 5084 3449 5175 fugit
3490 5082 3799 5175 leporem
3826 5092 4181 5176 tamquam
4210 5087 4331 5155 ab·

2773 5193 3046 5262 horreat
3083 5215 3242 5262 eum
3288 5200 3410 5263 :et
3464 5199 3776 5286 pugnant
3835 5194 3929 5260 ita
3981 5195 4330 5278 continue,

2772 5302 2955 5395 quod
2982 5303 3190 5372 etiam
3219 5302 3573 5371 foeminam
3604 5323 3800 5370 suam
3839 5302 4023 5391 ejicit
4065 5327 4105 5370 a
4134 5304 4331 5376 fovea

2771 5413 2839 5480 in
2887 5410 3139 5492 hieme,
3190 5409 3467 5503 quando
3524 5417 3796 5500 pastum
3871 5410 4002 5480 sibi
4042 5412 4205 5481 foeni
4263 5425 4331 5484 et

2766 5519 3043 5588 alterins
3079 5517 3209 5588 cibi
3268 5516 3670 5608 aggregavit
3704 5518 4164 5610 :quandoque
4219 5528 4332 5591 ta-

1112 5620 1532 5712 quodetiam
1573 5623 1928 5713 proprium
1958 5620 2335 5712 subjectum
2364 5644 2504 5689 non
2534 5620 2663 5690 ha-
2765 5650 2923 5697 men
2979 5625 3282 5704 foemina,
3315 5633 3394 5693 ut
3454 5623 3729 5710 dicitur,
3796 5625 3934 5693 alio
3990 5625 4327 5720 foramine

1110 5729 1322 5797 hetin
1369 5728 1469 5797 eis
1516 5729 1734 5796 virtus
1796 5738 1862 5797 et
1918 5725 2238 5799 honestas
2307 5751 2323 5797 :
2382 5730 2660 5801 foemina
2761 5733 3225 5803 fraudulenter
3286 5730 3463 5801 facto
3529 5753 3748 5823 usque
3815 5732 3903 5801 ad
3964 5730 4324 5804 thesauros

1107 5836 1290 5905 enim
1364 5833 1841 5905 universaliter
1901 5843 1999 5905 est
2025 5837 2253 5927 gravis
2309 5844 2559 5917 motus,
2591 5846 2655 5907 et
2761 5840 3071 5909 ciborum
3125 5837 3585 5908 abundantius
3625 5860 3751 5928 per
3793 5836 4072 5907 hiemen
4136 5836 4317 5909 furto
