4919 6371
1920 446 2094 514 LIB.
2145 442 2310 511 VIII
2357 438 2479 507 DE
2524 434 3113 516 ANIMALIBUS.
3162 441 3472 511 TRACT.
3527 441 3585 508 II

1099 638 1171 697 to
1201 627 1418 717 capite
1453 623 1579 690 sub
1611 619 1760 695 alis,
1796 618 1972 683 sieut
2001 614 2152 681 aliae
2180 613 2435 702 plicant
2463 617 2663 698 caput

1101 744 1169 804 et
1200 735 1505 807 dorsum,
1545 735 1611 794 et
1659 730 1863 813 caput
1901 720 2028 788 suh
2103 720 2346 810 pennis
2404 717 2663 786 alarum

1101 840 1560 913 abscondunt,
1606 831 1723 900 sed
1799 831 2030 922 potius
2089 830 2344 898 dormit
2405 829 2664 896 detecto

1098 952 1319 1041 capite
1351 954 1419 1012 et
1447 949 1698 1020 erect0,
1735 948 1811 1008 ut
1872 938 2141 1008 facilius
2208 939 2441 1007 audiat
2496 934 2667 1003 insi-

1099 1058 1364 1125 diantes
1411 1075 1426 1118 :
1462 1059 1531 1119 et
1559 1050 1615 1118 si
1648 1049 1854 1141 longe
1892 1048 2144 1116 viderit
2203 1047 2314 1116 vel
2379 1045 2666 1113 audierit

1096 1163 1478 1239 hominem,
1524 1159 1636 1227 vel
1677 1157 1864 1225 aliud
1925 1157 2274 1232 nocivum,
2332 1153 2668 1221 vocifera-

1096 1272 1198 1339 bit
1225 1279 1292 1339 et
1322 1267 1673 1336 nuntiabit
1707 1265 1863 1333 aliis
1905 1261 2269 1332 excitando
2320 1282 2457 1328 eas.
2491 1258 2662 1325 Aliae

1099 1381 1283 1448 enim
1332 1386 1551 1446 totam
1619 1371 2154 1441 sollicitudinem
2217 1364 2662 1435 excubiarum

1096 1486 1603 1557 committentes
1652 1479 1925 1557 rec-tori,
1999 1476 2352 1544 dormiunt
2409 1474 2661 1541 ressexo

1095 1595 1315 1685 capite
1384 1591 1512 1659 sub
1572 1588 1724 1667 alis,
1798 1595 1866 1655 et
1924 1585 2281 1653 dormiunt
2344 1583 2663 1651 continue

1095 1706 1351 1769 stantes
1380 1719 1590 1786 super
1619 1716 1844 1763 unum
1873 1692 2145 1785 pedem,
2188 1700 2265 1759 ut
2320 1689 2491 1758 alter
2554 1711 2664 1756 re-

1096 1806 1423 1899 quiescat.
1450 1803 1616 1870 Arte
1639 1809 1869 1870 autem
1893 1801 2022 1867 ista
2051 1821 2254 1889 grues
2283 1819 2424 1865 non
2455 1803 2667 1863 utun-

1096 1923 1231 1991 tur,
1312 1910 1588 2002 quando
1638 1917 1799 1977 sunt
1859 1908 1930 1976 in
2007 1906 2175 1975 locis
2225 1904 2661 1972 mansionum

1097 2044 1378 2091 suarum
1425 2043 1440 2089 :
1496 2020 1657 2111 quia
1723 2027 1887 2086 tunc
1954 2038 2094 2083 non
2162 2017 2256 2083 ita
2320 2012 2660 2091 laborant,

1103 2151 1324 2220 neque
1364 2131 1457 2196 ita
1498 2124 1837 2218 profunde
1884 2123 2260 2192 dormiunt.

1191 2237 1311 2304 Est
1365 2244 1598 2303 autem
1664 2231 1853 2300 aliud
1917 2253 2136 2322 genus
2195 2229 2662 2321 aquaticarum

1098 2345 1355 2421 avium,
1379 2340 1565 2433 quod
1595 2337 2000 2438 Aristoteles
2030 2346 2230 2405 vocat
2247 2334 2658 2428 salakinem,

1092 2452 1446 2519 Avicenna
1502 2458 1735 2517 autem
1811 2445 2110 2538 appellat
2178 2443 2477 2513 balazub
2511 2467 2527 2512 ε
2600 2452 2667 2515 et

1088 2559 1235 2629 haec
1266 2557 1474 2626 habet
1503 2557 1830 2624 astutiam
1861 2553 2249 2623 naturalem
2293 2552 2667 2644 deprehen-

1091 2666 1321 2746 dendi,
1385 2665 1571 2756 quod
1637 2686 1889 2755 corpus
1955 2661 2181 2730 alzum
2248 2661 2391 2728 sive
2457 2662 2663 2730 ostrei

1094 2799 1235 2843 non
1275 2775 1470 2843 facile
1502 2782 1863 2866 separatur
1900 2794 1939 2840 a
1977 2779 2152 2840 testa
2180 2769 2493 2849 crudum,
2547 2771 2664 2838 sed

1093 2884 1451 2952 decoctum
1482 2890 1864 2973 separatur,
1899 2903 1981 2949 eo
2014 2879 2201 2972 quod
2249 2888 2409 2947 tunc
2464 2879 2534 2946 in
2592 2902 2664 2947 se

1094 2988 1544 3070 contrahitur,
1574 2998 1637 3059 et
1668 2987 2092 3080 transgluttit
2116 2989 2342 3079 ipsum
2364 2989 2661 3078 primum

1093 3123 1251 3169 cum
1284 3107 1505 3167 testa:
1562 3107 1629 3166 et
1684 3106 2054 3190 postquam
2122 3093 2346 3165 calore
2402 3092 2663 3185 hepatis

1092 3208 1197 3275 sui
1240 3207 1443 3275 fuerit
1510 3206 1896 3283 decoctum,
1969 3205 2229 3272 evomit
2287 3206 2537 3295 ipsum,
2597 3210 2663 3271 et

1090 3324 1256 3384 tune
1288 3323 1510 3383 rostro
1551 3323 1826 3405 separat
1858 3314 2078 3405 ipsam
2119 3335 2395 3381 carnem
2471 3334 2511 3380 a
2560 3320 2665 3380 te-

1088 3430 1218 3501 sta,
1256 3431 1321 3490 et
1363 3422 1662 3490 comedit
1729 3443 1883 3491 eam
1952 3419 2356 3489 dimittendo
2387 3428 2658 3499 testam,

1095 3550 1178 3596 eo
1219 3528 1405 3620 quod
1430 3528 1546 3596 illa
1588 3550 1729 3596 non
1762 3527 2000 3595 nutrit.
2055 3524 2374 3594 Ostreum
2430 3534 2659 3594 autem

1087 3636 1257 3705 illud
1297 3646 1499 3705 vocat
1529 3636 1936 3704 Aristoteles
1973 3635 2287 3713 conches,
2322 3635 2508 3727 quod
2554 3659 2662 3705 so·

1088 3753 1209 3812 nat
1246 3742 1429 3812 idem
1463 3743 1650 3835 quod
1699 3740 1992 3821 concha,
2055 3749 2125 3812 et
2190 3749 2293 3811 est
2357 3750 2658 3813 ostreum

1089 3851 1290 3921 valde
1323 3875 1685 3944 magnum,
1720 3860 1789 3921 et
1859 3850 2141 3920 mollem
2199 3848 2462 3919 habens
2506 3876 2660 3921 car-

1091 3981 1275 4027 nem.

1180 4064 1282 4134 Ex
1323 4065 1656 4134 industria
1703 4072 1935 4133 autem
1993 4062 2284 4132 naturali
2337 4064 2653 4156 qua-dam

1087 4197 1250 4242 aves
1305 4181 1607 4264 agrestes
1675 4179 1945 4241 mutant
2000 4171 2149 4241 loca
2214 4174 2650 4241 mansionum

1083 4303 1363 4348 suarum
1395 4289 1676 4372 propter
1732 4280 2199 4349 diversitatem
2267 4281 2422 4348 vitae
2482 4304 2645 4359 suae,

1081 4410 1232 4478 quae
1264 4387 1521 4480 indiget
1553 4388 1946 4457 diversitate
1977 4386 2108 4456 loci
2148 4394 2427 4479 propter
2463 4389 2652 4457 calo-

1082 4494 1175 4561 ris
1207 4503 1273 4563 et
1312 4494 1588 4588 frigoris
1620 4502 1684 4563 et
1716 4494 2039 4563 siccitatis
2068 4500 2134 4561 et
2174 4492 2485 4563 humoris
2541 4497 2649 4564 di—

1077 4602 1499 4680 versitatem,
1535 4610 1602 4670 et
1629 4608 1913 4692 propter
1950 4599 2414 4669 diversitatem
2483 4604 2641 4685 cibi,

1078 4715 1143 4774 et
1193 4714 1471 4799 propter
1524 4706 2002 4776 educationem
2078 4704 2447 4796 pullorum,
2526 4709 2643 4800 qui

1081 4814 1453 4906 aliquando
1500 4816 1790 4907 juvenes
1846 4816 1916 4882 in
1984 4835 2123 4882 uno
2197 4812 2350 4883 loeo
2412 4816 2643 4885 vivere

1078 4944 1217 4990 non
1248 4929 1563 5012 possunt,
1597 4931 1659 4991 et
1695 4919 1970 5013 quando
2010 4922 2480 5012 antiquantur,
2513 4922 2645 4991 Ior-

1075 5032 1283 5099 tiores
1310 5038 1470 5098 sunt
1500 5029 1584 5097 ad
1624 5029 2100 5098 sustinendum
2140 5028 2352 5097 alium
2385 5031 2452 5097 in
2503 5052 2639 5121 quo

1072 5148 1233 5208 sunt
1262 5137 1625 5231 qualitates
1664 5138 2073 5229 asperiores,
2116 5160 2286 5229 quas
2313 5138 2379 5205 in
2428 5138 2641 5207 tenel-

1072 5243 1137 5313 la
1176 5253 1374 5314 artato
1424 5246 1762 5313 sustinere
1811 5265 1952 5311 non
2008 5251 2320 5335 possunt.

1157 5350 1402 5420 Adhuc
1430 5361 1662 5422 autem
1694 5374 1781 5421 ex
1820 5349 2154 5420 industria
2185 5351 2477 5421 naturali
2505 5363 2633 5435 est,

1068 5461 1253 5554 quod
1293 5460 1607 5552 quaedam
1636 5484 1800 5529 aves
1828 5458 2285 5528 sollicitantur
2310 5458 2392 5528 de
2432 5460 2635 5552 pullis

1068 5570 1211 5637 suis
1242 5569 1310 5636 in
1342 5568 1503 5636 nido
1542 5568 1857 5637 fovendis
1894 5576 1961 5636 et
1990 5566 2307 5648 cibantis,
2340 5576 2407 5636 et
2444 5590 2636 5660 quae-

1070 5681 1229 5749 dam
1259 5685 1423 5748 sunt
1446 5698 1599 5769 qum
1628 5700 1665 5745 e
1713 5699 2049 5748 converso
2114 5675 2397 5755 faciunt,
2473 5679 2635 5769 quia

1069 5809 1279 5881 quam
1307 5785 1444 5855 cito
1471 5783 1948 5854 confortantur
1969 5784 2164 5877 pulli,
2204 5783 2427 5855 vicem
2473 5784 2633 5855 red-

4195 445 4320 511 441

2771 611 2939 681 dunt
2974 612 3395 703 parentibu8‚
3442 636 3521 680 eo
3553 614 3738 703 quod
3768 624 4078 704 parentes
4110 616 4180 683 in
4219 637 4331 681 se-

2772 727 3038 787 nectute
3070 719 3530 786 destituuntur
3564 741 3578 784 :
3607 728 3673 786 et
3701 719 3863 787 dicit
3891 721 4322 801 AmbrosiuS,

2772 825 2954 915 quod
2988 850 3021 889 α
3055 825 3336 891 ciconiae
3366 825 3542 891 inter
3571 826 3712 892 alas
3771 826 4080 894 deferunt
4145 829 4329 895 anti-

2771 953 2943 1022 quos
2988 937 3329 1020 parentes»,
3389 939 3457 999 et
3520 931 3886 1000 defendunt
3942 932 4026 1000 ab
4083 933 4324 1000 avibus

2770 1035 3286 1104 vulnerantibus
3317 1060 3457 1117 eaS,
3519 1046 3584 1106 et
3649 1037 3810 1106 dant
3885 1041 3980 1107 eis
4039 1039 4266 1107 eibum
4305 1061 4320 1106 :

2770 1152 3046 1234 propter
3082 1144 3267 1236 quod
3306 1148 3511 1215 etiam
3542 1148 3627 1214 ab
3658 1148 3956 1239 antiquis
3998 1147 4325 1215 Romanis

2770 1253 3030 1320 ciconia
3052 1253 3186 1344 pia
3216 1254 3363 1319 avis
3408 1252 3896 1342 appellabatur.
3935 1279 3968 1319 »

2863 1359 3189 1428 Similiter
3218 1367 3446 1428 autem
3477 1370 3545 1429 et
3584 1363 3651 1428 in
3682 1360 3833 1430 aliis
3864 1361 4177 1453 quaedam
4210 1362 4332 1429 ha-

2769 1466 2934 1535 bent
2953 1465 3397 1534 subtilitatem
3424 1475 3490 1535 et
3529 1467 3933 1536 industriam
3977 1471 4044 1535 in
4086 1469 4334 1537 viven-

2769 1574 2882 1658 do,
2935 1572 3246 1665 quaedam
3303 1584 3532 1642 autem
3577 1597 3714 1643 non
3760 1574 4038 1656 habent,
4089 1585 4205 1644 aut
4257 1580 4327 1645 in

2768 1681 3002 1772 paucis
3057 1679 3336 1749 habent.
3406 1681 3584 1750 Hinc
3659 1691 3759 1750 est
3833 1686 4063 1764 etiam,
4144 1684 4329 1776 quod

2767 1787 3127 1878 provident
3146 1786 3273 1855 sibi
3297 1789 3562 1858 diversa
3582 1789 3727 1858 loca
3750 1791 3833 1858 ad
3855 1790 4329 1877 habitandum,

2769 1896 3094 1986 quoniam
3155 1897 3473 1988 qua-dam
3550 1906 3828 1966 manent
3886 1899 3957 1967 in
4024 1898 4335 1984 lacubuS‚

2771 1999 3081 2090 quaedam
3112 2008 3343 2069 autem
3377 2002 3446 2068 in
3484 2000 3745 2069 fissuris
3776 2011 3841 2070 et
3883 2003 4336 2071 concavitati-

2769 2106 2896 2175 bus
2927 2117 2993 2177 et
3020 2109 3232 2177 antris
3274 2108 3576 2200 lapidum
3643 2109 3712 2177 in
3745 2112 4086 2178 montanis
4147 2109 4325 2187 altis,

2770 2217 2944 2283 sicut
3018 2216 3165 2284 avis
3231 2216 3542 2307 quaedam
3621 2240 3828 2309 quam
3897 2218 4330 2307 koradyriem

2768 2330 3016 2389 vocant
3054 2323 3319 2413 antiqui
3387 2322 3603 2392 Graeci
3651 2346 3666 2392 ε
3729 2332 3795 2391 et
3853 2333 3951 2393 est
4017 2324 4328 2416 quaedam

2770 2431 3027 2522 speeies
3066 2440 3358 2500 noctuae.
3401 2431 3520 2500 Est
3560 2440 3789 2500 autem
3818 2433 3963 2500 avis
4018 2431 4177 2499 mali
4208 2455 4332 2500 co-

2770 2538 2934 2605 loris
2963 2537 3331 2629 aliquando
3363 2561 3696 2628 apparens
3727 2537 3809 2606 de
3861 2547 4082 2616 noete,
4128 2547 4194 2606 et
4224 2538 4335 2607 l'u-

2769 2647 2963 2736 giens
2992 2653 3056 2712 et
3086 2643 3306 2712 latens
3345 2644 3427 2714 de
3459 2645 3567 2713 die
3604 2665 3619 2711 ε
3665 2642 3813 2713 lia-c
3845 2646 4027 2713 enim
4058 2669 4141 2713 ex
4201 2668 4333 2713 na-

2770 2754 2967 2822 turali
3002 2753 3424 2822 industriain
3465 2753 3728 2821 fissuris
3760 2753 4043 2834 habitat,
4101 2778 4186 2822 ne
4244 2755 4329 2823 ab

2772 2859 2920 2928 aliis
2949 2860 3188 2929 avibus
3218 2860 3677 2952 deplumetur.

2859 2985 2960 3053 Ex
2987 2984 3381 3076 hujusmodi
3402 2989 3606 3055 etiam
3639 2985 3969 3053 industria
3990 2996 4115 3066 est,
4145 2985 4330 3077 quud

2769 3095 3087 3185 accipiter
3113 3096 3307 3185 ponit
3337 3096 3572 3163 nidum
3604 3118 3804 3163 suum
3854 3096 4030 3165 sicut
4056 3105 4119 3164 et
4196 3095 4326 3164 Ial-

2769 3226 2875 3281 co,
2921 3206 2988 3271 in
3017 3203 3367 3273 altissimis
3396 3205 3768 3281 montibus,
3813 3205 3884 3272 in
3934 3206 4328 3273 concavita-

2769 3310 2950 3379 tibus
2979 3310 3310 3403 lapidum,
3353 3335 3437 3382 ne
3476 3312 3560 3381 de
3589 3311 3766 3381 facili
3792 3311 3957 3403 pulli
4008 3312 4327 3380 auferan-

2768 3427 2926 3486 tur:
2972 3421 3300 3509 quoniam
3339 3418 3542 3510 pullis
3580 3421 3727 3509 ejus
3775 3427 4124 3510 ponuntur
4152 3420 4323 3487 insi-

2767 3524 2895 3592 diae
2922 3527 3141 3618 magis
3169 3549 3377 3619 quam
3407 3526 3610 3617 pullis
3639 3527 3925 3595 aliarum
3957 3529 4213 3607 avium,
4238 3550 4320 3597 eo

2768 3633 2952 3725 quod
2981 3656 3136 3701 cum
3177 3634 3341 3724 ipsis
3380 3632 3695 3703 homines
3760 3642 4100 3703 venantur
4153 3634 4321 3703 alias

2766 3762 2949 3808 aves.
2995 3739 3159 3809 Iloec
3184 3741 3388 3809 etiam
3436 3763 3688 3834 genera
3742 3743 3975 3810 avium
4045 3764 4318 3812 caruem

2766 3850 3042 3920 crudam
3074 3851 3439 3920 comedunt
3474 3874 3491 3919 :
3527 3860 3593 3920 et
3621 3852 3781 3943 quia
3809 3876 3929 3921 cor
3956 3875 4095 3920 nou
4126 3853 4320 3921 intir-

2765 3966 2990 4027 matur
3017 3959 3085 4026 in
3117 3958 3347 4049 aliquo
3376 3957 3655 4027 animali
3694 3960 3880 4037 vivo,
3924 3959 4108 4051 quod
4154 3983 4314 4027 suas

2762 4075 2984 4158 potest
3024 4089 3336 4135 exercere
3376 4067 3677 4136 actiones
3706 4069 3812 4135 vel
3855 4067 4313 4157 operationes,

2763 4173 3201 4265 «litigantem
3237 4174 3308 4242 in
3345 4171 3602 4254 cibum,
3652 4181 3718 4240 et
3774 4172 3943 4242 illud
3996 4172 4316 4242 libentius

2760 4280 3149 4358 comeduut,
3180 4303 3266 4347 ex
3314 4280 3650 4349 industria
3705 4279 3993 4348 naturali
4050 4304 4318 4371 cogno-—

2758 4397 3023 4455 scentes
3055 4388 3278 4477 ipsum
3318 4411 3466 4456 esse
3497 4387 3624 4455 sibi
3683 4388 3912 4456 cibum
3946 4388 4313 4456 saniorem.

2757 4494 2917 4564 llaec
2944 4504 3172 4563 autem
3203 4517 3437 4563 earum
3486 4496 3816 4586 sagacitas
3879 4495 4093 4562 aliam
4153 4494 4312 4563 facit

2754 4604 2824 4670 in
2862 4604 2959 4670 eis
3022 4602 3534 4670 diversitatem:
3608 4602 3935 4694 quoniam
3999 4599 4309 4693 quaedam

2752 4733 2986 4780 earum
3015 4709 3219 4778 aliam
3248 4708 3548 4802 praedam
3614 4710 3889 4802 capiunt
3957 4710 4024 4776 in
4052 4716 4306 4789 oestate,

2751 4826 2816 4885 et
2846 4816 3047 4886 aliam
3087 4817 3157 4885 in
3194 4814 3445 4897 hieme,
3479 4841 3562 4888 eo
3610 4816 3797 4911 quod
3844 4814 4299 4908 quorumdam

2750 4924 3147 4993 animalium
3188 4925 3435 4995 melior
3472 4935 3533 4995 et
3576 4926 3809 4995 sanior
3861 4934 3962 4993 est
4020 4945 4178 4992 earo
4239 4924 4307 4992 in

2750 5041 3009 5113 aestate,
3049 5040 3115 5101 et
3137 5032 3430 5102 aliorum
3488 5032 3736 5101 melior
3791 5039 3858 5100 et
3908 5032 4142 5099 sanior
4205 5038 4308 5098 est

2747 5163 2904 5210 caro
2979 5141 3048 5207 in
3103 5138 3357 5209 hieme.
3447 5139 3548 5208 Ex
3622 5137 4018 5230 hujusmodi
4074 5144 4305 5206 alitem

2745 5246 3231 5317 subtilitatibus
3346 5247 3715 5339 aliquando
3860 5244 4305 5314 vehementer

2745 5353 3170 5423 abscondunt
3217 5353 3416 5422 nidos
3489 5362 3556 5422 et
3648 5351 3904 5446 pullos,
3961 5352 4053 5420 ita
4113 5349 4308 5443 quod

2745 5461 3021 5555 quidam
3073 5460 3305 5531 dicunt
3371 5460 3638 5529 nullum
3707 5482 4035 5552 umquam
4090 5456 4310 5541 vidis-

2743 5592 2815 5638 se
2873 5567 3107 5637 nidum
3182 5566 3490 5645 aradam,
3559 5566 3690 5636 hoc
3772 5576 3899 5646 est,
3979 5564 4297 5641 vulturis,

2744 5684 2810 5745 et
2901 5673 3190 5742 aliarum
3304 5674 3758 5765 quarumdam
3883 5671 4298 5765 aquilarum,

2743 5792 2861 5855 aut
2941 5780 3169 5873 pullos
3242 5781 3440 5872 ejus:
3530 5790 3598 5851 et
3657 5782 3811 5851 ideo
3887 5780 4122 5849 dieunt
4205 5775 4313 5846 di-
