4919 6371
2046 443 2214 511 LIB.
2269 443 2299 510 1
2346 444 2468 511 DE
2513 443 3100 523 ANIMALIBUS,
3150 446 3460 515 TRACT.
3516 448 3579 514 ΙΙ

1186 615 1325 680 suis
1358 613 1567 680 ramis
1599 620 1931 703 penetrat,
1970 622 2036 682 et
2064 615 2179 682 illa
2210 638 2360 705 quae
2384 616 2473 682 ad
2500 623 2755 682 stoma-

1186 720 1391 788 chum
1440 730 1507 789 et
1572 720 1783 812 hepar
1849 731 1915 790 et
1980 723 2286 813 splenem
2317 732 2385 791 et
2433 723 2753 789 intestina

1185 829 1536 920 pertingit,
1591 837 1657 896 et
1704 829 1837 896 illae
1875 853 2027 921 quas
2070 830 2153 897 ad
2195 829 2453 898 mirach
2493 829 2749 897 ventris

1192 934 1640 1018 descendunt,
1676 943 1744 1004 et
1764 935 1895 1003 illae
1934 959 2085 1026 quoe
2128 935 2565 1003 solummodo
2597 958 2751 1002 ma-

1190 1050 1352 1109 nent
1386 1043 1456 1107 in
1495 1064 1648 1109 osse
1687 1041 1809 1109 ilii.
1856 1041 2027 1110 Cum
2068 1051 2296 1111 autem
2338 1043 2582 1110 arteria
2620 1064 2747 1108 ve-

1188 1170 1292 1215 nae
1332 1170 1471 1215 non
1519 1149 1818 1238 pulsatili
1849 1149 2168 1227 sociatur,
2213 1150 2473 1241 equitat
2501 1148 2744 1216 arteria

1187 1278 1393 1346 supra
1486 1256 1766 1324 dorsum
1841 1279 2033 1324 venae
2112 1279 2250 1324 non
2345 1256 2678 1347 pulsatilis
2721 1279 2736 1323 τ

1183 1364 1504 1455 congruit
1578 1365 1760 1432 enim
1845 1374 1921 1431 ut
2014 1364 2384 1455 ignobilius
2487 1364 2741 1433 deferat

1182 1470 1575 1538 membrum
1622 1471 1946 1539 nobilius,
2009 1470 2085 1537 In
2135 1471 2462 1538 membris
2510 1478 2736 1539 autem

1181 1577 1560 1645 manifestis
1590 1580 1839 1647 arteria
1868 1577 1994 1646 sub
2033 1601 2209 1647 vena
2246 1578 2731 1668 submergitur,

1177 1685 1328 1752 ideo
1361 1695 1434 1752 ut
1465 1687 1553 1754 sit
1593 1687 1814 1779 magis
1854 1695 2201 1776 cooperta,
2238 1695 2306 1755 et
2335 1709 2475 1754 non
2503 1685 2734 1778 pulsa-

1174 1791 1312 1860 tilis
1358 1793 1447 1860 sit
1498 1793 1778 1885 clypeus
1829 1794 2153 1884 pulsatili.
2216 1794 2499 1862 Arteriae
2550 1796 2732 1862 enim

1176 1920 1314 1965 non
1373 1900 1804 1966 associantur
1846 1898 2037 1965 venis
2093 1898 2222 1965 nisi
2260 1906 2539 1990 propter
2566 1897 2726 1967 duo.

1179 2004 1329 2072 llna
1358 2013 1460 2072 est
1500 2013 1574 2073 ut
1612 2028 1809 2073 venae
1841 2004 2137 2096 ligentur
2163 2005 2550 2096 panniculis
2600 2005 2732 2073 illis

1174 2116 1289 2206 qui
1321 2115 1604 2183 arterias
1640 2116 2071 2205 cooperiunt,
2116 2123 2184 2183 et
2220 2115 2575 2206 quiescant
2608 2137 2734 2183 ve-

1172 2244 1276 2289 um
1302 2222 1369 2289 in
1391 2221 1572 2290 villis
1594 2222 2061 2289 membrorum
2082 2222 2256 2289 inter
2272 2245 2424 2313 quae
2443 2221 2726 2290 vadunt.

1168 2327 1326 2395 Alia
1382 2336 1612 2395 autem
1644 2336 1717 2395 ut
1767 2335 2053 2418 utraque
2100 2327 2384 2397 alteram
2419 2326 2726 2406 imbibat,

1169 2443 1237 2502 et
1290 2435 1466 2503 serat
1518 2437 1580 2503 ei
1639 2435 1975 2502 auxilium
2035 2434 2116 2503 de
2165 2433 2298 2504 hoc
2342 2435 2528 2526 quod
2575 2444 2733 2527 pot-

1171 2550 1300 2610 est.

1261 2649 1421 2717 llaec
1454 2650 1662 2740 igitur
1690 2658 1848 2716 sunt
1869 2672 2020 2740 qum
2044 2649 2126 2716 de
2157 2651 2422 2717 arteriis
2452 2651 2521 2717 in
2550 2672 2736 2718 com·

1167 2756 1361 2824 muni
1393 2763 1459 2823 et
1498 2755 1773 2847 speciali
1806 2755 2027 2824 (licere
2057 2756 2431 2824 voluimus.

4285 451 4403 518 101

3344 1485 3639 1555 CAPUT
3685 1485 3875 1552 XXI.

2841 2240 2932 2305 lz't
2996 2249 3092 2304 es!
3155 2260 3487 2304 mom-:ssio
3543 2237 3910 2306 declarans
3965 2240 4389 2307 anatomiam

3438 2370 3792 2414 venarum.

2928 3198 3249 3267 Dicamus
3288 3199 3495 3287 igitur
3523 3218 3705 3264 nunc
3735 3197 4154 3264 anatomiam
4192 3218 4400 3263 vena·

2841 3329 2989 3374 rum
3026 3328 3163 3373 non
3195 3304 3641 3395 pulsantium,
3674 3301 4051 3372 secundum
4090 3301 4274 3394 quod
4311 3303 4396 3369 ab

2839 3412 3079 3504 hepate
3110 3412 3530 3490 derivantur,
3565 3433 3705 3477 non
3736 3417 4054 3479 curantes
4092 3418 4319 3477 utrum
4359 3433 4400 3478 a

2835 3520 3037 3589 corde
3075 3522 3164 3588 sit
3190 3519 3491 3610 primum
3527 3518 3940 3610 principium
3972 3539 4235 3595 earum,
4281 3526 4400 3586 aut

2836 3627 2923 3696 ab
2954 3626 3222 3720 hepate.
3260 3626 3360 3694 De
3390 3624 3523 3695 hoc
3560 3628 3749 3695 enim
3789 3625 3859 3694 in
3900 3623 4398 3717 posterioribus

2837 3736 3026 3804 libris
3081 3733 3287 3824 hujus
3341 3734 3645 3803 scientim
3701 3731 4143 3802 disseremus.
4185 3731 4396 3801 Venoe

2837 3842 3018 3911 enim
3051 3850 3208 3909 sunt
3236 3841 3364 3908 viae
3393 3840 3752 3932 sanguinis
3792 3839 3862 3906 in
3892 3838 4214 3907 omnibus
4244 3862 4397 3906 san·

2838 3950 3114 4039 guinem
3154 3945 3563 4014 habentibus
3609 3969 3626 4014 t
3681 3954 3748 4014 et
3796 3942 3942 4014 baec
3988 3953 4091 4014 est
4135 3944 4393 4013 utilitas

2836 4077 3166 4123 venarum
3208 4055 3275 4123 in
3314 4052 3637 4121 omnibus
3678 4050 3787 4120 his
3833 4073 3987 4147 quae
4025 4073 4234 4120 venas
4262 4050 4396 4120 ha-

2836 4162 3021 4232 bent.
3057 4162 3224 4230 Dure
3254 4168 3483 4230 autem
3520 4181 3716 4230 vena·
3762 4165 3923 4229 sunt
3951 4181 4106 4253 quae
4141 4160 4212 4228 in
4249 4159 4397 4251 pri-

2838 4272 2968 4339 mis
2996 4269 3084 4338 ab
3130 4267 3375 4362 hepate
3416 4268 3886 4359 egrediuntur.
3941 4267 4095 4337 Una
4120 4268 4394 4361 quidem

2835 4378 3053 4446 oritur
3088 4399 3130 4444 a
3168 4385 3358 4467 parte
3396 4397 3700 4445 concava
3747 4373 4040 4465 hepatis,
4073 4396 4225 4466 qum
4261 4396 4395 4442 vo-

2836 4491 3032 4552 catur
3061 4492 3272 4575 porta
3312 4504 3336 4549 .·
3389 4489 3458 4549 et
3503 4479 3713 4571 hujus
3751 4479 4011 4550 utilitas
4066 4488 4167 4548 est
4208 4480 4396 4571 quod

2836 4587 3040 4660 trabit
3106 4589 3605 4657 nutrimentum
3652 4589 3724 4657 in
3789 4585 4025 4679 hepar.
4079 4586 4395 4656 Secunda

2835 4707 3064 4769 autem
3108 4699 3328 4768 oritur
3360 4698 3676 4790 superius
3729 4698 3796 4766 in
3844 4703 4037 4789 parte
4081 4717 4392 4766 convexa

2836 4830 2986 4901 quae
3007 4807 3351 4900 parisima
3374 4813 3666 4875 vocatur
3704 4827 3722 4873 t
3767 4814 3835 4875 et
3881 4801 4087 4897 hujus
4131 4802 4389 4872 utilitas

2834 4924 2934 4984 est
2988 4914 3078 4982 ab
3134 4912 3376 5006 hepate
3413 4915 3484 4981 in
3536 4912 3847 4983 membra
3894 4913 4389 4981 nutrimentum

2834 5022 3123 5094 derivari
3158 5045 3175 5091 ε
3208 5031 3276 5091 et
3300 5019 3432 5090 hoc
3460 5020 3822 5091 consuevit
3848 5020 4080 5089 vocari
4118 5019 4205 5087 ab
4243 5021 4390 5088 Au·

2832 5128 3135 5199 ctoribus
3171 5151 3343 5197 vena
3368 5138 3669 5197 ventrem
3705 5125 3988 5196 liabens.

2920 5237 3334 5329 incipiamus
3392 5238 3603 5329 igitur
3668 5235 3756 5304 ab
3814 5235 4165 5304 anatomia
4211 5234 4396 5306 illius

2832 5369 2983 5438 quoe
3023 5355 3234 5439 porta
3307 5354 3617 5414 vocatur.
3683 5344 3853 5414 Dico
3921 5344 4153 5435 igitur,
4210 5342 4398 5436 quod

2831 5462 3046 5547 portae
3079 5452 3193 5522 ille
3213 5452 3370 5522 linis
3389 5475 3543 5545 quae
3566 5455 3636 5522 in
3665 5450 3916 5544 hepate
3935 5451 4398 5544 submergitur

2832 5561 3253 5644 ventriculis,
3317 5563 3539 5654 prima
3592 5561 3932 5631 divisione
3968 5559 4041 5627 in
4087 5560 4390 5653 quinque

2833 5668 3159 5740 dividitur
3184 5677 3434 5761 partes,
3468 5693 3556 5741 ex
3601 5667 3854 5763 quibus
3899 5691 4039 5739 uua
4085 5691 4264 5739 vena
4299 5666 4386 5737 ad

2833 5776 2919 5845 fel
2951 5776 3188 5847 tendit.
3234 5776 3348 5845 lsti
3388 5785 3620 5847 autem
3662 5775 3835 5846 rami
3864 5784 4026 5845 sunt
4068 5775 4244 5844 sicut
4270 5796 4384 5843 ar-
4491 5793 4500 5800 ·
