<?xml version="1.0" encoding="UTF-8"?>
<!DOCTYPE html PUBLIC "-//W3C//DTD XHTML 1.0 Transitional//EN"
    "http://www.w3.org/TR/xhtml1/DTD/xhtml1-transitional.dtd">
<html xmlns="http://www.w3.org/1999/xhtml" xml:lang="en" lang="en">
 <head>
  <title>
</title>
<meta http-equiv="Content-Type" content="text/html;charset=utf-8" />
  <meta name='ocr-system' content='tesseract 3.04.00' />
  <meta name='ocr-capabilities' content='ocr_page ocr_carea ocr_par ocr_line ocrx_word'/>
</head>
<body>
  <div class='ocr_page' id='page_1' title='image "balbertimagnira01chgoog_0574.png"; bbox 0 0 4919 6371; ppageno 0'>
   <div class='ocr_carea' id='block_1_1' title="bbox 633 391 768 460">
    <p class='ocr_par' dir='ltr' id='par_1_1' title="bbox 633 391 768 460">
     <span class='ocr_line' id='line_1_1' title="bbox 633 391 768 460; baseline -0.007 0"><span class='ocrx_word' id='word_1_1' title='bbox 633 391 768 460; x_wconf 76' lang='lat'>338</span> 
     </span>
    </p>
   </div>
   <div class='ocr_carea' id='block_1_2' title="bbox 614 556 2267 6068">
    <p class='ocr_par' dir='ltr' id='par_1_2' title="bbox 630 556 2265 999">
     <span class='ocr_line' id='line_1_2' title="bbox 634 556 2263 652; baseline -0.007 -13"><span class='ocrx_word' id='word_1_2' title='bbox 634 578 858 639; x_wconf 90' lang='lat' dir='ltr'>estex</span> <span class='ocrx_word' id='word_1_3' title='bbox 901 562 1220 641; x_wconf 84' lang='lat' dir='ltr'>matrice,</span> <span class='ocrx_word' id='word_1_4' title='bbox 1268 559 1507 629; x_wconf 77' lang='lat' dir='ltr'>sodex</span> <span class='ocrx_word' id='word_1_5' title='bbox 1559 558 1797 652; x_wconf 87' lang='lat' dir='ltr'>aliquo</span> <span class='ocrx_word' id='word_1_6' title='bbox 1841 556 2008 638; x_wconf 89' lang='lat' dir='ltr'>alio,</span> <span class='ocrx_word' id='word_1_7' title='bbox 2082 559 2263 628; x_wconf 87' lang='lat' dir='ltr'>sicut</span> 
     </span>
     <span class='ocr_line' id='line_1_3' title="bbox 631 672 2261 777; baseline -0.006 -26"><span class='ocrx_word' id='word_1_8' title='bbox 631 687 1009 775; x_wconf 75' lang='lat' dir='ltr'>spermate,</span> <span class='ocrx_word' id='word_1_9' title='bbox 1048 676 1161 746; x_wconf 89' lang='lat' dir='ltr'>vel</span> <span class='ocrx_word' id='word_1_10' title='bbox 1194 683 1589 777; x_wconf 81' lang='lat' dir='ltr'>menstruo,</span> <span class='ocrx_word' id='word_1_11' title='bbox 1622 684 1786 743; x_wconf 90' lang='lat' dir='ltr'>tunc</span> <span class='ocrx_word' id='word_1_12' title='bbox 1812 672 2261 742; x_wconf 73' lang='lat' dir='ltr'>intendemus</span> 
     </span>
     <span class='ocr_line' id='line_1_4' title="bbox 632 787 2265 885; baseline -0.007 -21"><span class='ocrx_word' id='word_1_13' title='bbox 632 794 808 865; x_wconf 92' lang='lat' dir='ltr'>illud</span> <span class='ocrx_word' id='word_1_14' title='bbox 841 793 1042 885; x_wconf 84' lang='lat' dir='ltr'>cujus</span> <span class='ocrx_word' id='word_1_15' title='bbox 1075 816 1291 862; x_wconf 87' lang='lat' dir='ltr'>causa</span> <span class='ocrx_word' id='word_1_16' title='bbox 1352 790 1601 861; x_wconf 89' lang='lat' dir='ltr'>accidit</span> <span class='ocrx_word' id='word_1_17' title='bbox 1645 789 2005 874; x_wconf 70' lang='lat' dir='ltr'>sterilitas,</span> <span class='ocrx_word' id='word_1_18' title='bbox 2054 787 2265 855; x_wconf 79' lang='lat' dir='ltr'>recti-</span> 
     </span>
     <span class='ocr_line' id='line_1_5' title="bbox 630 906 1498 999; baseline -0.003 -23"><span class='ocrx_word' id='word_1_19' title='bbox 630 908 843 977; x_wconf 84' lang='lat' dir='ltr'>ticare</span> <span class='ocrx_word' id='word_1_20' title='bbox 887 929 1014 999; x_wconf 89' lang='lat' dir='ltr'>per</span> <span class='ocrx_word' id='word_1_21' title='bbox 1045 906 1498 975; x_wconf 81' lang='lat' dir='ltr'>medicinam.</span> 
     </span>
    </p>

    <p class='ocr_par' dir='ltr' id='par_1_3' title="bbox 618 1013 2267 4495">
     <span class='ocr_line' id='line_1_6' title="bbox 727 1013 2259 1109; baseline -0.008 -20"><span class='ocrx_word' id='word_1_22' title='bbox 727 1018 1097 1090; x_wconf 80' lang='lat' dir='ltr'>Matricem</span> <span class='ocrx_word' id='word_1_23' title='bbox 1139 1029 1379 1089; x_wconf 87' lang='lat' dir='ltr'>autem</span> <span class='ocrx_word' id='word_1_24' title='bbox 1433 1013 1915 1109; x_wconf 86' lang='lat' dir='ltr'>judicabimus</span> <span class='ocrx_word' id='word_1_25' title='bbox 1983 1033 2259 1091; x_wconf 88' lang='lat' dir='ltr'>sanam,</span> 
     </span>
     <span class='ocr_line' id='line_1_7' title="bbox 633 1123 2257 1215; baseline -0.006 -14"><span class='ocrx_word' id='word_1_26' title='bbox 633 1135 814 1202; x_wconf 89' lang='lat' dir='ltr'>sicut</span> <span class='ocrx_word' id='word_1_27' title='bbox 874 1140 942 1202; x_wconf 89' lang='lat' dir='ltr'>et</span> <span class='ocrx_word' id='word_1_28' title='bbox 1000 1130 1137 1203; x_wconf 88' lang='lat' dir='ltr'>alia</span> <span class='ocrx_word' id='word_1_29' title='bbox 1208 1129 1528 1200; x_wconf 88' lang='lat' dir='ltr'>membra</span> <span class='ocrx_word' id='word_1_30' title='bbox 1593 1148 1764 1193; x_wconf 90' lang='lat' dir='ltr'>sana</span> <span class='ocrx_word' id='word_1_31' title='bbox 1806 1123 2257 1215; x_wconf 87' lang='lat' dir='ltr'>judicantur:</span> 
     </span>
     <span class='ocr_line' id='line_1_8' title="bbox 636 1235 2266 1343; baseline -0.008 -26"><span class='ocrx_word' id='word_1_32' title='bbox 636 1248 980 1343; x_wconf 88' lang='lat' dir='ltr'>quoniam</span> <span class='ocrx_word' id='word_1_33' title='bbox 1080 1241 1368 1337; x_wconf 87' lang='lat' dir='ltr'>quando</span> <span class='ocrx_word' id='word_1_34' title='bbox 1463 1236 1867 1306; x_wconf 78' lang='lat' dir='ltr'>membrum</span> <span class='ocrx_word' id='word_1_35' title='bbox 1956 1235 2266 1328; x_wconf 81' lang='lat' dir='ltr'>complet</span> 
     </span>
     <span class='ocr_line' id='line_1_9' title="bbox 637 1348 2259 1455; baseline -0.009 -23"><span class='ocrx_word' id='word_1_36' title='bbox 637 1385 817 1455; x_wconf 88' lang='lat' dir='ltr'>opus</span> <span class='ocrx_word' id='word_1_37' title='bbox 858 1382 1068 1429; x_wconf 90' lang='lat' dir='ltr'>suum</span> <span class='ocrx_word' id='word_1_38' title='bbox 1104 1362 1172 1425; x_wconf 89' lang='lat' dir='ltr'>et</span> <span class='ocrx_word' id='word_1_39' title='bbox 1212 1352 1527 1424; x_wconf 81' lang='lat' dir='ltr'>officium</span> <span class='ocrx_word' id='word_1_40' title='bbox 1574 1350 1725 1420; x_wconf 91' lang='lat' dir='ltr'>sine</span> <span class='ocrx_word' id='word_1_41' title='bbox 1762 1348 2259 1429; x_wconf 88' lang='lat' dir='ltr'>diminutione,</span> 
     </span>
     <span class='ocr_line' id='line_1_10' title="bbox 636 1462 2267 1560; baseline -0.009 -15"><span class='ocrx_word' id='word_1_42' title='bbox 636 1484 706 1545; x_wconf 90' lang='lat' dir='ltr'>et</span> <span class='ocrx_word' id='word_1_43' title='bbox 735 1476 886 1543; x_wconf 89' lang='lat' dir='ltr'>sine</span> <span class='ocrx_word' id='word_1_44' title='bbox 920 1494 1048 1541; x_wconf 88' lang='lat' dir='ltr'>sua</span> <span class='ocrx_word' id='word_1_45' title='bbox 1089 1490 1353 1560; x_wconf 83' lang='lat' dir='ltr'>magna</span> <span class='ocrx_word' id='word_1_46' title='bbox 1382 1472 1539 1559; x_wconf 87' lang='lat' dir='ltr'>post</span> <span class='ocrx_word' id='word_1_47' title='bbox 1564 1487 1741 1556; x_wconf 90' lang='lat' dir='ltr'>opus</span> <span class='ocrx_word' id='word_1_48' title='bbox 1775 1487 1983 1531; x_wconf 90' lang='lat' dir='ltr'>suum</span> <span class='ocrx_word' id='word_1_49' title='bbox 2010 1462 2267 1531; x_wconf 91' lang='lat' dir='ltr'>debili-</span> 
     </span>
     <span class='ocr_line' id='line_1_11' title="bbox 633 1577 2266 1674; baseline -0.009 -15"><span class='ocrx_word' id='word_1_50' title='bbox 633 1589 929 1668; x_wconf 83' lang='lat' dir='ltr'>tatione,</span> <span class='ocrx_word' id='word_1_51' title='bbox 966 1593 1138 1654; x_wconf 87' lang='lat' dir='ltr'>tunc</span> <span class='ocrx_word' id='word_1_52' title='bbox 1159 1582 1520 1674; x_wconf 89' lang='lat' dir='ltr'>judicatur</span> <span class='ocrx_word' id='word_1_53' title='bbox 1560 1604 1716 1650; x_wconf 88' lang='lat' dir='ltr'>essa</span> <span class='ocrx_word' id='word_1_54' title='bbox 1748 1601 2029 1648; x_wconf 91' lang='lat' dir='ltr'>sanum.</span> <span class='ocrx_word' id='word_1_55' title='bbox 2079 1577 2266 1646; x_wconf 75' lang='lat' dir='ltr'>Ver-</span> 
     </span>
     <span class='ocr_line' id='line_1_12' title="bbox 633 1695 2259 1794; baseline -0.006 -24"><span class='ocrx_word' id='word_1_56' title='bbox 633 1701 706 1771; x_wconf 86' lang='lat' dir='ltr'>bi</span> <span class='ocrx_word' id='word_1_57' title='bbox 768 1699 1030 1794; x_wconf 80' lang='lat' dir='ltr'>gracia,</span> <span class='ocrx_word' id='word_1_58' title='bbox 1117 1696 1366 1767; x_wconf 89' lang='lat' dir='ltr'>oculus</span> <span class='ocrx_word' id='word_1_59' title='bbox 1437 1695 1694 1765; x_wconf 89' lang='lat' dir='ltr'>dicitur</span> <span class='ocrx_word' id='word_1_60' title='bbox 1789 1716 1942 1762; x_wconf 90' lang='lat' dir='ltr'>esse</span> <span class='ocrx_word' id='word_1_61' title='bbox 2014 1714 2259 1773; x_wconf 81' lang='lat' dir='ltr'>sanuS,</span> 
     </span>
     <span class='ocr_line' id='line_1_13' title="bbox 635 1804 2257 1907; baseline -0.006 -25"><span class='ocrx_word' id='word_1_62' title='bbox 635 1811 922 1907; x_wconf 89' lang='lat' dir='ltr'>quando</span> <span class='ocrx_word' id='word_1_63' title='bbox 983 1808 1179 1879; x_wconf 89' lang='lat' dir='ltr'>nulla</span> <span class='ocrx_word' id='word_1_64' title='bbox 1239 1808 1528 1877; x_wconf 57' lang='lat' dir='ltr'>laesione</span> <span class='ocrx_word' id='word_1_65' title='bbox 1590 1805 1931 1875; x_wconf 85' lang='lat' dir='ltr'>existente.</span> <span class='ocrx_word' id='word_1_66' title='bbox 1972 1804 2044 1872; x_wconf 91' lang='lat' dir='ltr'>in</span> <span class='ocrx_word' id='word_1_67' title='bbox 2079 1804 2257 1896; x_wconf 84' lang='lat' dir='ltr'>ipse,</span> 
     </span>
     <span class='ocr_line' id='line_1_14' title="bbox 636 1918 2261 2013; baseline -0.007 -17"><span class='ocrx_word' id='word_1_68' title='bbox 636 1928 873 1996; x_wconf 85' lang='lat' dir='ltr'>visum</span> <span class='ocrx_word' id='word_1_69' title='bbox 940 1925 1013 1993; x_wconf 92' lang='lat' dir='ltr'>in</span> <span class='ocrx_word' id='word_1_70' title='bbox 1084 1930 1240 1993; x_wconf 89' lang='lat' dir='ltr'>actu</span> <span class='ocrx_word' id='word_1_71' title='bbox 1302 1919 1575 2013; x_wconf 81' lang='lat' dir='ltr'>perlicit</span> <span class='ocrx_word' id='word_1_72' title='bbox 1634 1918 1931 2000; x_wconf 90' lang='lat' dir='ltr'>bonum,</span> <span class='ocrx_word' id='word_1_73' title='bbox 1998 1925 2066 1986; x_wconf 90' lang='lat' dir='ltr'>et</span> <span class='ocrx_word' id='word_1_74' title='bbox 2118 1941 2261 1987; x_wconf 91' lang='lat' dir='ltr'>non</span> 
     </span>
     <span class='ocr_line' id='line_1_15' title="bbox 639 2009 2265 2123; baseline -0.006 -15"><span class='ocrx_word' id='word_1_75' title='bbox 639 2037 947 2108; x_wconf 90' lang='lat' dir='ltr'>multum</span> <span class='ocrx_word' id='word_1_76' title='bbox 1006 2035 1334 2113; x_wconf 85' lang='lat' dir='ltr'>lassatur,</span> <span class='ocrx_word' id='word_1_77' title='bbox 1391 2040 1460 2101; x_wconf 91' lang='lat' dir='ltr'>et</span> <span class='ocrx_word' id='word_1_78' title='bbox 1516 2009 1923 2101; x_wconf 66' lang='lat' dir='ltr'>debilitatur</span> <span class='ocrx_word' id='word_1_79' title='bbox 1961 2037 2122 2123; x_wconf 89' lang='lat' dir='ltr'>post</span> <span class='ocrx_word' id='word_1_80' title='bbox 2162 2030 2265 2099; x_wconf 87' lang='lat' dir='ltr'>vi-</span> 
     </span>
     <span class='ocr_line' id='line_1_16' title="bbox 634 2143 2263 2238; baseline -0.004 -18"><span class='ocrx_word' id='word_1_81' title='bbox 634 2150 824 2220; x_wconf 89' lang='lat' dir='ltr'>dere.</span> <span class='ocrx_word' id='word_1_82' title='bbox 866 2146 1214 2218; x_wconf 79' lang='lat' dir='ltr'>Similiter</span> <span class='ocrx_word' id='word_1_83' title='bbox 1245 2169 1415 2238; x_wconf 79' lang='lat' dir='ltr'>ergo</span> <span class='ocrx_word' id='word_1_84' title='bbox 1451 2154 1519 2213; x_wconf 91' lang='lat' dir='ltr'>et</span> <span class='ocrx_word' id='word_1_85' title='bbox 1550 2143 1809 2212; x_wconf 86' lang='lat' dir='ltr'>matrix</span> <span class='ocrx_word' id='word_1_86' title='bbox 1840 2165 2010 2212; x_wconf 89' lang='lat' dir='ltr'>sana</span> <span class='ocrx_word' id='word_1_87' title='bbox 2041 2166 2263 2213; x_wconf 87' lang='lat' dir='ltr'>voca-</span> 
     </span>
     <span class='ocr_line' id='line_1_17' title="bbox 627 2255 2259 2356; baseline -0.004 -25"><span class='ocrx_word' id='word_1_88' title='bbox 627 2263 845 2347; x_wconf 86' lang='lat' dir='ltr'>bitur,</span> <span class='ocrx_word' id='word_1_89' title='bbox 866 2259 1154 2356; x_wconf 88' lang='lat' dir='ltr'>quando</span> <span class='ocrx_word' id='word_1_90' title='bbox 1187 2258 1384 2327; x_wconf 91' lang='lat' dir='ltr'>nulla</span> <span class='ocrx_word' id='word_1_91' title='bbox 1418 2258 1486 2326; x_wconf 90' lang='lat' dir='ltr'>in</span> <span class='ocrx_word' id='word_1_92' title='bbox 1514 2280 1595 2327; x_wconf 91' lang='lat' dir='ltr'>ea</span> <span class='ocrx_word' id='word_1_93' title='bbox 1624 2259 1968 2325; x_wconf 82' lang='lat' dir='ltr'>existente</span> <span class='ocrx_word' id='word_1_94' title='bbox 2004 2255 2259 2326; x_wconf 82' lang='lat' dir='ltr'>debili-</span> 
     </span>
     <span class='ocr_line' id='line_1_18' title="bbox 626 2369 2262 2467; baseline -0.005 -22"><span class='ocrx_word' id='word_1_95' title='bbox 626 2384 766 2445; x_wconf 90' lang='lat' dir='ltr'>tate</span> <span class='ocrx_word' id='word_1_96' title='bbox 807 2397 987 2467; x_wconf 89' lang='lat' dir='ltr'>opus</span> <span class='ocrx_word' id='word_1_97' title='bbox 1011 2396 1222 2442; x_wconf 87' lang='lat' dir='ltr'>suum</span> <span class='ocrx_word' id='word_1_98' title='bbox 1256 2369 1553 2465; x_wconf 81' lang='lat' dir='ltr'>perlicit,</span> <span class='ocrx_word' id='word_1_99' title='bbox 1591 2378 1657 2438; x_wconf 88' lang='lat' dir='ltr'>et</span> <span class='ocrx_word' id='word_1_100' title='bbox 1720 2376 1883 2461; x_wconf 88' lang='lat' dir='ltr'>post</span> <span class='ocrx_word' id='word_1_101' title='bbox 1951 2370 2262 2462; x_wconf 89' lang='lat' dir='ltr'>comple-</span> 
     </span>
     <span class='ocr_line' id='line_1_19' title="bbox 630 2479 2261 2580; baseline -0.006 -23"><span class='ocrx_word' id='word_1_102' title='bbox 630 2490 899 2558; x_wconf 80' lang='lat' dir='ltr'>tionem</span> <span class='ocrx_word' id='word_1_103' title='bbox 933 2487 1169 2580; x_wconf 89' lang='lat' dir='ltr'>operis</span> <span class='ocrx_word' id='word_1_104' title='bbox 1212 2507 1358 2553; x_wconf 90' lang='lat' dir='ltr'>non</span> <span class='ocrx_word' id='word_1_105' title='bbox 1410 2491 1513 2552; x_wconf 89' lang='lat' dir='ltr'>est</span> <span class='ocrx_word' id='word_1_106' title='bbox 1572 2481 1909 2550; x_wconf 89' lang='lat' dir='ltr'>destituta</span> <span class='ocrx_word' id='word_1_107' title='bbox 1969 2488 2037 2550; x_wconf 91' lang='lat' dir='ltr'>et</span> <span class='ocrx_word' id='word_1_108' title='bbox 2081 2479 2261 2549; x_wconf 88' lang='lat' dir='ltr'>mul-</span> 
     </span>
     <span class='ocr_line' id='line_1_20' title="bbox 636 2594 2255 2688; baseline -0.006 -16"><span class='ocrx_word' id='word_1_109' title='bbox 636 2611 787 2672; x_wconf 90' lang='lat' dir='ltr'>tum</span> <span class='ocrx_word' id='word_1_110' title='bbox 822 2600 1030 2670; x_wconf 87' lang='lat' dir='ltr'>lassa.</span> <span class='ocrx_word' id='word_1_111' title='bbox 1066 2596 1414 2668; x_wconf 86' lang='lat' dir='ltr'>Possibile</span> <span class='ocrx_word' id='word_1_112' title='bbox 1450 2605 1686 2666; x_wconf 89' lang='lat' dir='ltr'>tamen</span> <span class='ocrx_word' id='word_1_113' title='bbox 1729 2604 1857 2676; x_wconf 90' lang='lat' dir='ltr'>est,</span> <span class='ocrx_word' id='word_1_114' title='bbox 1910 2601 1986 2663; x_wconf 90' lang='lat' dir='ltr'>ut</span> <span class='ocrx_word' id='word_1_115' title='bbox 2018 2594 2255 2688; x_wconf 83' lang='lat' dir='ltr'>aliqua</span> 
     </span>
     <span class='ocr_line' id='line_1_21' title="bbox 632 2708 2257 2790; baseline -0.006 -8"><span class='ocrx_word' id='word_1_116' title='bbox 632 2714 891 2783; x_wconf 81' lang='lat' dir='ltr'>matrix</span> <span class='ocrx_word' id='word_1_117' title='bbox 931 2736 1077 2781; x_wconf 90' lang='lat' dir='ltr'>non</span> <span class='ocrx_word' id='word_1_118' title='bbox 1147 2710 1236 2779; x_wconf 89' lang='lat' dir='ltr'>sit</span> <span class='ocrx_word' id='word_1_119' title='bbox 1296 2733 1466 2777; x_wconf 82' lang='lat' dir='ltr'>sana</span> <span class='ocrx_word' id='word_1_120' title='bbox 1537 2708 1606 2777; x_wconf 90' lang='lat' dir='ltr'>in</span> <span class='ocrx_word' id='word_1_121' title='bbox 1668 2714 1844 2790; x_wconf 87' lang='lat' dir='ltr'>tote,</span> <span class='ocrx_word' id='word_1_122' title='bbox 1892 2715 1959 2776; x_wconf 86' lang='lat' dir='ltr'>et</span> <span class='ocrx_word' id='word_1_123' title='bbox 2020 2715 2257 2775; x_wconf 88' lang='lat' dir='ltr'>tamen</span> 
     </span>
     <span class='ocr_line' id='line_1_22' title="bbox 628 2822 2254 2921; baseline -0.008 -25"><span class='ocrx_word' id='word_1_124' title='bbox 628 2827 807 2897; x_wconf 73' lang='lat' dir='ltr'>liene</span> <span class='ocrx_word' id='word_1_125' title='bbox 842 2825 1119 2921; x_wconf 86' lang='lat' dir='ltr'>perlicit</span> <span class='ocrx_word' id='word_1_126' title='bbox 1149 2847 1329 2917; x_wconf 89' lang='lat' dir='ltr'>opus</span> <span class='ocrx_word' id='word_1_127' title='bbox 1369 2846 1579 2891; x_wconf 90' lang='lat' dir='ltr'>suum</span> <span class='ocrx_word' id='word_1_128' title='bbox 1630 2822 1779 2890; x_wconf 89' lang='lat' dir='ltr'>sine</span> <span class='ocrx_word' id='word_1_129' title='bbox 1824 2829 2254 2890; x_wconf 88' lang='lat' dir='ltr'>nocumento</span> 
     </span>
     <span class='ocr_line' id='line_1_23' title="bbox 628 2929 2253 3025; baseline -0.002 -20"><span class='ocrx_word' id='word_1_130' title='bbox 628 2948 693 3007; x_wconf 80' lang='lat' dir='ltr'>et</span> <span class='ocrx_word' id='word_1_131' title='bbox 756 2933 1234 3007; x_wconf 86' lang='lat' dir='ltr'>diminutione</span> <span class='ocrx_word' id='word_1_132' title='bbox 1286 2956 1304 3003; x_wconf 73' lang='grc' dir='ltr'>ε</span> <span class='ocrx_word' id='word_1_133' title='bbox 1378 2939 1443 3003; x_wconf 84' lang='lat' dir='ltr'>ot</span> <span class='ocrx_word' id='word_1_134' title='bbox 1503 2929 1581 3002; x_wconf 84' lang='lat' dir='ltr'>fit</span> <span class='ocrx_word' id='word_1_135' title='bbox 1659 2929 1797 3002; x_wconf 84' lang='lat' dir='ltr'>hoc</span> <span class='ocrx_word' id='word_1_136' title='bbox 1866 2929 2253 3025; x_wconf 86' lang='lat' dir='ltr'>plurimum</span> 
     </span>
     <span class='ocr_line' id='line_1_24' title="bbox 627 3046 2255 3144; baseline -0.004 -24"><span class='ocrx_word' id='word_1_137' title='bbox 627 3050 912 3144; x_wconf 87' lang='lat' dir='ltr'>qnando</span> <span class='ocrx_word' id='word_1_138' title='bbox 958 3049 1335 3119; x_wconf 79' lang='lat' dir='ltr'>infirmitas</span> <span class='ocrx_word' id='word_1_139' title='bbox 1385 3071 1528 3116; x_wconf 90' lang='lat' dir='ltr'>non</span> <span class='ocrx_word' id='word_1_140' title='bbox 1572 3055 1676 3116; x_wconf 91' lang='lat' dir='ltr'>est</span> <span class='ocrx_word' id='word_1_141' title='bbox 1708 3046 1776 3115; x_wconf 89' lang='lat' dir='ltr'>in</span> <span class='ocrx_word' id='word_1_142' title='bbox 1810 3054 1962 3115; x_wconf 89' lang='lat' dir='ltr'>tota</span> <span class='ocrx_word' id='word_1_143' title='bbox 2003 3048 2255 3116; x_wconf 85' lang='lat' dir='ltr'>matri-</span> 
     </span>
     <span class='ocr_line' id='line_1_25' title="bbox 625 3159 2252 3255; baseline -0.003 -22"><span class='ocrx_word' id='word_1_144' title='bbox 625 3190 727 3249; x_wconf 89' lang='lat' dir='ltr'>ce,</span> <span class='ocrx_word' id='word_1_145' title='bbox 765 3161 887 3233; x_wconf 88' lang='lat' dir='ltr'>sed</span> <span class='ocrx_word' id='word_1_146' title='bbox 931 3162 1003 3231; x_wconf 90' lang='lat' dir='ltr'>in</span> <span class='ocrx_word' id='word_1_147' title='bbox 1055 3161 1295 3255; x_wconf 88' lang='lat' dir='ltr'>aliqua</span> <span class='ocrx_word' id='word_1_148' title='bbox 1338 3169 1532 3254; x_wconf 87' lang='lat' dir='ltr'>parte</span> <span class='ocrx_word' id='word_1_149' title='bbox 1568 3159 1787 3253; x_wconf 90' lang='lat' dir='ltr'>ipsius</span> <span class='ocrx_word' id='word_1_150' title='bbox 1830 3182 2010 3252; x_wconf 88' lang='lat' dir='ltr'>opus</span> <span class='ocrx_word' id='word_1_151' title='bbox 2042 3182 2252 3228; x_wconf 86' lang='lat' dir='ltr'>suum</span> 
     </span>
     <span class='ocr_line' id='line_1_26' title="bbox 626 3266 2255 3366; baseline -0.002 -24"><span class='ocrx_word' id='word_1_152' title='bbox 626 3297 768 3342; x_wconf 87' lang='lat' dir='ltr'>non</span> <span class='ocrx_word' id='word_1_153' title='bbox 814 3270 1132 3366; x_wconf 88' lang='lat' dir='ltr'>impedit.</span> <span class='ocrx_word' id='word_1_154' title='bbox 1182 3269 1341 3339; x_wconf 76' lang='lat' dir='ltr'>Non</span> <span class='ocrx_word' id='word_1_155' title='bbox 1405 3271 1594 3338; x_wconf 90' lang='lat' dir='ltr'>euim</span> <span class='ocrx_word' id='word_1_156' title='bbox 1639 3266 2108 3361; x_wconf 79' lang='lat' dir='ltr'>improbabile</span> <span class='ocrx_word' id='word_1_157' title='bbox 2150 3278 2255 3338; x_wconf 91' lang='lat' dir='ltr'>est</span> 
     </span>
     <span class='ocr_line' id='line_1_27' title="bbox 624 3380 2253 3474; baseline -0.002 -20"><span class='ocrx_word' id='word_1_158' title='bbox 624 3383 865 3454; x_wconf 85' lang='lat' dir='ltr'>videre</span> <span class='ocrx_word' id='word_1_159' title='bbox 898 3381 1187 3453; x_wconf 88' lang='lat' dir='ltr'>oculum</span> <span class='ocrx_word' id='word_1_160' title='bbox 1235 3383 1393 3450; x_wconf 89' lang='lat' dir='ltr'>visu</span> <span class='ocrx_word' id='word_1_161' title='bbox 1453 3380 1642 3450; x_wconf 80' lang='lat' dir='ltr'>bono</span> <span class='ocrx_word' id='word_1_162' title='bbox 1715 3382 2043 3474; x_wconf 82' lang='lat' dir='ltr'>quamvis</span> <span class='ocrx_word' id='word_1_163' title='bbox 2087 3380 2253 3450; x_wconf 64' lang='lat' dir='ltr'>lxi-sa</span> 
     </span>
     <span class='ocr_line' id='line_1_28' title="bbox 625 3490 2248 3590; baseline -0.004 -25"><span class='ocrx_word' id='word_1_164' title='bbox 625 3499 710 3566; x_wconf 90' lang='lat' dir='ltr'>sit</span> <span class='ocrx_word' id='word_1_165' title='bbox 772 3495 1013 3590; x_wconf 84' lang='lat' dir='ltr'>aliqua</span> <span class='ocrx_word' id='word_1_166' title='bbox 1083 3495 1396 3588; x_wconf 88' lang='lat' dir='ltr'>partium</span> <span class='ocrx_word' id='word_1_167' title='bbox 1480 3493 1723 3588; x_wconf 65' lang='lat' dir='ltr'>ipsius,</span> <span class='ocrx_word' id='word_1_168' title='bbox 1791 3493 1846 3559; x_wconf 87' lang='lat' dir='ltr'>si</span> <span class='ocrx_word' id='word_1_169' title='bbox 1884 3491 1970 3559; x_wconf 90' lang='lat' dir='ltr'>sit</span> <span class='ocrx_word' id='word_1_170' title='bbox 2015 3490 2248 3585; x_wconf 86' lang='lat' dir='ltr'>aliqua</span> 
     </span>
     <span class='ocr_line' id='line_1_29' title="bbox 628 3603 2249 3699; baseline -0.002 -21"><span class='ocrx_word' id='word_1_171' title='bbox 628 3607 909 3678; x_wconf 86' lang='lat' dir='ltr'>macula</span> <span class='ocrx_word' id='word_1_172' title='bbox 1011 3607 1081 3676; x_wconf 88' lang='lat' dir='ltr'>in</span> <span class='ocrx_word' id='word_1_173' title='bbox 1191 3604 1499 3699; x_wconf 90' lang='lat' dir='ltr'>quadam</span> <span class='ocrx_word' id='word_1_174' title='bbox 1608 3603 1918 3698; x_wconf 89' lang='lat' dir='ltr'>partium</span> <span class='ocrx_word' id='word_1_175' title='bbox 2030 3605 2249 3697; x_wconf 90' lang='lat' dir='ltr'>ipsus.</span> 
     </span>
     <span class='ocr_line' id='line_1_30' title="bbox 624 3713 2251 3816; baseline -0.002 -27"><span class='ocrx_word' id='word_1_176' title='bbox 624 3745 783 3816; x_wconf 69' lang='lat' dir='ltr'>quae</span> <span class='ocrx_word' id='word_1_177' title='bbox 835 3744 978 3789; x_wconf 92' lang='lat' dir='ltr'>non</span> <span class='ocrx_word' id='word_1_178' title='bbox 1048 3714 1377 3814; x_wconf 84' lang='lat' dir='ltr'>prohibet</span> <span class='ocrx_word' id='word_1_179' title='bbox 1462 3718 1694 3810; x_wconf 90' lang='lat' dir='ltr'>ipsum</span> <span class='ocrx_word' id='word_1_180' title='bbox 1763 3713 2031 3785; x_wconf 88' lang='lat' dir='ltr'>videre.</span> <span class='ocrx_word' id='word_1_181' title='bbox 2099 3715 2251 3786; x_wconf 81' lang='lat' dir='ltr'>noe</span> 
     </span>
     <span class='ocr_line' id='line_1_31' title="bbox 621 3828 2254 3926; baseline -0.004 -24"><span class='ocrx_word' id='word_1_182' title='bbox 621 3842 861 3902; x_wconf 87' lang='lat' dir='ltr'>tamen</span> <span class='ocrx_word' id='word_1_183' title='bbox 946 3854 1345 3926; x_wconf 83' lang='lat' dir='ltr'>numquam</span> <span class='ocrx_word' id='word_1_184' title='bbox 1438 3828 1714 3909; x_wconf 87' lang='lat' dir='ltr'>accidit,</span> <span class='ocrx_word' id='word_1_185' title='bbox 1788 3828 1923 3897; x_wconf 90' lang='lat' dir='ltr'>nisi</span> <span class='ocrx_word' id='word_1_186' title='bbox 2019 3851 2254 3922; x_wconf 88' lang='lat' dir='ltr'>quan-</span> 
     </span>
     <span class='ocr_line' id='line_1_32' title="bbox 623 3942 2252 4038; baseline -0.004 -20"><span class='ocrx_word' id='word_1_187' title='bbox 623 3946 714 4018; x_wconf 88' lang='lat' dir='ltr'>do</span> <span class='ocrx_word' id='word_1_188' title='bbox 750 3946 1125 4018; x_wconf 87' lang='lat' dir='ltr'>intirmatis</span> <span class='ocrx_word' id='word_1_189' title='bbox 1179 3946 1456 4015; x_wconf 75' lang='lat' dir='ltr'>occasio</span> <span class='ocrx_word' id='word_1_190' title='bbox 1518 3969 1661 4014; x_wconf 89' lang='lat' dir='ltr'>non</span> <span class='ocrx_word' id='word_1_191' title='bbox 1711 3942 1999 4038; x_wconf 86' lang='lat' dir='ltr'>quidem</span> <span class='ocrx_word' id='word_1_192' title='bbox 2032 3952 2139 4014; x_wconf 90' lang='lat' dir='ltr'>est</span> <span class='ocrx_word' id='word_1_193' title='bbox 2183 3942 2252 4012; x_wconf 90' lang='lat' dir='ltr'>in</span> 
     </span>
     <span class='ocr_line' id='line_1_33' title="bbox 623 4052 2255 4153; baseline -0.004 -25"><span class='ocrx_word' id='word_1_194' title='bbox 623 4068 821 4153; x_wconf 89' lang='lat' dir='ltr'>parte</span> <span class='ocrx_word' id='word_1_195' title='bbox 855 4055 1077 4127; x_wconf 86' lang='lat' dir='ltr'>nobili</span> <span class='ocrx_word' id='word_1_196' title='bbox 1111 4055 1299 4127; x_wconf 84' lang='lat' dir='ltr'>oculi</span> <span class='ocrx_word' id='word_1_197' title='bbox 1342 4080 1429 4126; x_wconf 86' lang='lat' dir='ltr'>ex</span> <span class='ocrx_word' id='word_1_198' title='bbox 1491 4080 1631 4150; x_wconf 83' lang='lat' dir='ltr'>qua</span> <span class='ocrx_word' id='word_1_199' title='bbox 1699 4052 1977 4124; x_wconf 90' lang='lat' dir='ltr'>elicitur</span> <span class='ocrx_word' id='word_1_200' title='bbox 2008 4077 2255 4148; x_wconf 87' lang='lat' dir='ltr'>opera-</span> 
     </span>
     <span class='ocr_line' id='line_1_34' title="bbox 618 4165 2251 4263; baseline -0.003 -22"><span class='ocrx_word' id='word_1_201' title='bbox 618 4170 719 4241; x_wconf 92' lang='lat' dir='ltr'>tio</span> <span class='ocrx_word' id='word_1_202' title='bbox 763 4170 982 4251; x_wconf 87' lang='lat' dir='ltr'>bona,</span> <span class='ocrx_word' id='word_1_203' title='bbox 1044 4167 1283 4239; x_wconf 89' lang='lat' dir='ltr'>sedin</span> <span class='ocrx_word' id='word_1_204' title='bbox 1345 4165 1582 4263; x_wconf 87' lang='lat' dir='ltr'>aliqua</span> <span class='ocrx_word' id='word_1_205' title='bbox 1633 4165 1768 4237; x_wconf 88' lang='lat' dir='ltr'>alia</span> <span class='ocrx_word' id='word_1_206' title='bbox 1840 4168 2251 4260; x_wconf 82' lang='lat' dir='ltr'>operatione</span> 
     </span>
     <span class='ocr_line' id='line_1_35' title="bbox 621 4279 2252 4379; baseline -0.005 -22"><span class='ocrx_word' id='word_1_207' title='bbox 621 4310 765 4357; x_wconf 87' lang='lat' dir='ltr'>non</span> <span class='ocrx_word' id='word_1_208' title='bbox 806 4283 1264 4379; x_wconf 79' lang='lat' dir='ltr'>impediente.</span> <span class='ocrx_word' id='word_1_209' title='bbox 1316 4280 1565 4353; x_wconf 84' lang='lat' dir='ltr'>Simile</span> <span class='ocrx_word' id='word_1_210' title='bbox 1616 4291 1853 4351; x_wconf 86' lang='lat' dir='ltr'>autem</span> <span class='ocrx_word' id='word_1_211' title='bbox 1902 4279 2252 4371; x_wconf 88' lang='lat' dir='ltr'>judicium</span> 
     </span>
     <span class='ocr_line' id='line_1_36' title="bbox 620 4397 1638 4495; baseline -0.004 -26"><span class='ocrx_word' id='word_1_212' title='bbox 620 4425 747 4495; x_wconf 91' lang='lat' dir='ltr'>per</span> <span class='ocrx_word' id='word_1_213' title='bbox 776 4400 1022 4469; x_wconf 85' lang='lat' dir='ltr'>onmia</span> <span class='ocrx_word' id='word_1_214' title='bbox 1055 4408 1158 4468; x_wconf 90' lang='lat' dir='ltr'>est</span> <span class='ocrx_word' id='word_1_215' title='bbox 1203 4397 1289 4466; x_wconf 82' lang='lat' dir='ltr'>de</span> <span class='ocrx_word' id='word_1_216' title='bbox 1321 4397 1638 4467; x_wconf 79' lang='lat' dir='ltr'>matrice.</span> 
     </span>
    </p>

    <p class='ocr_par' dir='ltr' id='par_1_4' title="bbox 614 4508 2257 6068">
     <span class='ocr_line' id='line_1_37' title="bbox 714 4508 2254 4606; baseline -0.003 -23"><span class='ocrx_word' id='word_1_217' title='bbox 714 4511 976 4583; x_wconf 82' lang='lat' dir='ltr'>Matrix</span> <span class='ocrx_word' id='word_1_218' title='bbox 1037 4512 1258 4606; x_wconf 79' lang='lat' dir='ltr'>igitur</span> <span class='ocrx_word' id='word_1_219' title='bbox 1313 4533 1441 4605; x_wconf 88' lang='lat' dir='ltr'>per</span> <span class='ocrx_word' id='word_1_220' title='bbox 1489 4511 1733 4580; x_wconf 87' lang='lat' dir='ltr'>omnia</span> <span class='ocrx_word' id='word_1_221' title='bbox 1790 4533 1965 4579; x_wconf 87' lang='lat' dir='ltr'>sana</span> <span class='ocrx_word' id='word_1_222' title='bbox 2042 4508 2254 4580; x_wconf 89' lang='lat' dir='ltr'>debet</span> 
     </span>
     <span class='ocr_line' id='line_1_38' title="bbox 624 4622 2256 4722; baseline -0.001 -28"><span class='ocrx_word' id='word_1_223' title='bbox 624 4626 855 4722; x_wconf 90' lang='lat' dir='ltr'>primo</span> <span class='ocrx_word' id='word_1_224' title='bbox 897 4625 1186 4720; x_wconf 86' lang='lat' dir='ltr'>quidem</span> <span class='ocrx_word' id='word_1_225' title='bbox 1220 4625 1355 4694; x_wconf 89' lang='lat' dir='ltr'>sita</span> <span class='ocrx_word' id='word_1_226' title='bbox 1392 4648 1544 4694; x_wconf 83' lang='lat' dir='ltr'>esse</span> <span class='ocrx_word' id='word_1_227' title='bbox 1580 4626 1650 4694; x_wconf 93' lang='lat' dir='ltr'>in</span> <span class='ocrx_word' id='word_1_228' title='bbox 1708 4622 1864 4693; x_wconf 88' lang='lat' dir='ltr'>loco</span> <span class='ocrx_word' id='word_1_229' title='bbox 1897 4623 2018 4718; x_wconf 85' lang='lat' dir='ltr'>qui</span> <span class='ocrx_word' id='word_1_230' title='bbox 2051 4648 2256 4693; x_wconf 86' lang='lat' dir='ltr'>com-</span> 
     </span>
     <span class='ocr_line' id='line_1_39' title="bbox 616 4737 2253 4835; baseline -0.003 -23"><span class='ocrx_word' id='word_1_231' title='bbox 616 4737 2253 4835; x_wconf 84' lang='lat' dir='ltr'>petitetsecundumnaturampositionismem·</span> 
     </span>
     <span class='ocr_line' id='line_1_40' title="bbox 614 4849 2254 4945; baseline -0.001 -22"><span class='ocrx_word' id='word_1_232' title='bbox 614 4854 909 4923; x_wconf 85' lang='lat' dir='ltr'>brorum</span> <span class='ocrx_word' id='word_1_233' title='bbox 944 4849 1032 4921; x_wconf 88' lang='lat' dir='ltr'>ad</span> <span class='ocrx_word' id='word_1_234' title='bbox 1081 4851 1283 4921; x_wconf 79' lang='lat' dir='ltr'>facile</span> <span class='ocrx_word' id='word_1_235' title='bbox 1315 4853 1715 4945; x_wconf 82' lang='lat' dir='ltr'>concipere,</span> <span class='ocrx_word' id='word_1_236' title='bbox 1773 4860 1836 4921; x_wconf 89' lang='lat' dir='ltr'>et</span> <span class='ocrx_word' id='word_1_237' title='bbox 1884 4850 2061 4921; x_wconf 83' lang='lat' dir='ltr'>bene</span> <span class='ocrx_word' id='word_1_238' title='bbox 2089 4877 2254 4921; x_wconf 77' lang='lat' dir='ltr'>ron-</span> 
     </span>
     <span class='ocr_line' id='line_1_41' title="bbox 615 4963 2254 5059; baseline -0.001 -24"><span class='ocrx_word' id='word_1_239' title='bbox 615 4971 899 5059; x_wconf 87' lang='lat' dir='ltr'>ceptum</span> <span class='ocrx_word' id='word_1_240' title='bbox 926 4971 1197 5045; x_wconf 87' lang='lat' dir='ltr'>tenere,</span> <span class='ocrx_word' id='word_1_241' title='bbox 1225 4963 1321 5033; x_wconf 90' lang='lat' dir='ltr'>ita</span> <span class='ocrx_word' id='word_1_242' title='bbox 1343 4963 1536 5058; x_wconf 87' lang='lat' dir='ltr'>quod</span> <span class='ocrx_word' id='word_1_243' title='bbox 1582 4965 1760 5033; x_wconf 88' lang='lat' dir='ltr'>situs</span> <span class='ocrx_word' id='word_1_244' title='bbox 1801 4963 1955 5055; x_wconf 89' lang='lat' dir='ltr'>ejus</span> <span class='ocrx_word' id='word_1_245' title='bbox 1987 4989 2131 5032; x_wconf 91' lang='lat' dir='ltr'>non</span> <span class='ocrx_word' id='word_1_246' title='bbox 2164 4964 2254 5033; x_wconf 89' lang='lat' dir='ltr'>sit</span> 
     </span>
     <span class='ocr_line' id='line_1_42' title="bbox 617 5076 2252 5171; baseline 0.001 -26"><span class='ocrx_word' id='word_1_247' title='bbox 617 5076 941 5147; x_wconf 87' lang='lat' dir='ltr'>diversus</span> <span class='ocrx_word' id='word_1_248' title='bbox 975 5079 1047 5147; x_wconf 90' lang='lat' dir='ltr'>in</span> <span class='ocrx_word' id='word_1_249' title='bbox 1081 5076 1428 5171; x_wconf 88' lang='lat' dir='ltr'>partibus,</span> <span class='ocrx_word' id='word_1_250' title='bbox 1496 5077 1590 5147; x_wconf 91' lang='lat' dir='ltr'>ita</span> <span class='ocrx_word' id='word_1_251' title='bbox 1624 5076 1818 5171; x_wconf 87' lang='lat' dir='ltr'>quod</span> <span class='ocrx_word' id='word_1_252' title='bbox 1889 5101 2031 5147; x_wconf 88' lang='lat' dir='ltr'>una</span> <span class='ocrx_word' id='word_1_253' title='bbox 2090 5102 2252 5171; x_wconf 89' lang='lat' dir='ltr'>pars</span> 
     </span>
     <span class='ocr_line' id='line_1_43' title="bbox 618 5186 2251 5282; baseline 0.001 -25"><span class='ocrx_word' id='word_1_254' title='bbox 618 5187 842 5282; x_wconf 88' lang='lat' dir='ltr'>ipsius</span> <span class='ocrx_word' id='word_1_255' title='bbox 876 5187 1055 5257; x_wconf 87' lang='lat' dir='ltr'>l&#39;orte</span> <span class='ocrx_word' id='word_1_256' title='bbox 1087 5187 1304 5257; x_wconf 90' lang='lat' dir='ltr'>nimis</span> <span class='ocrx_word' id='word_1_257' title='bbox 1345 5194 1448 5258; x_wconf 88' lang='lat' dir='ltr'>est</span> <span class='ocrx_word' id='word_1_258' title='bbox 1483 5186 1832 5281; x_wconf 74' lang='lat' dir='ltr'>profunda</span> <span class='ocrx_word' id='word_1_259' title='bbox 1872 5196 1939 5256; x_wconf 87' lang='lat' dir='ltr'>et</span> <span class='ocrx_word' id='word_1_260' title='bbox 1982 5186 2148 5268; x_wconf 88' lang='lat' dir='ltr'>alta,</span> <span class='ocrx_word' id='word_1_261' title='bbox 2186 5197 2251 5258; x_wconf 90' lang='lat' dir='ltr'>et</span> 
     </span>
     <span class='ocr_line' id='line_1_44' title="bbox 619 5294 2253 5392; baseline -0.001 -25"><span class='ocrx_word' id='word_1_262' title='bbox 619 5296 842 5369; x_wconf 88' lang='lat' dir='ltr'>altera</span> <span class='ocrx_word' id='word_1_263' title='bbox 898 5294 1209 5368; x_wconf 88' lang='lat' dir='ltr'>demissa</span> <span class='ocrx_word' id='word_1_264' title='bbox 1296 5297 1369 5367; x_wconf 92' lang='lat' dir='ltr'>in</span> <span class='ocrx_word' id='word_1_265' title='bbox 1448 5297 1739 5392; x_wconf 79' lang='lat' dir='ltr'>inguen.</span> <span class='ocrx_word' id='word_1_266' title='bbox 1817 5295 1967 5365; x_wconf 78' lang='lat' dir='ltr'>Erit</span> <span class='ocrx_word' id='word_1_267' title='bbox 2039 5296 2253 5367; x_wconf 87' lang='lat' dir='ltr'>etiam</span> 
     </span>
     <span class='ocr_line' id='line_1_45' title="bbox 620 5407 2256 5505; baseline -0.002 -26"><span class='ocrx_word' id='word_1_268' title='bbox 620 5409 1054 5505; x_wconf 88' lang='lat' dir='ltr'>quandoque</span> <span class='ocrx_word' id='word_1_269' title='bbox 1077 5408 1336 5480; x_wconf 85' lang='lat' dir='ltr'>matrix</span> <span class='ocrx_word' id='word_1_270' title='bbox 1358 5416 1625 5481; x_wconf 88' lang='lat' dir='ltr'>remota</span> <span class='ocrx_word' id='word_1_271' title='bbox 1645 5407 1857 5479; x_wconf 92' lang='lat' dir='ltr'>aloco</span> <span class='ocrx_word' id='word_1_272' title='bbox 1881 5408 2256 5503; x_wconf 77' lang='lat' dir='ltr'>positionis</span> 
     </span>
     <span class='ocr_line' id='line_1_46' title="bbox 622 5516 2251 5602; baseline -0.001 -14"><span class='ocrx_word' id='word_1_273' title='bbox 622 5541 769 5589; x_wconf 80' lang='lat' dir='ltr'>suae</span> <span class='ocrx_word' id='word_1_274' title='bbox 800 5516 1172 5602; x_wconf 78' lang='lat' dir='ltr'>naturaliS,</span> <span class='ocrx_word' id='word_1_275' title='bbox 1199 5518 1415 5589; x_wconf 87' lang='lat' dir='ltr'>autin</span> <span class='ocrx_word' id='word_1_276' title='bbox 1446 5516 1697 5599; x_wconf 87' lang='lat' dir='ltr'>altum,</span> <span class='ocrx_word' id='word_1_277' title='bbox 1738 5524 1862 5587; x_wconf 90' lang='lat' dir='ltr'>aut</span> <span class='ocrx_word' id='word_1_278' title='bbox 1892 5517 1965 5586; x_wconf 88' lang='lat' dir='ltr'>in</span> <span class='ocrx_word' id='word_1_279' title='bbox 1999 5517 2251 5600; x_wconf 85' lang='lat' dir='ltr'>imum,</span> 
     </span>
     <span class='ocr_line' id='line_1_47' title="bbox 621 5631 2253 5726; baseline -0.001 -24"><span class='ocrx_word' id='word_1_280' title='bbox 621 5640 742 5703; x_wconf 89' lang='lat' dir='ltr'>aut</span> <span class='ocrx_word' id='word_1_281' title='bbox 814 5632 887 5702; x_wconf 89' lang='lat' dir='ltr'>in</span> <span class='ocrx_word' id='word_1_282' title='bbox 927 5639 1415 5705; x_wconf 86' lang='lat' dir='ltr'>transversum</span> <span class='ocrx_word' id='word_1_283' title='bbox 1487 5631 1755 5726; x_wconf 89' lang='lat' dir='ltr'>absque</span> <span class='ocrx_word' id='word_1_284' title='bbox 1810 5632 2008 5703; x_wconf 86' lang='lat' dir='ltr'>omni</span> <span class='ocrx_word' id='word_1_285' title='bbox 2060 5632 2253 5701; x_wconf 81' lang='lat' dir='ltr'>intir-</span> 
     </span>
     <span class='ocr_line' id='line_1_48' title="bbox 619 5745 2257 5827; baseline 0 -11"><span class='ocrx_word' id='word_1_286' title='bbox 619 5745 867 5817; x_wconf 88' lang='lat' dir='ltr'>mitate</span> <span class='ocrx_word' id='word_1_287' title='bbox 882 5755 951 5816; x_wconf 89' lang='lat' dir='ltr'>et</span> <span class='ocrx_word' id='word_1_288' title='bbox 962 5746 1238 5818; x_wconf 78' lang='lat' dir='ltr'>defectu</span> <span class='ocrx_word' id='word_1_289' title='bbox 1254 5745 1666 5817; x_wconf 61' lang='lat' dir='ltr'>substantia}</span> <span class='ocrx_word' id='word_1_290' title='bbox 1678 5745 2014 5816; x_wconf 83' lang='lat' dir='ltr'>matricis.</span> <span class='ocrx_word' id='word_1_291' title='bbox 2045 5745 2257 5827; x_wconf 79' lang='lat' dir='ltr'>Quod</span> 
     </span>
     <span class='ocr_line' id='line_1_49' title="bbox 621 5857 2256 5931; baseline -0.001 -2"><span class='ocrx_word' id='word_1_292' title='bbox 621 5868 863 5931; x_wconf 89' lang='lat' dir='ltr'>autem</span> <span class='ocrx_word' id='word_1_293' title='bbox 888 5860 1152 5930; x_wconf 81' lang='lat' dir='ltr'>matrix</span> <span class='ocrx_word' id='word_1_294' title='bbox 1181 5858 1436 5931; x_wconf 86' lang='lat' dir='ltr'>debeat</span> <span class='ocrx_word' id='word_1_295' title='bbox 1464 5882 1616 5931; x_wconf 87' lang='lat' dir='ltr'>esse</span> <span class='ocrx_word' id='word_1_296' title='bbox 1636 5860 1774 5930; x_wconf 87' lang='lat' dir='ltr'>sita</span> <span class='ocrx_word' id='word_1_297' title='bbox 1805 5859 1877 5929; x_wconf 88' lang='lat' dir='ltr'>in</span> <span class='ocrx_word' id='word_1_298' title='bbox 1893 5857 2054 5929; x_wconf 90' lang='lat' dir='ltr'>loco</span> <span class='ocrx_word' id='word_1_299' title='bbox 2076 5881 2256 5929; x_wconf 88' lang='lat' dir='ltr'>con-</span> 
     </span>
     <span class='ocr_line' id='line_1_50' title="bbox 617 5955 2254 6068; baseline 0.001 -26"><span class='ocrx_word' id='word_1_300' title='bbox 617 5972 964 6057; x_wconf 87' lang='lat' dir='ltr'>venienti,</span> <span class='ocrx_word' id='word_1_301' title='bbox 1002 5995 1093 6044; x_wconf 85' lang='lat' dir='ltr'>ex</span> <span class='ocrx_word' id='word_1_302' title='bbox 1123 5968 1263 6043; x_wconf 86' lang='lat' dir='ltr'>hoc</span> <span class='ocrx_word' id='word_1_303' title='bbox 1282 5979 1535 6043; x_wconf 89' lang='lat' dir='ltr'>notum</span> <span class='ocrx_word' id='word_1_304' title='bbox 1557 5995 1710 6044; x_wconf 85' lang='lat' dir='ltr'>esse</span> <span class='ocrx_word' id='word_1_305' title='bbox 1724 5955 1998 6068; x_wconf 56' lang='lat' dir='ltr'>&#39;poterit</span> <span class='ocrx_word' id='word_1_306' title='bbox 2023 5996 2040 6043; x_wconf 90' lang='lat'>:</span> <span class='ocrx_word' id='word_1_307' title='bbox 2076 5994 2254 6067; x_wconf 88' lang='lat' dir='ltr'>quo·</span> 
     </span>
    </p>
   </div>
   <div class='ocr_carea' id='block_1_3' title="bbox 1676 375 2947 451">
    <p class='ocr_par' dir='ltr' id='par_1_5' title="bbox 1676 375 2947 451">
     <span class='ocr_line' id='line_1_51' title="bbox 1676 375 2947 451; baseline 0.003 -5"><span class='ocrx_word' id='word_1_308' title='bbox 1676 378 1762 449; x_wconf 92' lang='lat' dir='ltr'>D.</span> <span class='ocrx_word' id='word_1_309' title='bbox 1816 377 2025 449; x_wconf 75' lang='lat' dir='ltr'>ALB.</span> <span class='ocrx_word' id='word_1_310' title='bbox 2082 375 2309 446; x_wconf 85' lang='lat' dir='ltr'>MAG.</span> <span class='ocrx_word' id='word_1_311' title='bbox 2367 376 2581 451; x_wconf 83' lang='lat' dir='ltr'>ORD.</span> <span class='ocrx_word' id='word_1_312' title='bbox 2639 378 2947 450; x_wconf 82' lang='lat' dir='ltr'>PRAED.</span> 
     </span>
    </p>
   </div>
   <div class='ocr_carea' id='block_1_4' title="bbox 2362 560 4017 6070">
    <p class='ocr_par' dir='ltr' id='par_1_6' title="bbox 2362 560 4017 5394">
     <span class='ocr_line' id='line_1_52' title="bbox 2374 560 4006 658; baseline 0.006 -31"><span class='ocrx_word' id='word_1_313' title='bbox 2374 560 2564 628; x_wconf 90' lang='lat' dir='ltr'>niam</span> <span class='ocrx_word' id='word_1_314' title='bbox 2594 563 2650 629; x_wconf 88' lang='lat' dir='ltr'>si</span> <span class='ocrx_word' id='word_1_315' title='bbox 2712 561 2969 630; x_wconf 88' lang='lat' dir='ltr'>matrix</span> <span class='ocrx_word' id='word_1_316' title='bbox 3010 562 3218 632; x_wconf 87' lang='lat' dir='ltr'>suerit</span> <span class='ocrx_word' id='word_1_317' title='bbox 3262 564 3660 658; x_wconf 81' lang='lat' dir='ltr'>longinqua</span> <span class='ocrx_word' id='word_1_318' title='bbox 3701 566 3930 636; x_wconf 78' lang='lat' dir='ltr'>aloen</span> <span class='ocrx_word' id='word_1_319' title='bbox 3968 592 4006 636; x_wconf 93' lang='lat' dir='ltr'>a</span> 
     </span>
     <span class='ocr_line' id='line_1_53' title="bbox 2377 672 4009 769; baseline 0.006 -31"><span class='ocrx_word' id='word_1_320' title='bbox 2377 695 2517 764; x_wconf 92' lang='lat' dir='ltr'>quo</span> <span class='ocrx_word' id='word_1_321' title='bbox 2564 674 2817 764; x_wconf 86' lang='lat' dir='ltr'>poterit</span> <span class='ocrx_word' id='word_1_322' title='bbox 2878 672 3157 744; x_wconf 88' lang='lat' dir='ltr'>trahere</span> <span class='ocrx_word' id='word_1_323' title='bbox 3219 701 3529 769; x_wconf 88' lang='lat' dir='ltr'>sperma,</span> <span class='ocrx_word' id='word_1_324' title='bbox 3597 683 3775 749; x_wconf 89' lang='lat' dir='ltr'>sicut</span> <span class='ocrx_word' id='word_1_325' title='bbox 3842 687 4009 748; x_wconf 85' lang='lat' dir='ltr'>sunt</span> 
     </span>
     <span class='ocr_line' id='line_1_54' title="bbox 2374 785 4006 878; baseline 0.008 -27"><span class='ocrx_word' id='word_1_326' title='bbox 2374 785 2739 878; x_wconf 63' lang='lat' dir='ltr'>profundae</span> <span class='ocrx_word' id='word_1_327' title='bbox 2807 787 3048 856; x_wconf 79' lang='lat' dir='ltr'>multae</span> <span class='ocrx_word' id='word_1_328' title='bbox 3108 790 3467 872; x_wconf 81' lang='lat' dir='ltr'>matriceS,</span> <span class='ocrx_word' id='word_1_329' title='bbox 3554 817 3698 862; x_wconf 92' lang='lat' dir='ltr'>non</span> <span class='ocrx_word' id='word_1_330' title='bbox 3759 793 4006 863; x_wconf 85' lang='lat' dir='ltr'>trahe-</span> 
     </span>
     <span class='ocr_line' id='line_1_55' title="bbox 2374 899 4005 994; baseline 0.004 -29"><span class='ocrx_word' id='word_1_331' title='bbox 2374 905 2478 966; x_wconf 88' lang='lat' dir='ltr'>ret</span> <span class='ocrx_word' id='word_1_332' title='bbox 2519 921 2822 990; x_wconf 77' lang='lat' dir='ltr'>sperma,</span> <span class='ocrx_word' id='word_1_333' title='bbox 2870 906 2939 966; x_wconf 89' lang='lat' dir='ltr'>et</span> <span class='ocrx_word' id='word_1_334' title='bbox 2979 899 3233 968; x_wconf 91' lang='lat' dir='ltr'>accidit</span> <span class='ocrx_word' id='word_1_335' title='bbox 3265 902 3860 994; x_wconf 87' lang='lat' dir='ltr'>impedimentum</span> <span class='ocrx_word' id='word_1_336' title='bbox 3895 904 4005 972; x_wconf 90' lang='lat' dir='ltr'>sui</span> 
     </span>
     <span class='ocr_line' id='line_1_56' title="bbox 2375 1010 4005 1109; baseline 0.005 -32"><span class='ocrx_word' id='word_1_337' title='bbox 2375 1011 2634 1103; x_wconf 83' lang='lat' dir='ltr'>operiS.</span> <span class='ocrx_word' id='word_1_338' title='bbox 2676 1010 2751 1077; x_wconf 78' lang='lat' dir='ltr'>Si</span> <span class='ocrx_word' id='word_1_339' title='bbox 2801 1018 3041 1079; x_wconf 89' lang='lat' dir='ltr'>autem</span> <span class='ocrx_word' id='word_1_340' title='bbox 3093 1011 3305 1081; x_wconf 85' lang='lat' dir='ltr'>fuerit</span> <span class='ocrx_word' id='word_1_341' title='bbox 3359 1014 3668 1084; x_wconf 87' lang='lat' dir='ltr'>multum</span> <span class='ocrx_word' id='word_1_342' title='bbox 3712 1020 4005 1109; x_wconf 90' lang='lat' dir='ltr'>propin-</span> 
     </span>
     <span class='ocr_line' id='line_1_57' title="bbox 2377 1121 4012 1217; baseline 0.002 -27"><span class='ocrx_word' id='word_1_343' title='bbox 2377 1146 2514 1215; x_wconf 87' lang='lat' dir='ltr'>qua</span> <span class='ocrx_word' id='word_1_344' title='bbox 2592 1121 2973 1216; x_wconf 89' lang='lat' dir='ltr'>plusquam</span> <span class='ocrx_word' id='word_1_345' title='bbox 3023 1123 3376 1217; x_wconf 88' lang='lat' dir='ltr'>expediat,</span> <span class='ocrx_word' id='word_1_346' title='bbox 3424 1128 3607 1195; x_wconf 89' lang='lat' dir='ltr'>sicut</span> <span class='ocrx_word' id='word_1_347' title='bbox 3667 1136 3834 1197; x_wconf 90' lang='lat' dir='ltr'>sunt</span> <span class='ocrx_word' id='word_1_348' title='bbox 3894 1128 4012 1196; x_wconf 79' lang='lat' dir='ltr'>de-</span> 
     </span>
     <span class='ocr_line' id='line_1_58' title="bbox 2376 1233 3998 1319; baseline 0.003 -16"><span class='ocrx_word' id='word_1_349' title='bbox 2376 1233 2786 1304; x_wconf 83' lang='lat' dir='ltr'>scendentes</span> <span class='ocrx_word' id='word_1_350' title='bbox 2819 1234 2892 1303; x_wconf 91' lang='lat' dir='ltr'>in</span> <span class='ocrx_word' id='word_1_351' title='bbox 2933 1234 3198 1304; x_wconf 89' lang='lat' dir='ltr'>collum</span> <span class='ocrx_word' id='word_1_352' title='bbox 3231 1236 3468 1306; x_wconf 80' lang='lat' dir='ltr'>vulvae</span> <span class='ocrx_word' id='word_1_353' title='bbox 3502 1238 3998 1319; x_wconf 84' lang='lat' dir='ltr'>matrices,e1·it</span> 
     </span>
     <span class='ocr_line' id='line_1_59' title="bbox 2376 1346 4002 1444; baseline 0.005 -30"><span class='ocrx_word' id='word_1_354' title='bbox 2376 1346 2632 1415; x_wconf 89' lang='lat' dir='ltr'>matrix</span> <span class='ocrx_word' id='word_1_355' title='bbox 2701 1371 2787 1416; x_wconf 90' lang='lat' dir='ltr'>ex</span> <span class='ocrx_word' id='word_1_356' title='bbox 2847 1356 3036 1417; x_wconf 89' lang='lat' dir='ltr'>tactu</span> <span class='ocrx_word' id='word_1_357' title='bbox 3100 1350 3325 1418; x_wconf 91' lang='lat' dir='ltr'>nimio</span> <span class='ocrx_word' id='word_1_358' title='bbox 3360 1359 3426 1418; x_wconf 89' lang='lat' dir='ltr'>et</span> <span class='ocrx_word' id='word_1_359' title='bbox 3470 1352 4002 1444; x_wconf 80' lang='lat' dir='ltr'>compressione</span> 
     </span>
     <span class='ocr_line' id='line_1_60' title="bbox 2376 1461 4011 1559; baseline 0.003 -30"><span class='ocrx_word' id='word_1_360' title='bbox 2376 1462 2573 1553; x_wconf 85' lang='lat' dir='ltr'>quasi</span> <span class='ocrx_word' id='word_1_361' title='bbox 2618 1461 3073 1549; x_wconf 76' lang='lat' dir='ltr'>insensibilis,</span> <span class='ocrx_word' id='word_1_362' title='bbox 3128 1472 3198 1532; x_wconf 90' lang='lat' dir='ltr'>et</span> <span class='ocrx_word' id='word_1_363' title='bbox 3267 1472 3436 1534; x_wconf 92' lang='lat' dir='ltr'>tunc</span> <span class='ocrx_word' id='word_1_364' title='bbox 3499 1465 3756 1534; x_wconf 87' lang='lat' dir='ltr'>iterum</span> <span class='ocrx_word' id='word_1_365' title='bbox 3818 1489 4011 1559; x_wconf 89' lang='lat' dir='ltr'>sper-</span> 
     </span>
     <span class='ocr_line' id='line_1_61' title="bbox 2374 1575 4010 1674; baseline 0.004 -32"><span class='ocrx_word' id='word_1_366' title='bbox 2374 1597 2492 1643; x_wconf 91' lang='lat' dir='ltr'>ma</span> <span class='ocrx_word' id='word_1_367' title='bbox 2531 1599 2673 1644; x_wconf 91' lang='lat' dir='ltr'>non</span> <span class='ocrx_word' id='word_1_368' title='bbox 2706 1575 2960 1645; x_wconf 83' lang='lat' dir='ltr'>trahit:</span> <span class='ocrx_word' id='word_1_369' title='bbox 2999 1585 3070 1646; x_wconf 90' lang='lat' dir='ltr'>et</span> <span class='ocrx_word' id='word_1_370' title='bbox 3130 1577 3383 1648; x_wconf 87' lang='lat' dir='ltr'>accidit</span> <span class='ocrx_word' id='word_1_371' title='bbox 3435 1578 3794 1664; x_wconf 89' lang='lat' dir='ltr'>sterilitas,</span> <span class='ocrx_word' id='word_1_372' title='bbox 3841 1582 4010 1674; x_wconf 90' lang='lat' dir='ltr'>quia</span> 
     </span>
     <span class='ocr_line' id='line_1_62' title="bbox 2374 1687 4010 1786; baseline 0.004 -31"><span class='ocrx_word' id='word_1_373' title='bbox 2374 1687 2657 1780; x_wconf 92' lang='lat' dir='ltr'>quando</span> <span class='ocrx_word' id='word_1_374' title='bbox 2700 1696 2805 1757; x_wconf 90' lang='lat' dir='ltr'>est</span> <span class='ocrx_word' id='word_1_375' title='bbox 2833 1689 3290 1771; x_wconf 73' lang='lat' dir='ltr'>insensibiliS,</span> <span class='ocrx_word' id='word_1_376' title='bbox 3329 1715 3476 1761; x_wconf 91' lang='lat' dir='ltr'>non</span> <span class='ocrx_word' id='word_1_377' title='bbox 3509 1694 3651 1762; x_wconf 92' lang='lat' dir='ltr'>cito</span> <span class='ocrx_word' id='word_1_378' title='bbox 3688 1694 4010 1786; x_wconf 90' lang='lat' dir='ltr'>aperitur</span> 
     </span>
     <span class='ocr_line' id='line_1_63' title="bbox 2374 1800 4009 1895; baseline 0.004 -27"><span class='ocrx_word' id='word_1_379' title='bbox 2374 1800 2463 1868; x_wconf 88' lang='lat' dir='ltr'>ad</span> <span class='ocrx_word' id='word_1_380' title='bbox 2494 1801 2888 1895; x_wconf 78' lang='lat' dir='ltr'>sugendum</span> <span class='ocrx_word' id='word_1_381' title='bbox 2922 1825 3227 1895; x_wconf 85' lang='lat' dir='ltr'>sperma.</span> <span class='ocrx_word' id='word_1_382' title='bbox 3271 1802 3348 1872; x_wconf 86' lang='lat' dir='ltr'>Si</span> <span class='ocrx_word' id='word_1_383' title='bbox 3389 1813 3628 1874; x_wconf 89' lang='lat' dir='ltr'>autem</span> <span class='ocrx_word' id='word_1_384' title='bbox 3672 1804 4009 1875; x_wconf 88' lang='lat' dir='ltr'>substan-</span> 
     </span>
     <span class='ocr_line' id='line_1_64' title="bbox 2375 1915 4009 2010; baseline 0.003 -28"><span class='ocrx_word' id='word_1_385' title='bbox 2375 1916 2470 1983; x_wconf 91' lang='lat' dir='ltr'>tia</span> <span class='ocrx_word' id='word_1_386' title='bbox 2547 1915 2855 1984; x_wconf 88' lang='lat' dir='ltr'>matricis</span> <span class='ocrx_word' id='word_1_387' title='bbox 2949 1940 3124 1984; x_wconf 86' lang='lat' dir='ltr'>sana</span> <span class='ocrx_word' id='word_1_388' title='bbox 3204 1918 3321 1998; x_wconf 90' lang='lat' dir='ltr'>sit,</span> <span class='ocrx_word' id='word_1_389' title='bbox 3408 1927 3476 1987; x_wconf 91' lang='lat' dir='ltr'>et</span> <span class='ocrx_word' id='word_1_390' title='bbox 3574 1920 3750 1989; x_wconf 89' lang='lat' dir='ltr'>situs</span> <span class='ocrx_word' id='word_1_391' title='bbox 3857 1918 4009 2010; x_wconf 84' lang='lat' dir='ltr'>ejus</span> 
     </span>
     <span class='ocr_line' id='line_1_65' title="bbox 2374 2027 4008 2114; baseline 0.001 -16"><span class='ocrx_word' id='word_1_392' title='bbox 2374 2027 2829 2114; x_wconf 84' lang='lat' dir='ltr'>conveniens,</span> <span class='ocrx_word' id='word_1_393' title='bbox 2882 2027 3115 2098; x_wconf 86' lang='lat' dir='ltr'>adhuc</span> <span class='ocrx_word' id='word_1_394' title='bbox 3154 2030 3753 2101; x_wconf 81' lang='lat' dir='ltr'>considerandum</span> <span class='ocrx_word' id='word_1_395' title='bbox 3788 2041 3886 2101; x_wconf 87' lang='lat' dir='ltr'>est</span> <span class='ocrx_word' id='word_1_396' title='bbox 3939 2032 4008 2100; x_wconf 89' lang='lat' dir='ltr'>in</span> 
     </span>
     <span class='ocr_line' id='line_1_66' title="bbox 2374 2141 4012 2238; baseline 0.002 -27"><span class='ocrx_word' id='word_1_397' title='bbox 2374 2150 2743 2211; x_wconf 90' lang='lat' dir='ltr'>menstruo</span> <span class='ocrx_word' id='word_1_398' title='bbox 2794 2141 3170 2235; x_wconf 77' lang='lat' dir='ltr'>sanguine,</span> <span class='ocrx_word' id='word_1_399' title='bbox 3238 2143 3433 2236; x_wconf 90' lang='lat' dir='ltr'>quod</span> <span class='ocrx_word' id='word_1_400' title='bbox 3493 2147 3726 2238; x_wconf 91' lang='lat' dir='ltr'>ipsum</span> <span class='ocrx_word' id='word_1_401' title='bbox 3800 2146 4012 2215; x_wconf 82' lang='lat' dir='ltr'>etiam</span> 
     </span>
     <span class='ocr_line' id='line_1_67' title="bbox 2377 2253 4017 2348; baseline 0.002 -25"><span class='ocrx_word' id='word_1_402' title='bbox 2377 2256 2556 2323; x_wconf 88' lang='lat' dir='ltr'>lluat</span> <span class='ocrx_word' id='word_1_403' title='bbox 2586 2253 2975 2323; x_wconf 78' lang='lat' dir='ltr'>seeundum</span> <span class='ocrx_word' id='word_1_404' title='bbox 2994 2254 3501 2348; x_wconf 88' lang='lat' dir='ltr'>dispositiones</span> <span class='ocrx_word' id='word_1_405' title='bbox 3531 2257 3758 2327; x_wconf 88' lang='lat' dir='ltr'>bonas</span> <span class='ocrx_word' id='word_1_406' title='bbox 3791 2267 3854 2326; x_wconf 81' lang='lat' dir='ltr'>et</span> <span class='ocrx_word' id='word_1_407' title='bbox 3885 2260 4017 2327; x_wconf 90' lang='lat' dir='ltr'>uti-</span> 
     </span>
     <span class='ocr_line' id='line_1_68' title="bbox 2371 2367 4008 2462; baseline 0.002 -27"><span class='ocrx_word' id='word_1_408' title='bbox 2371 2367 2472 2437; x_wconf 87' lang='lat' dir='ltr'>les</span> <span class='ocrx_word' id='word_1_409' title='bbox 2504 2368 2591 2437; x_wconf 91' lang='lat' dir='ltr'>ad</span> <span class='ocrx_word' id='word_1_410' title='bbox 2622 2375 3068 2461; x_wconf 79' lang='lat' dir='ltr'>conceptum,</span> <span class='ocrx_word' id='word_1_411' title='bbox 3090 2368 3625 2462; x_wconf 87' lang='lat' dir='ltr'>quodvidelicet</span> <span class='ocrx_word' id='word_1_412' title='bbox 3679 2371 4008 2441; x_wconf 86' lang='lat' dir='ltr'>ordinate</span> 
     </span>
     <span class='ocr_line' id='line_1_69' title="bbox 2370 2480 4012 2577; baseline 0.002 -28"><span class='ocrx_word' id='word_1_413' title='bbox 2370 2481 2539 2549; x_wconf 87' lang='lat' dir='ltr'>ssuat</span> <span class='ocrx_word' id='word_1_414' title='bbox 2579 2480 2967 2549; x_wconf 91' lang='lat' dir='ltr'>secundum</span> <span class='ocrx_word' id='word_1_415' title='bbox 3009 2480 3314 2573; x_wconf 61' lang='lat' dir='ltr'>aequalia</span> <span class='ocrx_word' id='word_1_416' title='bbox 3381 2490 3707 2577; x_wconf 85' lang='lat' dir='ltr'>tempora</span> <span class='ocrx_word' id='word_1_417' title='bbox 3753 2484 3822 2552; x_wconf 91' lang='lat' dir='ltr'>in</span> <span class='ocrx_word' id='word_1_418' title='bbox 3859 2484 4012 2576; x_wconf 86' lang='lat' dir='ltr'>qui-</span> 
     </span>
     <span class='ocr_line' id='line_1_70' title="bbox 2372 2592 4010 2686; baseline 0.002 -26"><span class='ocrx_word' id='word_1_419' title='bbox 2372 2592 2503 2660; x_wconf 88' lang='lat' dir='ltr'>bus</span> <span class='ocrx_word' id='word_1_420' title='bbox 2553 2618 2587 2660; x_wconf 84' lang='lat' dir='ltr'>a</span> <span class='ocrx_word' id='word_1_421' title='bbox 2640 2592 2807 2660; x_wconf 90' lang='lat' dir='ltr'>luna</span> <span class='ocrx_word' id='word_1_422' title='bbox 2855 2601 3188 2662; x_wconf 88' lang='lat' dir='ltr'>causatur</span> <span class='ocrx_word' id='word_1_423' title='bbox 3231 2592 3468 2663; x_wconf 83' lang='lat' dir='ltr'>fluxus</span> <span class='ocrx_word' id='word_1_424' title='bbox 3544 2596 3696 2686; x_wconf 80' lang='lat' dir='ltr'>ejus</span> <span class='ocrx_word' id='word_1_425' title='bbox 3761 2595 4010 2665; x_wconf 77' lang='lat' dir='ltr'>Pru-ri·</span> 
     </span>
     <span class='ocr_line' id='line_1_71' title="bbox 2375 2708 4008 2799; baseline 0.002 -27"><span class='ocrx_word' id='word_1_426' title='bbox 2375 2732 2505 2799; x_wconf 82' lang='lat' dir='ltr'>pue</span> <span class='ocrx_word' id='word_1_427' title='bbox 2539 2716 2770 2776; x_wconf 89' lang='lat' dir='ltr'>autem</span> <span class='ocrx_word' id='word_1_428' title='bbox 2813 2730 2992 2799; x_wconf 90' lang='lat' dir='ltr'>opus</span> <span class='ocrx_word' id='word_1_429' title='bbox 3025 2715 3129 2776; x_wconf 88' lang='lat' dir='ltr'>est</span> <span class='ocrx_word' id='word_1_430' title='bbox 3170 2708 3739 2777; x_wconf 83' lang='lat' dir='ltr'>consideratione</span> <span class='ocrx_word' id='word_1_431' title='bbox 3799 2733 4008 2777; x_wconf 74' lang='lat' dir='ltr'>men-</span> 
     </span>
     <span class='ocr_line' id='line_1_72' title="bbox 2370 2821 4002 2916; baseline 0.001 -27"><span class='ocrx_word' id='word_1_432' title='bbox 2370 2823 2575 2906; x_wconf 87' lang='lat' dir='ltr'>strui,</span> <span class='ocrx_word' id='word_1_433' title='bbox 2651 2821 2936 2915; x_wconf 79' lang='lat' dir='ltr'>qnando</span> <span class='ocrx_word' id='word_1_434' title='bbox 2998 2845 3296 2916; x_wconf 83' lang='lat' dir='ltr'>corpore</span> <span class='ocrx_word' id='word_1_435' title='bbox 3340 2846 3542 2903; x_wconf 89' lang='lat' dir='ltr'>sano,</span> <span class='ocrx_word' id='word_1_436' title='bbox 3600 2831 3667 2893; x_wconf 88' lang='lat' dir='ltr'>et</span> <span class='ocrx_word' id='word_1_437' title='bbox 3713 2824 4002 2891; x_wconf 70' lang='lat' dir='ltr'>matrive</span> 
     </span>
     <span class='ocr_line' id='line_1_73' title="bbox 2366 2932 3993 3030; baseline 0.001 -24"><span class='ocrx_word' id='word_1_438' title='bbox 2366 2933 2441 3006; x_wconf 88' lang='lat' dir='ltr'>in</span> <span class='ocrx_word' id='word_1_439' title='bbox 2483 2935 2662 3006; x_wconf 84' lang='lat' dir='ltr'>loco.</span> <span class='ocrx_word' id='word_1_440' title='bbox 2700 2938 2768 3005; x_wconf 89' lang='lat' dir='ltr'>et</span> <span class='ocrx_word' id='word_1_441' title='bbox 2811 2936 2878 3004; x_wconf 89' lang='lat' dir='ltr'>in</span> <span class='ocrx_word' id='word_1_442' title='bbox 2922 2933 3320 3007; x_wconf 79' lang='lat' dir='ltr'>substantia</span> <span class='ocrx_word' id='word_1_443' title='bbox 3377 2936 3558 3007; x_wconf 89' lang='lat' dir='ltr'>bene</span> <span class='ocrx_word' id='word_1_444' title='bbox 3619 2932 3993 3030; x_wconf 70' lang='lat' dir='ltr'>disposita.</span> 
     </span>
     <span class='ocr_line' id='line_1_74' title="bbox 2368 3047 3995 3141; baseline 0.001 -25"><span class='ocrx_word' id='word_1_445' title='bbox 2368 3072 2508 3117; x_wconf 87' lang='lat' dir='ltr'>non</span> <span class='ocrx_word' id='word_1_446' title='bbox 2545 3047 2612 3115; x_wconf 81' lang='lat' dir='ltr'>tit</span> <span class='ocrx_word' id='word_1_447' title='bbox 2648 3055 3072 3141; x_wconf 86' lang='lat' dir='ltr'>conceptus:</span> <span class='ocrx_word' id='word_1_448' title='bbox 3111 3048 3454 3140; x_wconf 87' lang='lat' dir='ltr'>quoniam</span> <span class='ocrx_word' id='word_1_449' title='bbox 3508 3050 3562 3119; x_wconf 91' lang='lat' dir='ltr'>si</span> <span class='ocrx_word' id='word_1_450' title='bbox 3610 3049 3736 3117; x_wconf 85' lang='lat' dir='ltr'>ista</span> <span class='ocrx_word' id='word_1_451' title='bbox 3792 3049 3889 3115; x_wconf 73' lang='lat' dir='ltr'>si·-</span> <span class='ocrx_word' id='word_1_452' title='bbox 3923 3074 3995 3117; x_wconf 87' lang='lat' dir='ltr'>se</span> 
     </span>
     <span class='ocr_line' id='line_1_75' title="bbox 2368 3160 4011 3257; baseline 0.001 -25"><span class='ocrx_word' id='word_1_453' title='bbox 2368 3160 2652 3242; x_wconf 76' lang='lat' dir='ltr'>liabent,</span> <span class='ocrx_word' id='word_1_454' title='bbox 2688 3161 3075 3232; x_wconf 78' lang='lat' dir='ltr'>certissime</span> <span class='ocrx_word' id='word_1_455' title='bbox 3108 3162 3335 3232; x_wconf 90' lang='lat' dir='ltr'>scitur</span> <span class='ocrx_word' id='word_1_456' title='bbox 3384 3162 3575 3257; x_wconf 86' lang='lat' dir='ltr'>quod</span> <span class='ocrx_word' id='word_1_457' title='bbox 3614 3164 3870 3234; x_wconf 90' lang='lat' dir='ltr'>matrix</span> <span class='ocrx_word' id='word_1_458' title='bbox 3905 3170 4011 3233; x_wconf 79' lang='lat' dir='ltr'>est</span> 
     </span>
     <span class='ocr_line' id='line_1_76' title="bbox 2366 3273 4007 3369; baseline 0 -26"><span class='ocrx_word' id='word_1_459' title='bbox 2366 3274 2754 3344; x_wconf 87' lang='lat' dir='ltr'>secundum</span> <span class='ocrx_word' id='word_1_460' title='bbox 2800 3273 2988 3367; x_wconf 86' lang='lat' dir='ltr'>quod</span> <span class='ocrx_word' id='word_1_461' title='bbox 3033 3273 3291 3345; x_wconf 87' lang='lat' dir='ltr'>dicitur</span> <span class='ocrx_word' id='word_1_462' title='bbox 3320 3299 3475 3344; x_wconf 89' lang='lat' dir='ltr'>esse</span> <span class='ocrx_word' id='word_1_463' title='bbox 3510 3277 3582 3344; x_wconf 89' lang='lat' dir='ltr'>in</span> <span class='ocrx_word' id='word_1_464' title='bbox 3643 3276 4007 3369; x_wconf 80' lang='lat' dir='ltr'>apertione.</span> 
     </span>
     <span class='ocr_line' id='line_1_77' title="bbox 2365 3385 4003 3479; baseline 0.001 -25"><span class='ocrx_word' id='word_1_465' title='bbox 2365 3385 2825 3478; x_wconf 78' lang='lat' dir='ltr'>snsceptionis</span> <span class='ocrx_word' id='word_1_466' title='bbox 2921 3388 3300 3479; x_wconf 83' lang='lat' dir='ltr'>spermatis</span> <span class='ocrx_word' id='word_1_467' title='bbox 3418 3395 3484 3456; x_wconf 88' lang='lat' dir='ltr'>et</span> <span class='ocrx_word' id='word_1_468' title='bbox 3595 3388 4003 3456; x_wconf 84' lang='lat' dir='ltr'>retentione</span> 
     </span>
     <span class='ocr_line' id='line_1_78' title="bbox 2367 3498 4003 3595; baseline 0.004 -30"><span class='ocrx_word' id='word_1_469' title='bbox 2367 3499 2625 3593; x_wconf 85' lang='lat' dir='ltr'>ipsius:</span> <span class='ocrx_word' id='word_1_470' title='bbox 2663 3507 2728 3568; x_wconf 86' lang='lat' dir='ltr'>et</span> <span class='ocrx_word' id='word_1_471' title='bbox 2756 3498 2909 3569; x_wconf 91' lang='lat' dir='ltr'>ideo</span> <span class='ocrx_word' id='word_1_472' title='bbox 2935 3498 3268 3570; x_wconf 87' lang='lat' dir='ltr'>sterilitas</span> <span class='ocrx_word' id='word_1_473' title='bbox 3289 3525 3434 3570; x_wconf 90' lang='lat' dir='ltr'>non</span> <span class='ocrx_word' id='word_1_474' title='bbox 3456 3502 3647 3572; x_wconf 90' lang='lat' dir='ltr'>estin</span> <span class='ocrx_word' id='word_1_475' title='bbox 3685 3501 4003 3595; x_wconf 78' lang='lat' dir='ltr'>ipsa,s‹·d</span> 
     </span>
     <span class='ocr_line' id='line_1_79' title="bbox 2368 3613 3996 3695; baseline 0.003 -14"><span class='ocrx_word' id='word_1_476' title='bbox 2368 3614 2436 3683; x_wconf 90' lang='lat' dir='ltr'>in</span> <span class='ocrx_word' id='word_1_477' title='bbox 2489 3623 2876 3683; x_wconf 88' lang='lat' dir='ltr'>menstruo.</span> <span class='ocrx_word' id='word_1_478' title='bbox 2924 3613 3227 3695; x_wconf 81' lang='lat' dir='ltr'>Quando</span> <span class='ocrx_word' id='word_1_479' title='bbox 3291 3616 3483 3684; x_wconf 89' lang='lat' dir='ltr'>enim</span> <span class='ocrx_word' id='word_1_480' title='bbox 3547 3626 3996 3686; x_wconf 84' lang='lat' dir='ltr'>menstruum</span> 
     </span>
     <span class='ocr_line' id='line_1_80' title="bbox 2365 3727 3996 3820; baseline 0.002 -24"><span class='ocrx_word' id='word_1_481' title='bbox 2365 3753 2526 3796; x_wconf 87' lang='lat' dir='ltr'>suas</span> <span class='ocrx_word' id='word_1_482' title='bbox 2568 3727 2984 3820; x_wconf 82' lang='lat' dir='ltr'>multiplicat</span> <span class='ocrx_word' id='word_1_483' title='bbox 3057 3728 3571 3810; x_wconf 81' lang='lat' dir='ltr'>revolutiones,</span> <span class='ocrx_word' id='word_1_484' title='bbox 3620 3739 3683 3799; x_wconf 90' lang='lat' dir='ltr'>et</span> <span class='ocrx_word' id='word_1_485' title='bbox 3750 3755 3996 3800; x_wconf 81' lang='lat' dir='ltr'>rever-</span> 
     </span>
     <span class='ocr_line' id='line_1_81' title="bbox 2364 3839 3992 3934; baseline 0.002 -26"><span class='ocrx_word' id='word_1_486' title='bbox 2364 3841 2534 3909; x_wconf 89' lang='lat' dir='ltr'>titur</span> <span class='ocrx_word' id='word_1_487' title='bbox 2563 3841 2792 3919; x_wconf 78' lang='lat' dir='ltr'>citiuS‚</span> <span class='ocrx_word' id='word_1_488' title='bbox 2829 3839 2938 3909; x_wconf 83' lang='lat' dir='ltr'>vel</span> <span class='ocrx_word' id='word_1_489' title='bbox 3002 3840 3270 3910; x_wconf 88' lang='lat' dir='ltr'>tardius</span> <span class='ocrx_word' id='word_1_490' title='bbox 3313 3865 3530 3934; x_wconf 83' lang='lat' dir='ltr'>quam</span> <span class='ocrx_word' id='word_1_491' title='bbox 3576 3840 3780 3911; x_wconf 83' lang='lat' dir='ltr'>debet</span> <span class='ocrx_word' id='word_1_492' title='bbox 3817 3866 3831 3912; x_wconf 91' lang='lat'>:</span> <span class='ocrx_word' id='word_1_493' title='bbox 3871 3852 3992 3912; x_wconf 90' lang='lat' dir='ltr'>aut</span> 
     </span>
     <span class='ocr_line' id='line_1_82' title="bbox 2365 3952 3990 4046; baseline 0.002 -27"><span class='ocrx_word' id='word_1_494' title='bbox 2365 3954 2575 4021; x_wconf 85' lang='lat' dir='ltr'>etiam</span> <span class='ocrx_word' id='word_1_495' title='bbox 2645 3952 2929 4046; x_wconf 73' lang='lat' dir='ltr'>quando</span> <span class='ocrx_word' id='word_1_496' title='bbox 3012 3952 3508 4022; x_wconf 89' lang='lat' dir='ltr'>inordinanter</span> <span class='ocrx_word' id='word_1_497' title='bbox 3590 3954 3772 4033; x_wconf 88' lang='lat' dir='ltr'>lluit,</span> <span class='ocrx_word' id='word_1_498' title='bbox 3848 3978 3990 4023; x_wconf 90' lang='lat' dir='ltr'>non</span> 
     </span>
     <span class='ocr_line' id='line_1_83' title="bbox 2364 4064 3996 4157; baseline 0.002 -27"><span class='ocrx_word' id='word_1_499' title='bbox 2364 4073 3078 4157; x_wconf 77' lang='lat' dir='ltr'>exspectanstempus</span> <span class='ocrx_word' id='word_1_500' title='bbox 3113 4064 3587 4134; x_wconf 80' lang='lat' dir='ltr'>revolutionis</span> <span class='ocrx_word' id='word_1_501' title='bbox 3623 4064 3834 4147; x_wconf 67' lang='lat' dir='ltr'>luna»,</span> <span class='ocrx_word' id='word_1_502' title='bbox 3870 4064 3996 4134; x_wconf 86' lang='lat' dir='ltr'>sed</span> 
     </span>
     <span class='ocr_line' id='line_1_84' title="bbox 2368 4177 3997 4259; baseline 0.002 -13"><span class='ocrx_word' id='word_1_503' title='bbox 2368 4177 2578 4246; x_wconf 78' lang='lat' dir='ltr'>inodo</span> <span class='ocrx_word' id='word_1_504' title='bbox 2621 4177 2806 4246; x_wconf 89' lang='lat' dir='ltr'>venit</span> <span class='ocrx_word' id='word_1_505' title='bbox 2851 4177 3086 4259; x_wconf 87' lang='lat' dir='ltr'>citius,</span> <span class='ocrx_word' id='word_1_506' title='bbox 3133 4186 3198 4247; x_wconf 91' lang='lat' dir='ltr'>et</span> <span class='ocrx_word' id='word_1_507' title='bbox 3266 4178 3483 4247; x_wconf 87' lang='lat' dir='ltr'>modo</span> <span class='ocrx_word' id='word_1_508' title='bbox 3546 4177 3863 4248; x_wconf 88' lang='lat' dir='ltr'>tardius:</span> <span class='ocrx_word' id='word_1_509' title='bbox 3928 4190 3997 4249; x_wconf 89' lang='lat' dir='ltr'>et</span> 
     </span>
     <span class='ocr_line' id='line_1_85' title="bbox 2365 4288 3996 4383; baseline 0.002 -26"><span class='ocrx_word' id='word_1_510' title='bbox 2365 4292 2418 4359; x_wconf 92' lang='lat' dir='ltr'>si</span> <span class='ocrx_word' id='word_1_511' title='bbox 2472 4313 2631 4358; x_wconf 90' lang='lat' dir='ltr'>cum</span> <span class='ocrx_word' id='word_1_512' title='bbox 2695 4288 2826 4359; x_wconf 85' lang='lat' dir='ltr'>hoc</span> <span class='ocrx_word' id='word_1_513' title='bbox 2871 4288 3079 4358; x_wconf 80' lang='lat' dir='ltr'>suerit</span> <span class='ocrx_word' id='word_1_514' title='bbox 3147 4313 3407 4383; x_wconf 86' lang='lat' dir='ltr'>corpus</span> <span class='ocrx_word' id='word_1_515' title='bbox 3469 4313 3752 4371; x_wconf 88' lang='lat' dir='ltr'>sanum,</span> <span class='ocrx_word' id='word_1_516' title='bbox 3831 4299 3996 4360; x_wconf 84' lang='lat' dir='ltr'>tunc</span> 
     </span>
     <span class='ocr_line' id='line_1_86' title="bbox 2364 4400 3998 4494; baseline 0.002 -24"><span class='ocrx_word' id='word_1_517' title='bbox 2364 4412 2636 4494; x_wconf 88' lang='lat' dir='ltr'>oportet</span> <span class='ocrx_word' id='word_1_518' title='bbox 2683 4401 2936 4471; x_wconf 88' lang='lat' dir='ltr'>intueri</span> <span class='ocrx_word' id='word_1_519' title='bbox 2970 4400 3288 4472; x_wconf 85' lang='lat' dir='ltr'>colorem</span> <span class='ocrx_word' id='word_1_520' title='bbox 3331 4404 3678 4473; x_wconf 90' lang='lat' dir='ltr'>menstrui</span> <span class='ocrx_word' id='word_1_521' title='bbox 3711 4405 3998 4491; x_wconf 67' lang='lat' dir='ltr'>sangui-</span> 
     </span>
     <span class='ocr_line' id='line_1_87' title="bbox 2365 4512 3995 4604; baseline 0.002 -22"><span class='ocrx_word' id='word_1_522' title='bbox 2365 4513 2498 4582; x_wconf 90' lang='lat' dir='ltr'>nis.</span> <span class='ocrx_word' id='word_1_523' title='bbox 2540 4513 2614 4582; x_wconf 76' lang='lat' dir='ltr'>si</span> <span class='ocrx_word' id='word_1_524' title='bbox 2647 4514 2834 4582; x_wconf 81' lang='lat' dir='ltr'>enim</span> <span class='ocrx_word' id='word_1_525' title='bbox 2877 4512 3078 4584; x_wconf 87' lang='lat' dir='ltr'>color</span> <span class='ocrx_word' id='word_1_526' title='bbox 3107 4513 3261 4604; x_wconf 89' lang='lat' dir='ltr'>ejus</span> <span class='ocrx_word' id='word_1_527' title='bbox 3332 4523 3655 4584; x_wconf 87' lang='lat' dir='ltr'>mutatus</span> <span class='ocrx_word' id='word_1_528' title='bbox 3712 4515 3923 4586; x_wconf 79' lang='lat' dir='ltr'>fuerit</span> <span class='ocrx_word' id='word_1_529' title='bbox 3955 4541 3995 4585; x_wconf 89' lang='lat' dir='ltr'>a</span> 
     </span>
     <span class='ocr_line' id='line_1_88' title="bbox 2362 4622 3992 4706; baseline 0.001 -12"><span class='ocrx_word' id='word_1_530' title='bbox 2362 4623 2597 4694; x_wconf 85' lang='lat' dir='ltr'>colore</span> <span class='ocrx_word' id='word_1_531' title='bbox 2630 4622 2958 4706; x_wconf 83' lang='lat' dir='ltr'>naturali,</span> <span class='ocrx_word' id='word_1_532' title='bbox 2991 4625 3256 4694; x_wconf 80' lang='lat' dir='ltr'>scimus</span> <span class='ocrx_word' id='word_1_533' title='bbox 3298 4625 3671 4696; x_wconf 75' lang='lat' dir='ltr'>manifeste</span> <span class='ocrx_word' id='word_1_534' title='bbox 3705 4651 3992 4696; x_wconf 84' lang='lat' dir='ltr'>causam</span> 
     </span>
     <span class='ocr_line' id='line_1_89' title="bbox 2362 4735 3991 4829; baseline 0.003 -23"><span class='ocrx_word' id='word_1_535' title='bbox 2362 4735 2742 4807; x_wconf 86' lang='lat' dir='ltr'>inordinati</span> <span class='ocrx_word' id='word_1_536' title='bbox 2797 4738 3031 4806; x_wconf 86' lang='lat' dir='ltr'>lluxus</span> <span class='ocrx_word' id='word_1_537' title='bbox 3094 4737 3246 4829; x_wconf 79' lang='lat' dir='ltr'>ejus</span> <span class='ocrx_word' id='word_1_538' title='bbox 3289 4763 3442 4807; x_wconf 85' lang='lat' dir='ltr'>esse</span> <span class='ocrx_word' id='word_1_539' title='bbox 3518 4742 3589 4810; x_wconf 90' lang='lat' dir='ltr'>in</span> <span class='ocrx_word' id='word_1_540' title='bbox 3651 4740 3991 4811; x_wconf 72' lang='lat' dir='ltr'>matrive:</span> 
     </span>
     <span class='ocr_line' id='line_1_90' title="bbox 2364 4851 3998 4946; baseline 0.002 -28"><span class='ocrx_word' id='word_1_541' title='bbox 2364 4851 2630 4920; x_wconf 86' lang='lat' dir='ltr'>oriticia</span> <span class='ocrx_word' id='word_1_542' title='bbox 2663 4851 2851 4920; x_wconf 88' lang='lat' dir='ltr'>enim</span> <span class='ocrx_word' id='word_1_543' title='bbox 2884 4874 3230 4920; x_wconf 86' lang='lat' dir='ltr'>venarum</span> <span class='ocrx_word' id='word_1_544' title='bbox 3266 4875 3424 4946; x_wconf 75' lang='lat' dir='ltr'>qum</span> <span class='ocrx_word' id='word_1_545' title='bbox 3456 4860 3623 4923; x_wconf 89' lang='lat' dir='ltr'>sunt</span> <span class='ocrx_word' id='word_1_546' title='bbox 3648 4854 3714 4922; x_wconf 94' lang='lat' dir='ltr'>in</span> <span class='ocrx_word' id='word_1_547' title='bbox 3749 4854 3998 4922; x_wconf 91' lang='lat' dir='ltr'>matri-</span> 
     </span>
     <span class='ocr_line' id='line_1_91' title="bbox 2367 4961 3997 5056; baseline 0.001 -24"><span class='ocrx_word' id='word_1_548' title='bbox 2367 4986 2470 5033; x_wconf 90' lang='lat' dir='ltr'>ce.</span> <span class='ocrx_word' id='word_1_549' title='bbox 2511 4972 2670 5032; x_wconf 81' lang='lat' dir='ltr'>tune</span> <span class='ocrx_word' id='word_1_550' title='bbox 2731 4970 2973 5056; x_wconf 87' lang='lat' dir='ltr'>aperta</span> <span class='ocrx_word' id='word_1_551' title='bbox 3013 4971 3202 5042; x_wconf 88' lang='lat' dir='ltr'>sunt,</span> <span class='ocrx_word' id='word_1_552' title='bbox 3260 4972 3330 5031; x_wconf 88' lang='lat' dir='ltr'>et</span> <span class='ocrx_word' id='word_1_553' title='bbox 3374 4961 3829 5033; x_wconf 76' lang='lat' dir='ltr'>inobservate</span> <span class='ocrx_word' id='word_1_554' title='bbox 3871 4990 3997 5033; x_wconf 92' lang='lat' dir='ltr'>or-</span> 
     </span>
     <span class='ocr_line' id='line_1_92' title="bbox 2364 5075 3990 5168; baseline 0.003 -26"><span class='ocrx_word' id='word_1_555' title='bbox 2364 5075 2523 5145; x_wconf 90' lang='lat' dir='ltr'>dine</span> <span class='ocrx_word' id='word_1_556' title='bbox 2589 5077 3046 5145; x_wconf 84' lang='lat' dir='ltr'>immalurum</span> <span class='ocrx_word' id='word_1_557' title='bbox 3131 5076 3554 5168; x_wconf 75' lang='lat' dir='ltr'>sanguinem</span> <span class='ocrx_word' id='word_1_558' title='bbox 3629 5078 3990 5148; x_wconf 87' lang='lat' dir='ltr'>emittunt.</span> 
     </span>
     <span class='ocr_line' id='line_1_93' title="bbox 2365 5183 3989 5280; baseline -0.001 -24"><span class='ocrx_word' id='word_1_559' title='bbox 2365 5185 2764 5280; x_wconf 71' lang='lat' dir='ltr'>Aliquando</span> <span class='ocrx_word' id='word_1_560' title='bbox 2796 5195 3037 5256; x_wconf 87' lang='lat' dir='ltr'>autem</span> <span class='ocrx_word' id='word_1_561' title='bbox 3070 5183 3206 5255; x_wconf 85' lang='lat' dir='ltr'>hoc</span> <span class='ocrx_word' id='word_1_562' title='bbox 3242 5186 3497 5257; x_wconf 85' lang='lat' dir='ltr'>accidit</span> <span class='ocrx_word' id='word_1_563' title='bbox 3528 5188 3681 5257; x_wconf 90' lang='lat' dir='ltr'>sine</span> <span class='ocrx_word' id='word_1_564' title='bbox 3716 5186 3989 5269; x_wconf 87' lang='lat' dir='ltr'>dolore,</span> 
     </span>
     <span class='ocr_line' id='line_1_94' title="bbox 2365 5297 3365 5394; baseline 0.002 -27"><span class='ocrx_word' id='word_1_565' title='bbox 2365 5309 2431 5369; x_wconf 87' lang='lat' dir='ltr'>et</span> <span class='ocrx_word' id='word_1_566' title='bbox 2475 5299 2854 5394; x_wconf 81' lang='lat' dir='ltr'>aliquando</span> <span class='ocrx_word' id='word_1_567' title='bbox 2885 5323 3050 5370; x_wconf 88' lang='lat' dir='ltr'>cum</span> <span class='ocrx_word' id='word_1_568' title='bbox 3091 5297 3365 5371; x_wconf 88' lang='lat' dir='ltr'>dolore.</span> 
     </span>
    </p>

    <p class='ocr_par' dir='ltr' id='par_1_7' title="bbox 2364 5411 3999 6070">
     <span class='ocr_line' id='line_1_95' title="bbox 2458 5411 3997 5507; baseline 0.003 -27"><span class='ocrx_word' id='word_1_569' title='bbox 2458 5411 2535 5481; x_wconf 91' lang='lat' dir='ltr'>ln</span> <span class='ocrx_word' id='word_1_570' title='bbox 2589 5422 2770 5482; x_wconf 86' lang='lat' dir='ltr'>statu</span> <span class='ocrx_word' id='word_1_571' title='bbox 2806 5421 3045 5482; x_wconf 89' lang='lat' dir='ltr'>autem</span> <span class='ocrx_word' id='word_1_572' title='bbox 3092 5411 3435 5483; x_wconf 87' lang='lat' dir='ltr'>naturalis</span> <span class='ocrx_word' id='word_1_573' title='bbox 3506 5412 3997 5507; x_wconf 85' lang='lat' dir='ltr'>dispositionis</span> 
     </span>
     <span class='ocr_line' id='line_1_96' title="bbox 2364 5523 3999 5607; baseline 0.002 -16"><span class='ocrx_word' id='word_1_574' title='bbox 2364 5523 2568 5593; x_wconf 81' lang='lat' dir='ltr'>debet</span> <span class='ocrx_word' id='word_1_575' title='bbox 2611 5523 2958 5593; x_wconf 88' lang='lat' dir='ltr'>oriticium</span> <span class='ocrx_word' id='word_1_576' title='bbox 3002 5524 3317 5594; x_wconf 89' lang='lat' dir='ltr'>matricis</span> <span class='ocrx_word' id='word_1_577' title='bbox 3354 5549 3510 5594; x_wconf 88' lang='lat' dir='ltr'>esse</span> <span class='ocrx_word' id='word_1_578' title='bbox 3541 5525 3837 5607; x_wconf 84' lang='lat' dir='ltr'>siccum,</span> <span class='ocrx_word' id='word_1_579' title='bbox 3873 5525 3999 5595; x_wconf 86' lang='lat' dir='ltr'>sed</span> 
     </span>
     <span class='ocr_line' id='line_1_97' title="bbox 2368 5636 3995 5732; baseline 0.002 -26"><span class='ocrx_word' id='word_1_580' title='bbox 2368 5661 2511 5706; x_wconf 87' lang='lat' dir='ltr'>non</span> <span class='ocrx_word' id='word_1_581' title='bbox 2543 5636 2825 5717; x_wconf 88' lang='lat' dir='ltr'>durum,</span> <span class='ocrx_word' id='word_1_582' title='bbox 2861 5646 2925 5706; x_wconf 89' lang='lat' dir='ltr'>et</span> <span class='ocrx_word' id='word_1_583' title='bbox 2971 5636 3163 5732; x_wconf 88' lang='lat' dir='ltr'>quod</span> <span class='ocrx_word' id='word_1_584' title='bbox 3217 5638 3286 5706; x_wconf 93' lang='lat' dir='ltr'>in</span> <span class='ocrx_word' id='word_1_585' title='bbox 3341 5636 3475 5706; x_wconf 88' lang='lat' dir='ltr'>ista</span> <span class='ocrx_word' id='word_1_586' title='bbox 3531 5636 3995 5732; x_wconf 88' lang='lat' dir='ltr'>dispositione</span> 
     </span>
     <span class='ocr_line' id='line_1_98' title="bbox 2370 5747 3995 5820; baseline 0.002 -3"><span class='ocrx_word' id='word_1_587' title='bbox 2370 5759 2722 5818; x_wconf 83' lang='lat' dir='ltr'>remaneat</span> <span class='ocrx_word' id='word_1_588' title='bbox 2770 5748 3004 5818; x_wconf 87' lang='lat' dir='ltr'>media</span> <span class='ocrx_word' id='word_1_589' title='bbox 3035 5748 3147 5818; x_wconf 88' lang='lat' dir='ltr'>die</span> <span class='ocrx_word' id='word_1_590' title='bbox 3192 5747 3282 5818; x_wconf 90' lang='lat' dir='ltr'>ad</span> <span class='ocrx_word' id='word_1_591' title='bbox 3314 5748 3555 5818; x_wconf 89' lang='lat' dir='ltr'>minus</span> <span class='ocrx_word' id='word_1_592' title='bbox 3586 5773 3601 5819; x_wconf 89' lang='lat'><strong>:</strong></span> <span class='ocrx_word' id='word_1_593' title='bbox 3637 5759 3706 5819; x_wconf 90' lang='lat' dir='ltr'>et</span> <span class='ocrx_word' id='word_1_594' title='bbox 3737 5751 3995 5820; x_wconf 88' lang='lat' dir='ltr'>melius</span> 
     </span>
     <span class='ocr_line' id='line_1_99' title="bbox 2375 5857 3989 5933; baseline 0 -3"><span class='ocrx_word' id='word_1_595' title='bbox 2375 5859 2507 5930; x_wconf 88' lang='lat' dir='ltr'>crit</span> <span class='ocrx_word' id='word_1_596' title='bbox 2553 5861 2611 5929; x_wconf 89' lang='lat' dir='ltr'>si</span> <span class='ocrx_word' id='word_1_597' title='bbox 2652 5883 2787 5930; x_wconf 89' lang='lat' dir='ltr'>una</span> <span class='ocrx_word' id='word_1_598' title='bbox 2830 5859 2942 5931; x_wconf 87' lang='lat' dir='ltr'>die</span> <span class='ocrx_word' id='word_1_599' title='bbox 2983 5858 3099 5930; x_wconf 82' lang='lat' dir='ltr'>vel</span> <span class='ocrx_word' id='word_1_600' title='bbox 3138 5857 3417 5930; x_wconf 88' lang='lat' dir='ltr'>duabus</span> <span class='ocrx_word' id='word_1_601' title='bbox 3457 5861 3560 5932; x_wconf 88' lang='lat' dir='ltr'>sic</span> <span class='ocrx_word' id='word_1_602' title='bbox 3601 5873 3989 5933; x_wconf 87' lang='lat' dir='ltr'>remaneat.</span> 
     </span>
     <span class='ocr_line' id='line_1_100' title="bbox 2368 5971 3993 6070; baseline 0.002 -27"><span class='ocrx_word' id='word_1_603' title='bbox 2368 5971 2669 6055; x_wconf 89' lang='lat' dir='ltr'>Quando</span> <span class='ocrx_word' id='word_1_604' title='bbox 2717 5974 2911 6045; x_wconf 88' lang='lat' dir='ltr'>enim</span> <span class='ocrx_word' id='word_1_605' title='bbox 2953 5973 3054 6044; x_wconf 89' lang='lat' dir='ltr'>sic</span> <span class='ocrx_word' id='word_1_606' title='bbox 3094 5972 3333 6057; x_wconf 77' lang='lat' dir='ltr'>fuerit,</span> <span class='ocrx_word' id='word_1_607' title='bbox 3397 5975 3755 6070; x_wconf 85' lang='lat' dir='ltr'>significat</span> <span class='ocrx_word' id='word_1_608' title='bbox 3783 5975 3993 6047; x_wconf 85' lang='lat' dir='ltr'>bonae</span> 
     </span>
    </p>
   </div>
  </div>
 </body>
</html>
