4919 6371
1997 413 2170 483 Ltss.
2222 414 2352 482 ΧΠ
2400 415 2521 483 DE
2566 412 3153 493 ANJMALIssus,
3201 398 3509 482 TRACT.
3565 410 3624 478 ιι

1154 587 1334 653 enim
1371 585 1479 652 ille
1504 580 1858 650 catarrhus
1880 582 2376 674 phlegmaticus
2398 610 2476 651 ex
2503 608 2713 674 aquo·

1156 720 1231 762 so
1266 694 1601 782 sanguine
1634 699 1699 757 et
1732 689 2018 780 frigido:
2067 703 2130 761 et
2174 695 2445 784 quando
2479 693 2715 761 confe-

1157 812 1400 868 runtur
1442 823 1517 866 ea
1579 821 1733 888 qua*
1803 799 1973 867 fiunt
2039 802 2107 867 in
2150 803 2426 869 bomine
2468 804 2583 890 qui
2616 810 2717 868 est

1152 911 1378 975 minor
1418 906 1745 984 mundus,
1782 908 1868 975 ad
1933 932 2014 976 ea
2063 933 2214 1000 quae
2255 910 2424 976 fiunt
2461 910 2527 975 iu
2568 932 2712 974 ma-

1143 1016 1279 1104 jori
1313 1013 1600 1092 mundo,
1648 1016 1775 1081 erit
1821 1013 1954 1084 hoc
2015 1017 2348 1091 accidens,
2393 1016 2566 1082 sicut
2593 1036 2718 1103 ge-

1157 1124 1416 1190 neratio
1457 1122 1850 1213 pluviarum
1901 1149 1985 1192 ex
2023 1125 2431 1215 vaporibus:
2506 1144 2718 1210 vapor

1162 1231 1345 1296 euim
1389 1253 1474 1298 ex
1514 1239 1694 1299 terra
1733 1241 1798 1299 et
1828 1255 2006 1322 aqua
2034 1255 2185 1322 qua·
2228 1240 2385 1298 sunt
2424 1229 2717 1295 elemen-

1157 1346 1224 1404 ta
1257 1337 1600 1417 inferiora,
1636 1339 1722 1406 ad
1752 1343 2106 1429 superiora
2158 1337 2530 1406 ascendens
2562 1360 2718 1403 sus-

1159 1456 1463 1515 tentatus
1514 1457 1648 1515 stat
1693 1449 1762 1514 in
1801 1450 1939 1515 aeri
1978 1447 2334 1537 superiori,
2393 1448 2509 1534 qui
2548 1468 2718 1512 eon-

1163 1557 1332 1623 tinet
1365 1555 1548 1624 hunc
1587 1578 1817 1625 aerem
1842 1556 1957 1645 qui
1989 1557 2288 1622 continet
2334 1564 2609 1633 terram,
2654 1564 2721 1622 et

1155 1661 1534 1751 frigiditate
1574 1661 1760 1729 illius
1789 1662 2208 1730 convertitur
2253 1670 2319 1729 et
2374 1661 2718 1731 descendit

1156 1792 1275 1857 per
1338 1768 1675 1858 pluviam.
1749 1769 1974 1858 Hujus
2045 1771 2250 1860 igitur
2299 1769 2718 1858 aegritudinis

1156 1900 1308 1967 quie
1337 1878 1712 1945 catarrhus
1751 1886 2060 1957 vocatur,
2095 1879 2206 1945 hic
2236 1878 2522 1946 dicimus
2553 1900 2721 1946 cau-

1155 2009 1300 2052 sam
1363 1986 1644 2076 quidem
1703 1987 2230 2055 insufficientem
2276 2013 2291 2057 :
2362 1987 2524 2076 quia
2588 1983 2721 2052 hoc

1153 2093 1402 2160 suflicit
1435 2094 1637 2161 nobis
1676 2095 1761 2162 ad
1800 2093 2305 2185 philosophiam
2339 2092 2716 2160 naturalem

1154 2201 1236 2270 de
1265 2226 1402 2292 qua
1449 2225 1634 2270 nunc
1675 2201 2043 2293 loquimur.
2111 2203 2413 2271 Medicus
2488 2212 2715 2271 autem

1153 2309 1481 2377 discretus
1531 2308 1738 2377 babet
1797 2333 2038 2378 omnes
2068 2311 2308 2378 modos
2348 2321 2412 2378 et
2478 2334 2715 2379 causas

1152 2418 1389 2508 ipsius.

1240 2525 1560 2617 Amplius
1594 2537 1825 2596 autem
1858 2551 2098 2596 sensus
2163 2536 2264 2595 est
2304 2529 2375 2595 iu
2406 2527 2708 2596 cerebro·

1149 2633 1518 2702 Cerebrum
1542 2644 1775 2704 autem
1810 2637 1877 2704 in
1916 2637 2198 2704 veritate
2242 2660 2380 2703 non
2438 2645 2539 2703 est
2582 2635 2709 2703 nisi

1155 2742 1224 2809 in
1292 2742 1574 2810 animali
1631 2742 1927 2811 habente
1981 2747 2420 2834 sanguinem:
2466 2743 2584 2810 scd
2643 2745 2710 2810 in

1154 2851 1567 2918 animalibus
1673 2851 2058 2921 carentibus
2141 2853 2513 2943 sanguine,
2611 2862 2712 2920 est

1148 2960 1538 3027 membrum
1569 2963 1990 3029 couveniens
2046 2962 2364 3029 cerebro:
2431 2970 2499 3029 ct
2552 2985 2712 3028 con-

1145 3071 1331 3135 venit
1352 3089 1510 3137 cum
1532 3068 1813 3137 cerebro
1838 3070 1904 3136 in
1927 3069 2437 3160 operationibus
2469 3071 2704 3160 ipsiuS,

1153 3177 1481 3266 quoniam
1522 3176 1872 3269 infrigidat
1910 3178 2140 3246 cibum
2216 3179 2332 3270 qui
2389 3181 2578 3247 venit
2625 3179 2711 3247 ad

1147 3284 1372 3375 ipsum
1400 3308 1484 3352 ex
1516 3284 1903 3354 elevatione
1931 3287 2286 3377 sanguinis
2312 3286 2420 3354 vel
2454 3285 2710 3354 humo-

1142 3391 1233 3457 ris
1271 3391 1388 3481 qui
1439 3398 1542 3459 est
1591 3390 1745 3460 loco
1800 3393 2198 3483 sauguinis:
2248 3401 2474 3484 potest
2523 3395 2704 3460 enim

1140 3498 1272 3567 hoc
1310 3523 1458 3568 esse
1489 3501 1559 3568 in
1590 3500 1907 3571 membro
1947 3502 2131 3593 quod
2177 3512 2280 3571 est
2307 3502 2459 3572 loco
2515 3525 2709 3571 cere-

1141 3605 1242 3674 bri
1286 3617 1565 3700 propter
1621 3609 1888 3701 aliquas
1944 3634 2184 3679 causas
2248 3610 2507 3680 similes
2544 3610 2702 3691 illis,

1141 3717 1318 3784 sicut
1347 3725 1451 3785 est
1470 3717 1811 3810 frigiditas
1840 3728 1908 3788 et
1938 3720 2408 3811 ponderositas
2437 3723 2701 3812 capitis.

1144 3822 1223 3891 ln
1265 3827 1456 3892 omni
1496 3828 1686 3894 enim
1726 3829 2034 3908 animali,
2098 3829 2242 3897 sive
2299 3830 2701 3918 sanguinem

1142 3930 1417 4012 habeat,
1460 3935 1607 4002 sive
1666 3958 1832 4014 non,
1903 3945 2214 4027 tempore
2271 3938 2705 4005 dormitionis

1140 4049 1240 4107 est
1271 4049 1473 4131 caput
1514 4042 2024 4132 ponderosum:
2069 4043 2252 4135 quod
2285 4066 2419 4112 non
2462 4044 2703 4113 accidit

1142 4149 1271 4216 nisi
1312 4171 1398 4215 ex
1429 4148 1709 4240 frigore.
1764 4150 1937 4219 Cum
1978 4159 2209 4219 autem
2257 4151 2450 4220 cibus
2509 4153 2704 4219 infri-

1137 4256 1435 4347 gidatur,
1467 4257 1658 4326 calor
1686 4257 1861 4348 fugit
1900 4281 2057 4326 cum
2088 4260 2421 4349 sanguine
2452 4282 2704 4349 grava-

1135 4369 1206 4429 to
1236 4370 1300 4430 et
1331 4362 1727 4454 infrigidato
1776 4364 2226 4434 descendente
2265 4366 2350 4432 ad
2392 4366 2694 4435 inferius.

1134 4469 1215 4536 Et
1247 4471 1408 4561 quia
1436 4470 1624 4539 calor
1660 4472 1963 4564 agitatur
1985 4472 2070 4541 ad
2102 4473 2381 4542 inferius
2420 4483 2482 4541 et
2525 4476 2706 4543 inte-

1138 4577 1302 4656 rius,
1337 4576 1492 4645 ideo
1548 4578 1675 4646 erit
1735 4601 2047 4647 somnus.
2116 4580 2197 4648 Εἰ
2255 4580 2407 4647 ideo
2446 4581 2698 4648 animal

1134 4687 1338 4753 erecti
1371 4689 1709 4777 corporis,
1751 4711 1892 4757 non
1951 4696 2172 4780 potest
2206 4688 2474 4757 elevare
2501 4698 2702 4781 caput

1134 4816 1363 4873 suum,
1398 4804 1467 4862 et
1497 4798 1841 4888 pra-cipue
1874 4798 2239 4888 ponderosi
2280 4801 2542 4889 capitis.
2578 4801 2704 4867 sic-

1136 4913 1209 4971 ut
1243 4903 1478 4980 tumn»,
1515 4919 1580 4972 ct
1623 4933 1982 4998 pjgmcus.
2021 4910 2350 4976 >iutilia-1·
2379 4925 2607 4978 autem
2636 4922 2699 4977 ct

1134 5013 1458 5082 animalia
1498 5014 1970 5108 quadrupedia
2017 5020 2317 5108 gravatis
2365 5018 2699 5110 capitibus

1134 5119 1543 5190 submittunt
1566 5123 1792 5214 capita
1824 5125 1894 5191 in
1917 5133 2224 5215 tempore
2243 5127 2494 5194 somni.
2524 5125 2703 5194 Sub-

1132 5228 1341 5297 tiliter
1384 5237 1620 5301 autem
1671 5230 1757 5301 de
1805 5229 1914 5299 his
1959 5232 2167 5302 locuti
2208 5256 2443 5301 sumus
2502 5237 2571 5303 in
2609 5233 2700 5301 li-

1131 5332 1272 5404 bris
1301 5360 1477 5427 quos
1508 5337 1797 5408 fecimus
1836 5339 1919 5407 de
1978 5343 2235 5410 Sorano
2278 5350 2342 5407 et
2396 5341 2691 5432 l'a’ye'le‘a:

1129 5442 1220 5510 ibi
1254 5446 1440 5514 enim
1459 5468 1702 5514 causas
1726 5447 1952 5517 somni
1983 5446 2422 5516 distinximus
2451 5449 2700 5518 distin-

1130 5552 1354 5621 ctione
1394 5553 1764 5645 completa.

1219 5660 1541 5753 Amplius
1569 5672 1804 5734 autem
1842 5664 2199 5736 cerebrum
2238 5669 2696 5758 compositum

1135 5777 1349 5839 estex
1379 5780 1562 5843 terra
1599 5783 1666 5843 et
1732 5798 1952 5867 aqua:
2013 5775 2200 5869 quod
2234 5776 2566 5866 probatur
2610 5801 2698 5850 ex

4244 416 4373 481 1323

2821 581 2974 662 boc,
3013 584 3197 673 quod
3228 585 3480 651 siccum
3513 583 3799 650 efficitur
3846 584 4120 673 quando
4179 583 4375 652 deco-

2820 692 3050 780 quitur
3082 702 3147 759 et
3187 692 3431 759 durum
3484 715 3497 758 :
3535 693 3693 780 quia
3753 700 3913 758 tunc
3980 691 4374 760 dissolvitur

2819 797 2903 863 ab
2930 820 3011 864 eo
3042 820 3198 887 pars
3239 820 3495 887 aquosa
3529 819 3651 886 per
3689 795 4116 875 calorem,'et
4146 822 4375 866 rema-

2820 913 2932 971 net
2974 907 3041 972 in
3102 930 3181 973 eo
3242 916 3558 974 constans
3614 930 3768 995 pars
3828 909 4161 974 terrestris
4220 931 4370 998 qua·

2819 1012 3035 1081 multa
3065 1023 3206 1083 est:
3245 1025 3311 1084 et
3349 1015 3619 1106 quando
3652 1038 3806 1104 pars
3837 1014 4121 1084 humida
4151 1015 4371 1085 resol-

2816 1121 2997 1188 vitur
3026 1122 3109 1190 ab
3142 1121 3535 1211 hujusmodi
3564 1129 3776 1213 parte,
3821 1132 4126 1189 remanet
4172 1122 4372 1191 valde

2818 1228 3091 1297 durum.

2913 1339 3221 1430 Amplius
3251 1347 3474 1407 autem
3517 1340 3723 1406 bomo
3754 1339 3961 1407 habet
3989 1340 4186 1408 valde
4219 1364 4373 1407 ma-

2820 1470 3032 1537 gnum
3064 1447 3441 1527 cerebrum,
3487 1446 3756 1538 quando
3779 1448 4226 1516 confer-turad
4268 1471 4373 1516 ce-

2821 1552 3018 1620 rebra
3056 1554 3456 1621 animalium
3514 1554 3829 1631 aliorum,
3896 1562 3960 1621 et
4015 1556 4370 1622 cerebrum

2820 1662 2949 1727 viri
2984 1663 3202 1751 majus
3242 1668 3344 1729 est
3370 1660 3644 1730 cerebro
3677 1662 4003 1728 mulieriS.

2911 1875 3155 1943 Adhuc
3185 1884 3412 1944 autem
3452 1876 3639 1944 locus
3672 1878 3786 1967 qui
3819 1878 4156 1945 vicinatur
4184 1878 4370 1946 cordi

2823 1986 3243 2075 etpulmoni,
3287 1994 3386 2053 est
3439 1985 3635 2053 valde
3692 1985 3974 2062 calidus,
4049 1995 4114 2054 et
4169 1987 4368 2078 erigit

2822 2113 3066 2182 corpus
3105 2091 3545 2184 propellendo
3610 2093 3920 2182 spiritum
3963 2100 4027 2159 et
4083 2092 4370 2182 sangui-

2822 2223 2977 2267 nem
3010 2200 3096 2268 ad
3136 2202 3446 2290 superius
3474 2224 3488 2267 :
3525 2209 3586 2267 et
3618 2200 3769 2267 ideo
3800 2199 4013 2267 homo
4041 2202 4202 2290 quia
4225 2199 4370 2268 haec

2820 2306 2963 2374 loca
2996 2307 3212 2374 calida
3240 2305 3470 2388 habet,
3513 2317 3613 2374 est
3643 2308 3842 2375 erecti
3874 2309 4179 2396 corporis
4208 2331 4222 2375 ε
4249 2306 4371 2375 ho-

2818 2435 2933 2479 mo
2974 2414 3156 2480 enim
3197 2422 3295 2480 est
3332 2413 3564 2481 calida·-
3597 2413 4132 2503 complexionis:
4169 2421 4234 2481 et
4264 2437 4372 2481 ca-

2820 2518 2926 2586 lor
2954 2529 3016 2587 et
3058 2521 3333 2611 spiritus
3398 2544 3665 2587 sursum
3707 2519 4059 2588 tendentes
4116 2520 4372 2588 faciunt

2817 2637 3264 2720 augmentum
3305 2631 3373 2696 in
3424 2629 3746 2696 membris
3804 2628 4272 2718 superioribus
4304 2638 4369 2697 et

2816 2738 3224 2805 erectionem
3301 2746 3597 2804 staturae.
3678 2736 3849 2803 lluic
3923 2758 4087 2803 vero
4157 2735 4366 2804 calori

2816 2845 3038 2913 cordis
3081 2853 3146 2912 et
3176 2844 3670 2933 complexionis
3702 2844 4207 2911 contrariantur
4232 2841 4369 2911 hu-

2817 2954 3088 3022 miditas
3154 2962 3220 3023 et
3295 2953 3624 3044 frigiditas
3693 2952 3960 3021 cerebri
4007 2974 4023 3019 ε
4093 2960 4370 3043 propter

2814 3062 3321 3130 multitudinem
3409 3062 3588 3130 enim
3666 3061 3892 3151 frigidi
3970 3069 4035 3128 et
4105 3059 4368 3128 humidi

2814 3169 2994 3262 quod
3026 3177 3127 3237 est
3166 3170 3233 3236 in
3267 3168 3570 3246 cerebr0‚
3644 3192 3781 3236 non
3821 3168 3958 3237 cito
4019 3169 4088 3235 in
4142 3170 4367 3260 pueris

2811 3278 3105 3346 durescit
3134 3301 3289 3368 pars
3317 3277 3540 3343 vicina
3596 3274 3900 3358 cerebrm
3935 3298 4012 3343 os
4050 3275 4366 3343 videlicet

2813 3388 2997 3479 quod
3026 3394 3125 3454 est
3176 3387 3243 3453 in
3274 3387 3492 3476 prima
3549 3394 3780 3452 sutura
3831 3384 4201 3475 sincipitis:
4237 3407 4366 3451 va-

2809 3518 2937 3586 por
2966 3496 3148 3563 enim
3180 3501 3246 3561 et
3276 3493 3460 3561 calor
3497 3515 3533 3559 a
3563 3491 3764 3560 corde
3795 3500 3863 3559 et
3892 3490 4363 3581 spiritualibus

2810 3604 3158 3671 venientes
3200 3624 3321 3693 per
3376 3600 3560 3668 illam
3625 3608 3888 3689 partem
3949 3607 4239 3667 exeunt:
4301 3606 4367 3667 et

2819 3714 2971 3782 ideo
3003 3735 3142 3780 non
3174 3711 3415 3780 accidit
3441 3709 3571 3778 hoc
3598 3710 3725 3777 nisi
3765 3709 4044 3776 animali
4086 3706 4364 3776 babenti

2813 3822 3216 3911 sanguinem
3256 3828 3321 3887 et
3363 3825 3562 3908 caput
3602 3816 3830 3885 multa*
3869 3826 4149 3894 suturae,
4184 3817 4356 3884 sicut

2810 3938 2910 3997 est
2946 3928 3184 3996 hoino.
3248 3927 3364 3994 list
3412 3925 3541 3994 hoc
3588 3924 3898 3992 accidens
3947 3925 4362 3993 conveniens

2807 4040 3012 4107 etiam
3043 4037 3336 4106 foeminis
3365 4035 3722 4104 hominum
3754 4042 4031 4125 propter
4050 4035 4361 4102 eamdem

2807 4171 3108 4225 causam,
3152 4156 3227 4215 ut
3272 4144 3582 4214 videlicet
3645 4144 3891 4212 melius
3956 4144 4143 4212 calor
4200 4166 4368 4235 pos-

2806 4260 2893 4327 sit
2932 4259 3290 4350 respirare,
3331 4256 3670 4348 przecipue
3699 4253 3978 4345 quando
4007 4253 4364 4322 cerebrum

2807 4376 2908 4437 est
2946 4365 3145 4434 valde
3211 4387 3537 4456 magnum
3618 4371 3924 4453 respectu
3966 4362 4368 4455 quantitatis

2805 4477 3154 4567 corporis:
3194 4475 3250 4542 si
3283 4475 3464 4542 enim
3495 4474 3692 4541 citius
3741 4495 3950 4562 quam
4000 4470 4202 4540 debet
4250 4495 4365 4540 se-

2806 4583 3105 4652 cundum
3138 4589 3450 4650 naturam
3482 4580 3814 4668 contingit
3841 4578 4255 4647 consolidari
4295 4587 4362 4647 et

2808 4692 3135 4770 indurari,
3213 4712 3353 4759 non
3409 4688 3701 4782 perfecte
3757 4685 4128 4778 complebit
4184 4708 4358 4777 opus

2805 4821 3050 4868 suum:
3086 4798 3202 4867 sed
3228 4799 3455 4888 potius
3488 4797 3555 4864 in
3584 4795 3833 4864 talibus
3870 4817 4091 4886 vapor
4127 4796 4365 4885 exspi-

2808 4933 2954 4978 rare
2995 4932 3132 4976 non
3171 4910 3429 4986 xalens,
3490 4902 3941 4996 infrigidatur,
3988 4910 4055 4970 et
4097 4901 4367 4993 infrigi-

2806 5017 2921 5086 dat
2948 5022 3153 5108 caput
3191 5021 3256 5083 et
3293 5035 3540 5105 corpus
3572 5034 3587 5079 :
3630 5019 3697 5080 et
3736 5009 4051 5078 accidunt
4097 5031 4184 5076 ex
4232 5008 4364 5079 hoc

2804 5126 3235 5194 infirmitates
3262 5130 3329 5190 et
3360 5120 3674 5190 amentiae
3724 5118 3871 5187 sive
3920 5117 4202 5185 amissio
4251 5117 4365 5185 in-

2805 5232 3134 5303 tellectus.
3214 5228 3420 5301 Calor
3491 5230 3670 5297 enim
3741 5225 3969 5295 cordis
4025 5230 4092 5293 et
4156 5225 4361 5314 primi

2804 5337 3097 5410 membri
3125 5346 3228 5408 est
3265 5336 3545 5414 multus,
3571 5345 3633 5406 et
3665 5335 3749 5403 de
3771 5332 3949 5402 facili
3982 5330 4252 5400 laeditur
4278 5331 4364 5399 ab

2805 5448 2955 5517 aliis
2984 5445 3311 5516 membris
3339 5444 3613 5537 quando
3643 5441 3937 5511 multum
3969 5439 4372 5530 oppilantur

2806 5566 2874 5627 et
2901 5555 3405 5648 infrigidantur,
3449 5563 3509 5621 et
3577 5574 3814 5619 sensus
3863 5550 4013 5637 ejus
4078 5551 4198 5640 qui
4266 5553 4367 5616 est

2806 5665 3073 5735 subtilis
3101 5662 3299 5734 valde
3338 5668 3406 5731 et
3432 5658 3828 5736 vehemens,
3853 5659 3991 5726 cito
4032 5657 4364 5724 immuta-

2807 5786 2921 5848 tur
2955 5773 3230 5869 quando
3268 5770 3607 5842 concurrit
3634 5766 3893 5861 aliquid
3914 5766 4001 5836 ad
4030 5766 4255 5855 ipsum
4277 5761 4362 5830 de
