<?xml version="1.0" encoding="UTF-8"?>
<!DOCTYPE html PUBLIC "-//W3C//DTD XHTML 1.0 Transitional//EN"
    "http://www.w3.org/TR/xhtml1/DTD/xhtml1-transitional.dtd">
<html xmlns="http://www.w3.org/1999/xhtml" xml:lang="en" lang="en">
 <head>
  <title>
</title>
<meta http-equiv="Content-Type" content="text/html;charset=utf-8" />
  <meta name='ocr-system' content='tesseract 3.04.00' />
  <meta name='ocr-capabilities' content='ocr_page ocr_carea ocr_par ocr_line ocrx_word'/>
</head>
<body>
  <div class='ocr_page' id='page_1' title='image "balbertimagnira01chgoog_0588.png"; bbox 0 0 4919 6371; ppageno 0'>
   <div class='ocr_carea' id='block_1_1' title="bbox 392 391 525 461">
    <p class='ocr_par' dir='ltr' id='par_1_1' title="bbox 392 391 525 461">
     <span class='ocr_line' id='line_1_1' title="bbox 392 391 525 461; baseline -0.03 1"><span class='ocrx_word' id='word_1_1' title='bbox 392 391 525 461; x_wconf 83' lang='lat'><strong>552</strong></span> 
     </span>
    </p>
   </div>
   <div class='ocr_carea' id='block_1_2' title="bbox 389 551 2037 1328">
    <p class='ocr_par' dir='ltr' id='par_1_2' title="bbox 389 551 2037 1328">
     <span class='ocr_line' id='line_1_2' title="bbox 393 551 2037 648; baseline -0.007 -15"><span class='ocrx_word' id='word_1_2' title='bbox 393 571 497 633; x_wconf 82' lang='lat' dir='ltr'><strong>est</strong></span> <span class='ocrx_word' id='word_1_3' title='bbox 535 556 855 630; x_wconf 82' lang='lat' dir='ltr'><strong>revoluta</strong></span> <span class='ocrx_word' id='word_1_4' title='bbox 902 579 915 623; x_wconf 92' lang='lat'><strong>:</strong></span> <span class='ocrx_word' id='word_1_5' title='bbox 963 562 1033 623; x_wconf 88' lang='lat' dir='ltr'><strong>et</strong></span> <span class='ocrx_word' id='word_1_6' title='bbox 1074 552 1236 624; x_wconf 92' lang='lat' dir='ltr'><strong>ideo</strong></span> <span class='ocrx_word' id='word_1_7' title='bbox 1293 553 1687 624; x_wconf 82' lang='lat' dir='ltr'><strong>effunditur</strong></span> <span class='ocrx_word' id='word_1_8' title='bbox 1739 554 1810 624; x_wconf 91' lang='lat' dir='ltr'><strong>id</strong></span> <span class='ocrx_word' id='word_1_9' title='bbox 1841 551 2037 648; x_wconf 90' lang='lat' dir='ltr'><strong>quod</strong></span> 
     </span>
     <span class='ocr_line' id='line_1_3' title="bbox 389 665 2031 762; baseline -0.005 -19"><span class='ocrx_word' id='word_1_10' title='bbox 389 683 488 743; x_wconf 77' lang='lat' dir='ltr'><strong>est</strong></span> <span class='ocrx_word' id='word_1_11' title='bbox 534 674 602 740; x_wconf 93' lang='lat' dir='ltr'><strong>in</strong></span> <span class='ocrx_word' id='word_1_12' title='bbox 647 670 819 762; x_wconf 82' lang='lat' dir='ltr'><strong>ipsa.</strong></span> <span class='ocrx_word' id='word_1_13' title='bbox 888 665 1193 749; x_wconf 85' lang='lat' dir='ltr'>Quando</span> <span class='ocrx_word' id='word_1_14' title='bbox 1258 675 1498 738; x_wconf 92' lang='lat' dir='ltr'><strong>autem</strong></span> <span class='ocrx_word' id='word_1_15' title='bbox 1560 676 1700 739; x_wconf 87' lang='lat' dir='ltr'><strong>stat</strong></span> <span class='ocrx_word' id='word_1_16' title='bbox 1741 666 2031 737; x_wconf 74' lang='lat' dir='ltr'><strong>mulier,</strong></span> 
     </span>
     <span class='ocr_line' id='line_1_4' title="bbox 393 781 2029 876; baseline -0.004 -23"><span class='ocrx_word' id='word_1_17' title='bbox 393 783 797 853; x_wconf 70' lang='lat' dir='ltr'>extenditur</span> <span class='ocrx_word' id='word_1_18' title='bbox 821 781 1106 863; x_wconf 83' lang='lat' dir='ltr'><strong>matrix,</strong></span> <span class='ocrx_word' id='word_1_19' title='bbox 1128 783 1730 876; x_wconf 86' lang='lat' dir='ltr'><strong>etconstringitur</strong></span> <span class='ocrx_word' id='word_1_20' title='bbox 1747 805 1826 851; x_wconf 90' lang='lat' dir='ltr'><strong>os</strong></span> <span class='ocrx_word' id='word_1_21' title='bbox 1853 781 2029 872; x_wconf 90' lang='lat' dir='ltr'><strong>ejus,</strong></span> 
     </span>
     <span class='ocr_line' id='line_1_5' title="bbox 397 891 2037 990; baseline -0.004 -24"><span class='ocrx_word' id='word_1_22' title='bbox 397 905 648 966; x_wconf 89' lang='lat' dir='ltr'><strong>utnon</strong></span> <span class='ocrx_word' id='word_1_23' title='bbox 678 895 966 989; x_wconf 88' lang='lat' dir='ltr'><strong>recipiat</strong></span> <span class='ocrx_word' id='word_1_24' title='bbox 1011 919 1026 965; x_wconf 91' lang='lat'><strong>:</strong></span> <span class='ocrx_word' id='word_1_25' title='bbox 1087 904 1157 967; x_wconf 90' lang='lat' dir='ltr'><strong>et</strong></span> <span class='ocrx_word' id='word_1_26' title='bbox 1211 898 1272 967; x_wconf 88' lang='lat' dir='ltr'><strong>si</strong></span> <span class='ocrx_word' id='word_1_27' title='bbox 1327 896 1603 990; x_wconf 81' lang='lat' dir='ltr'><strong>recipit,</strong></span> <span class='ocrx_word' id='word_1_28' title='bbox 1648 891 2037 965; x_wconf 77' lang='lat' dir='ltr'><strong>effunditur</strong></span> 
     </span>
     <span class='ocr_line' id='line_1_6' title="bbox 400 1008 2035 1103; baseline -0.003 -24"><span class='ocrx_word' id='word_1_29' title='bbox 400 1019 685 1103; x_wconf 91' lang='lat' dir='ltr'><strong>propter</strong></span> <span class='ocrx_word' id='word_1_30' title='bbox 757 1010 1279 1082; x_wconf 78' lang='lat' dir='ltr'><strong>extensionem.</strong></span> <span class='ocrx_word' id='word_1_31' title='bbox 1349 1008 1721 1080; x_wconf 84' lang='lat' dir='ltr'><strong>Posterius</strong></span> <span class='ocrx_word' id='word_1_32' title='bbox 1793 1013 2035 1076; x_wconf 88' lang='lat' dir='ltr'><strong>autem</strong></span> 
     </span>
     <span class='ocr_line' id='line_1_7' title="bbox 400 1115 2028 1215; baseline -0.005 -23"><span class='ocrx_word' id='word_1_33' title='bbox 400 1122 679 1215; x_wconf 85' lang='lat' dir='ltr'><strong>cognita</strong></span> <span class='ocrx_word' id='word_1_34' title='bbox 737 1121 993 1192; x_wconf 90' lang='lat' dir='ltr'><strong>mulier</strong></span> <span class='ocrx_word' id='word_1_35' title='bbox 1054 1146 1202 1191; x_wconf 91' lang='lat' dir='ltr'><strong>non</strong></span> <span class='ocrx_word' id='word_1_36' title='bbox 1243 1119 1496 1214; x_wconf 84' lang='lat' dir='ltr'><strong>recipit</strong></span> <span class='ocrx_word' id='word_1_37' title='bbox 1550 1140 1821 1196; x_wconf 88' lang='lat' dir='ltr'><strong>semen,</strong></span> <span class='ocrx_word' id='word_1_38' title='bbox 1892 1115 2028 1185; x_wconf 90' lang='lat' dir='ltr'><strong>nisi</strong></span> 
     </span>
     <span class='ocr_line' id='line_1_8' title="bbox 406 1229 2035 1328; baseline -0.004 -23"><span class='ocrx_word' id='word_1_39' title='bbox 406 1236 588 1305; x_wconf 89' lang='lat' dir='ltr'><strong>inter</strong></span> <span class='ocrx_word' id='word_1_40' title='bbox 617 1233 803 1305; x_wconf 85' lang='lat' dir='ltr'><strong>labia</strong></span> <span class='ocrx_word' id='word_1_41' title='bbox 831 1234 1064 1305; x_wconf 82' lang='lat' dir='ltr'><strong>vulvae</strong></span> <span class='ocrx_word' id='word_1_42' title='bbox 1092 1257 1107 1303; x_wconf 93' lang='lat'><strong>:</strong></span> <span class='ocrx_word' id='word_1_43' title='bbox 1140 1233 1308 1328; x_wconf 90' lang='lat' dir='ltr'><strong>quia</strong></span> <span class='ocrx_word' id='word_1_44' title='bbox 1340 1229 1723 1325; x_wconf 85' lang='lat' dir='ltr'><strong>spissitudo</strong></span> <span class='ocrx_word' id='word_1_45' title='bbox 1758 1230 2035 1300; x_wconf 88' lang='lat' dir='ltr'><strong>natium</strong></span> 
     </span>
    </p>
   </div>
   <div class='ocr_carea' id='block_1_3' title="bbox 401 1342 2042 1442">
    <p class='ocr_par' dir='ltr' id='par_1_3' title="bbox 401 1342 2042 1442">
     <span class='ocr_line' id='line_1_9' title="bbox 401 1342 2042 1442; baseline -0.005 -23"><span class='ocrx_word' id='word_1_46' title='bbox 401 1348 694 1442; x_wconf 90' lang='lat' dir='ltr'><strong>impedit</strong></span> <span class='ocrx_word' id='word_1_47' title='bbox 731 1347 986 1418; x_wconf 80' lang='lat' dir='ltr'><strong>veretri</strong></span> <span class='ocrx_word' id='word_1_48' title='bbox 1028 1368 1257 1439; x_wconf 91' lang='lat' dir='ltr'><strong>usque</strong></span> <span class='ocrx_word' id='word_1_49' title='bbox 1289 1342 1379 1413; x_wconf 93' lang='lat' dir='ltr'><strong>ad</strong></span> <span class='ocrx_word' id='word_1_50' title='bbox 1411 1367 1491 1415; x_wconf 92' lang='lat' dir='ltr'><strong>os</strong></span> <span class='ocrx_word' id='word_1_51' title='bbox 1525 1344 1839 1414; x_wconf 87' lang='lat' dir='ltr'><strong>matricis</strong></span> <span class='ocrx_word' id='word_1_52' title='bbox 1876 1366 2042 1437; x_wconf 91' lang='lat' dir='ltr'><strong>por-</strong></span> 
     </span>
    </p>
   </div>
   <div class='ocr_carea' id='block_1_4' title="bbox 395 1457 2039 6090">
    <p class='ocr_par' dir='ltr' id='par_1_4' title="bbox 399 1457 2039 1778">
     <span class='ocr_line' id='line_1_10' title="bbox 399 1457 2039 1530; baseline -0.003 -1"><span class='ocrx_word' id='word_1_53' title='bbox 399 1459 807 1530; x_wconf 83' lang='lat' dir='ltr'><strong>rectionem.</strong></span> <span class='ocrx_word' id='word_1_54' title='bbox 844 1458 1200 1527; x_wconf 84' lang='lat' dir='ltr'><strong>Praeterea</strong></span> <span class='ocrx_word' id='word_1_55' title='bbox 1224 1464 1395 1526; x_wconf 90' lang='lat' dir='ltr'><strong>tunc</strong></span> <span class='ocrx_word' id='word_1_56' title='bbox 1419 1457 1681 1525; x_wconf 83' lang='lat' dir='ltr'><strong>matrix</strong></span> <span class='ocrx_word' id='word_1_57' title='bbox 1715 1462 1820 1525; x_wconf 90' lang='lat' dir='ltr'><strong>est</strong></span> <span class='ocrx_word' id='word_1_58' title='bbox 1841 1476 2039 1525; x_wconf 86' lang='lat' dir='ltr'><strong>ever-</strong></span> 
     </span>
     <span class='ocr_line' id='line_1_11' title="bbox 400 1568 2035 1657; baseline -0.002 -14"><span class='ocrx_word' id='word_1_59' title='bbox 400 1581 578 1657; x_wconf 89' lang='lat' dir='ltr'><strong>sata,</strong></span> <span class='ocrx_word' id='word_1_60' title='bbox 623 1579 692 1641; x_wconf 89' lang='lat' dir='ltr'><strong>et</strong></span> <span class='ocrx_word' id='word_1_61' title='bbox 723 1571 967 1641; x_wconf 87' lang='lat' dir='ltr'><strong>nonin</strong></span> <span class='ocrx_word' id='word_1_62' title='bbox 999 1571 1141 1640; x_wconf 89' lang='lat' dir='ltr'><strong>situ</strong></span> <span class='ocrx_word' id='word_1_63' title='bbox 1198 1569 1533 1653; x_wconf 91' lang='lat' dir='ltr'><strong>naturali,</strong></span> <span class='ocrx_word' id='word_1_64' title='bbox 1570 1577 1639 1640; x_wconf 92' lang='lat' dir='ltr'><strong>et</strong></span> <span class='ocrx_word' id='word_1_65' title='bbox 1686 1568 1843 1640; x_wconf 91' lang='lat' dir='ltr'><strong>ideo</strong></span> <span class='ocrx_word' id='word_1_66' title='bbox 1888 1591 2035 1639; x_wconf 90' lang='lat' dir='ltr'><strong>non</strong></span> 
     </span>
     <span class='ocr_line' id='line_1_12' title="bbox 399 1683 1184 1778; baseline -0.001 -24"><span class='ocrx_word' id='word_1_67' title='bbox 399 1683 601 1755; x_wconf 83' lang='lat' dir='ltr'><strong>facile</strong></span> <span class='ocrx_word' id='word_1_68' title='bbox 642 1706 882 1754; x_wconf 90' lang='lat' dir='ltr'><strong>semen</strong></span> <span class='ocrx_word' id='word_1_69' title='bbox 906 1683 1184 1778; x_wconf 87' lang='lat' dir='ltr'><strong>accipit.</strong></span> 
     </span>
    </p>

    <p class='ocr_par' dir='ltr' id='par_1_5' title="bbox 406 1795 2038 2204">
     <span class='ocr_line' id='line_1_13' title="bbox 495 1795 2035 1869; baseline -0.001 -2"><span class='ocrx_word' id='word_1_70' title='bbox 495 1796 708 1867; x_wconf 86' lang='lat' dir='ltr'><strong>Error</strong></span> <span class='ocrx_word' id='word_1_71' title='bbox 747 1805 987 1868; x_wconf 89' lang='lat' dir='ltr'><strong>autem</strong></span> <span class='ocrx_word' id='word_1_72' title='bbox 1048 1804 1152 1868; x_wconf 87' lang='lat' dir='ltr'><strong>est</strong></span> <span class='ocrx_word' id='word_1_73' title='bbox 1214 1797 1432 1869; x_wconf 89' lang='lat' dir='ltr'><strong>etiam</strong></span> <span class='ocrx_word' id='word_1_74' title='bbox 1506 1798 1580 1868; x_wconf 94' lang='lat' dir='ltr'><strong>in</strong></span> <span class='ocrx_word' id='word_1_75' title='bbox 1652 1795 2035 1867; x_wconf 88' lang='lat' dir='ltr'><strong>emissione</strong></span> 
     </span>
     <span class='ocr_line' id='line_1_14' title="bbox 406 1910 2038 2005; baseline -0.002 -24"><span class='ocrx_word' id='word_1_76' title='bbox 406 1912 654 1993; x_wconf 89' lang='lat' dir='ltr'><strong>coitus,</strong></span> <span class='ocrx_word' id='word_1_77' title='bbox 691 1911 747 1980; x_wconf 92' lang='lat' dir='ltr'><strong>si</strong></span> <span class='ocrx_word' id='word_1_78' title='bbox 789 1935 975 1980; x_wconf 91' lang='lat' dir='ltr'><strong>unus</strong></span> <span class='ocrx_word' id='word_1_79' title='bbox 1007 1910 1401 2005; x_wconf 90' lang='lat' dir='ltr'><strong>conjugum</strong></span> <span class='ocrx_word' id='word_1_80' title='bbox 1436 1932 1721 2003; x_wconf 87' lang='lat' dir='ltr'><strong>semper</strong></span> <span class='ocrx_word' id='word_1_81' title='bbox 1749 1910 1919 1991; x_wconf 91' lang='lat' dir='ltr'><strong>cito,</strong></span> <span class='ocrx_word' id='word_1_82' title='bbox 1968 1916 2038 1980; x_wconf 90' lang='lat' dir='ltr'><strong>et</strong></span> 
     </span>
     <span class='ocr_line' id='line_1_15' title="bbox 409 2017 2036 2115; baseline 0 -24"><span class='ocrx_word' id='word_1_83' title='bbox 409 2021 583 2092; x_wconf 89' lang='lat' dir='ltr'><strong>alter</strong></span> <span class='ocrx_word' id='word_1_84' title='bbox 648 2044 930 2115; x_wconf 85' lang='lat' dir='ltr'><strong>semper</strong></span> <span class='ocrx_word' id='word_1_85' title='bbox 969 2020 1167 2091; x_wconf 88' lang='lat' dir='ltr'><strong>tarde</strong></span> <span class='ocrx_word' id='word_1_86' title='bbox 1211 2021 1513 2090; x_wconf 90' lang='lat' dir='ltr'><strong>emittat.</strong></span> <span class='ocrx_word' id='word_1_87' title='bbox 1565 2018 1710 2090; x_wconf 88' lang='lat' dir='ltr'><strong>Sed</strong></span> <span class='ocrx_word' id='word_1_88' title='bbox 1751 2018 1837 2090; x_wconf 89' lang='lat' dir='ltr'><strong>de</strong></span> <span class='ocrx_word' id='word_1_89' title='bbox 1898 2017 2036 2091; x_wconf 87' lang='lat' dir='ltr'><strong>hoc</strong></span> 
     </span>
     <span class='ocr_line' id='line_1_16' title="bbox 411 2130 1608 2204; baseline -0.001 -1"><span class='ocrx_word' id='word_1_90' title='bbox 411 2135 579 2203; x_wconf 87' lang='lat' dir='ltr'><strong>satis</strong></span> <span class='ocrx_word' id='word_1_91' title='bbox 612 2136 682 2203; x_wconf 90' lang='lat' dir='ltr'><strong>in</strong></span> <span class='ocrx_word' id='word_1_92' title='bbox 713 2130 1139 2202; x_wconf 86' lang='lat' dir='ltr'><strong>antehabitis</strong></span> <span class='ocrx_word' id='word_1_93' title='bbox 1172 2132 1440 2203; x_wconf 86' lang='lat' dir='ltr'><strong>dictum</strong></span> <span class='ocrx_word' id='word_1_94' title='bbox 1477 2141 1608 2204; x_wconf 89' lang='lat' dir='ltr'><strong>est.</strong></span> 
     </span>
    </p>

    <p class='ocr_par' dir='ltr' id='par_1_6' title="bbox 403 2244 2035 3003">
     <span class='ocr_line' id='line_1_17' title="bbox 507 2244 2031 2339; baseline 0 -26"><span class='ocrx_word' id='word_1_95' title='bbox 507 2245 722 2315; x_wconf 88' lang='lat' dir='ltr'><strong>Error</strong></span> <span class='ocrx_word' id='word_1_96' title='bbox 750 2246 961 2314; x_wconf 85' lang='lat' dir='ltr'><strong>etiam</strong></span> <span class='ocrx_word' id='word_1_97' title='bbox 995 2244 1382 2339; x_wconf 91' lang='lat' dir='ltr'><strong>aliquando</strong></span> <span class='ocrx_word' id='word_1_98' title='bbox 1414 2252 1520 2315; x_wconf 87' lang='lat' dir='ltr'><strong>cst</strong></span> <span class='ocrx_word' id='word_1_99' title='bbox 1550 2252 1710 2339; x_wconf 88' lang='lat' dir='ltr'><strong>post</strong></span> <span class='ocrx_word' id='word_1_100' title='bbox 1735 2245 2031 2328; x_wconf 92' lang='lat' dir='ltr'><strong>coitum,</strong></span> 
     </span>
     <span class='ocr_line' id='line_1_18' title="bbox 413 2356 2028 2451; baseline -0.001 -26"><span class='ocrx_word' id='word_1_101' title='bbox 413 2364 491 2426; x_wconf 92' lang='lat' dir='ltr'><strong>ut</strong></span> <span class='ocrx_word' id='word_1_102' title='bbox 549 2356 606 2425; x_wconf 91' lang='lat' dir='ltr'><strong>si</strong></span> <span class='ocrx_word' id='word_1_103' title='bbox 676 2356 933 2427; x_wconf 89' lang='lat' dir='ltr'><strong>mulier</strong></span> <span class='ocrx_word' id='word_1_104' title='bbox 1009 2358 1248 2426; x_wconf 89' lang='lat' dir='ltr'><strong>statim</strong></span> <span class='ocrx_word' id='word_1_105' title='bbox 1291 2358 1522 2451; x_wconf 85' lang='lat' dir='ltr'><strong>surgit</strong></span> <span class='ocrx_word' id='word_1_106' title='bbox 1562 2364 1628 2426; x_wconf 90' lang='lat' dir='ltr'><strong>et</strong></span> <span class='ocrx_word' id='word_1_107' title='bbox 1670 2364 2028 2438; x_wconf 73' lang='lat' dir='ltr'><strong>movetur,</strong></span> 
     </span>
     <span class='ocr_line' id='line_1_19' title="bbox 408 2467 2031 2565; baseline 0 -27"><span class='ocrx_word' id='word_1_108' title='bbox 408 2468 521 2538; x_wconf 75' lang='lat' dir='ltr'><strong>vel</strong></span> <span class='ocrx_word' id='word_1_109' title='bbox 562 2468 793 2549; x_wconf 90' lang='lat' dir='ltr'><strong>saltat,</strong></span> <span class='ocrx_word' id='word_1_110' title='bbox 884 2478 1006 2539; x_wconf 92' lang='lat' dir='ltr'><strong>aut</strong></span> <span class='ocrx_word' id='word_1_111' title='bbox 1073 2471 1289 2541; x_wconf 89' lang='lat' dir='ltr'><strong>etiam</strong></span> <span class='ocrx_word' id='word_1_112' title='bbox 1333 2469 1594 2565; x_wconf 90' lang='lat' dir='ltr'><strong>mingit</strong></span> <span class='ocrx_word' id='word_1_113' title='bbox 1661 2467 2031 2540; x_wconf 89' lang='lat' dir='ltr'><strong>retinendo</strong></span> 
     </span>
     <span class='ocr_line' id='line_1_20' title="bbox 403 2582 2035 2677; baseline 0 -25"><span class='ocrx_word' id='word_1_114' title='bbox 403 2584 681 2654; x_wconf 85' lang='lat' dir='ltr'><strong>urinam</strong></span> <span class='ocrx_word' id='word_1_115' title='bbox 722 2584 904 2655; x_wconf 80' lang='lat' dir='ltr'><strong>infra</strong></span> <span class='ocrx_word' id='word_1_116' title='bbox 935 2583 1124 2654; x_wconf 87' lang='lat' dir='ltr'><strong>labia</strong></span> <span class='ocrx_word' id='word_1_117' title='bbox 1160 2582 1426 2666; x_wconf 78' lang='lat' dir='ltr'><strong>vulvae,</strong></span> <span class='ocrx_word' id='word_1_118' title='bbox 1463 2593 1534 2655; x_wconf 91' lang='lat' dir='ltr'><strong>et</strong></span> <span class='ocrx_word' id='word_1_119' title='bbox 1562 2582 1886 2655; x_wconf 78' lang='lat' dir='ltr'><strong>faciendo</strong></span> <span class='ocrx_word' id='word_1_120' title='bbox 1920 2584 2035 2677; x_wconf 92' lang='lat' dir='ltr'><strong>ip-</strong></span> 
     </span>
     <span class='ocr_line' id='line_1_21' title="bbox 406 2695 2023 2768; baseline -0.001 -2"><span class='ocrx_word' id='word_1_121' title='bbox 406 2720 556 2766; x_wconf 88' lang='lat' dir='ltr'><strong>sam</strong></span> <span class='ocrx_word' id='word_1_122' title='bbox 588 2721 867 2768; x_wconf 88' lang='lat' dir='ltr'><strong>sursum</strong></span> <span class='ocrx_word' id='word_1_123' title='bbox 930 2696 1326 2768; x_wconf 89' lang='lat' dir='ltr'><strong>redundare</strong></span> <span class='ocrx_word' id='word_1_124' title='bbox 1389 2697 1478 2768; x_wconf 91' lang='lat' dir='ltr'><strong>ad</strong></span> <span class='ocrx_word' id='word_1_125' title='bbox 1522 2722 1602 2768; x_wconf 90' lang='lat' dir='ltr'><strong>os</strong></span> <span class='ocrx_word' id='word_1_126' title='bbox 1660 2695 2023 2767; x_wconf 84' lang='lat' dir='ltr'><strong>matricis:</strong></span> 
     </span>
     <span class='ocr_line' id='line_1_22' title="bbox 405 2808 2034 2905; baseline -0.001 -27"><span class='ocrx_word' id='word_1_127' title='bbox 405 2816 571 2879; x_wconf 87' lang='lat' dir='ltr'><strong>tunc</strong></span> <span class='ocrx_word' id='word_1_128' title='bbox 602 2812 789 2879; x_wconf 90' lang='lat' dir='ltr'><strong>enim</strong></span> <span class='ocrx_word' id='word_1_129' title='bbox 826 2808 1224 2881; x_wconf 82' lang='lat' dir='ltr'><strong>lubricitate</strong></span> <span class='ocrx_word' id='word_1_130' title='bbox 1258 2832 1388 2880; x_wconf 89' lang='lat' dir='ltr'><strong>sua</strong></span> <span class='ocrx_word' id='word_1_131' title='bbox 1419 2833 1703 2905; x_wconf 90' lang='lat' dir='ltr'><strong>sperma</strong></span> <span class='ocrx_word' id='word_1_132' title='bbox 1733 2810 2034 2880; x_wconf 90' lang='lat' dir='ltr'><strong>commi-</strong></span> 
     </span>
     <span class='ocr_line' id='line_1_23' title="bbox 404 2923 960 3003; baseline 0.002 -12"><span class='ocrx_word' id='word_1_133' title='bbox 404 2931 656 3003; x_wconf 83' lang='lat' dir='ltr'><strong>scetur,</strong></span> <span class='ocrx_word' id='word_1_134' title='bbox 693 2931 756 2992; x_wconf 86' lang='lat' dir='ltr'><strong>et</strong></span> <span class='ocrx_word' id='word_1_135' title='bbox 792 2923 960 2992; x_wconf 91' lang='lat' dir='ltr'><strong>exit.</strong></span> 
     </span>
    </p>

    <p class='ocr_par' dir='ltr' id='par_1_7' title="bbox 400 3033 2030 4464">
     <span class='ocr_line' id='line_1_24' title="bbox 496 3033 2030 3131; baseline 0 -28"><span class='ocrx_word' id='word_1_136' title='bbox 496 3034 652 3103; x_wconf 78' lang='lat' dir='ltr'><strong>Non</strong></span> <span class='ocrx_word' id='word_1_137' title='bbox 686 3045 790 3105; x_wconf 85' lang='lat' dir='ltr'><strong>est</strong></span> <span class='ocrx_word' id='word_1_138' title='bbox 837 3035 1555 3130; x_wconf 81' lang='lat' dir='ltr'><strong>praetermittendum‚</strong></span> <span class='ocrx_word' id='word_1_139' title='bbox 1611 3034 1802 3131; x_wconf 89' lang='lat' dir='ltr'><strong>quod</strong></span> <span class='ocrx_word' id='word_1_140' title='bbox 1847 3033 2030 3129; x_wconf 82' lang='lat' dir='ltr'><strong>liip-</strong></span> 
     </span>
     <span class='ocr_line' id='line_1_25' title="bbox 403 3146 2028 3243; baseline 0.002 -29"><span class='ocrx_word' id='word_1_141' title='bbox 403 3156 723 3242; x_wconf 87' lang='lat' dir='ltr'><strong>pocrates</strong></span> <span class='ocrx_word' id='word_1_142' title='bbox 753 3148 945 3232; x_wconf 89' lang='lat' dir='ltr'><strong>dicit,</strong></span> <span class='ocrx_word' id='word_1_143' title='bbox 983 3147 1177 3243; x_wconf 90' lang='lat' dir='ltr'><strong>quod</strong></span> <span class='ocrx_word' id='word_1_144' title='bbox 1207 3146 1541 3221; x_wconf 89' lang='lat' dir='ltr'><strong>videlicet</strong></span> <span class='ocrx_word' id='word_1_145' title='bbox 1580 3171 1726 3218; x_wconf 89' lang='lat' dir='ltr'><strong>non</strong></span> <span class='ocrx_word' id='word_1_146' title='bbox 1774 3156 1881 3219; x_wconf 92' lang='lat' dir='ltr'><strong>est</strong></span> <span class='ocrx_word' id='word_1_147' title='bbox 1917 3147 2028 3217; x_wconf 75' lang='lat' dir='ltr'><strong>vir</strong></span> 
     </span>
     <span class='ocr_line' id='line_1_26' title="bbox 403 3260 2025 3355; baseline -0.001 -25"><span class='ocrx_word' id='word_1_148' title='bbox 403 3261 698 3332; x_wconf 87' lang='lat' dir='ltr'><strong>omnino</strong></span> <span class='ocrx_word' id='word_1_149' title='bbox 722 3263 1020 3332; x_wconf 76' lang='lat' dir='ltr'><strong>nnuliere</strong></span> <span class='ocrx_word' id='word_1_150' title='bbox 1052 3261 1381 3355; x_wconf 87' lang='lat' dir='ltr'><strong>superior</strong></span> <span class='ocrx_word' id='word_1_151' title='bbox 1409 3262 1483 3331; x_wconf 89' lang='lat' dir='ltr'><strong>in</strong></span> <span class='ocrx_word' id='word_1_152' title='bbox 1525 3260 2025 3355; x_wconf 84' lang='lat' dir='ltr'><strong>complexione</strong></span> 
     </span>
     <span class='ocr_line' id='line_1_27' title="bbox 403 3373 2026 3469; baseline 0.001 -27"><span class='ocrx_word' id='word_1_153' title='bbox 403 3374 884 3445; x_wconf 89' lang='lat' dir='ltr'><strong>membrorum</strong></span> <span class='ocrx_word' id='word_1_154' title='bbox 927 3373 1459 3469; x_wconf 81' lang='lat' dir='ltr'><strong>principalium,</strong></span> <span class='ocrx_word' id='word_1_155' title='bbox 1495 3376 1658 3445; x_wconf 88' lang='lat' dir='ltr'><strong>etin</strong></span> <span class='ocrx_word' id='word_1_156' title='bbox 1699 3373 2026 3468; x_wconf 90' lang='lat' dir='ltr'><strong>comple-</strong></span> 
     </span>
     <span class='ocr_line' id='line_1_28' title="bbox 404 3485 2029 3582; baseline 0.001 -26"><span class='ocrx_word' id='word_1_157' title='bbox 404 3486 613 3557; x_wconf 85' lang='lat' dir='ltr'><strong>xione</strong></span> <span class='ocrx_word' id='word_1_158' title='bbox 654 3511 782 3558; x_wconf 90' lang='lat' dir='ltr'><strong>sua</strong></span> <span class='ocrx_word' id='word_1_159' title='bbox 813 3489 1044 3581; x_wconf 89' lang='lat' dir='ltr'><strong>prima</strong></span> <span class='ocrx_word' id='word_1_160' title='bbox 1072 3488 1422 3582; x_wconf 74' lang='lat' dir='ltr'><strong>corporiS,</strong></span> <span class='ocrx_word' id='word_1_161' title='bbox 1468 3495 1540 3558; x_wconf 93' lang='lat' dir='ltr'><strong>et</strong></span> <span class='ocrx_word' id='word_1_162' title='bbox 1586 3487 1660 3557; x_wconf 91' lang='lat' dir='ltr'><strong>in</strong></span> <span class='ocrx_word' id='word_1_163' title='bbox 1702 3485 2029 3580; x_wconf 91' lang='lat' dir='ltr'><strong>comple-</strong></span> 
     </span>
     <span class='ocr_line' id='line_1_29' title="bbox 402 3598 2026 3696; baseline -0.001 -25"><span class='ocrx_word' id='word_1_164' title='bbox 402 3603 613 3672; x_wconf 86' lang='lat' dir='ltr'><strong>xione</strong></span> <span class='ocrx_word' id='word_1_165' title='bbox 653 3603 1028 3696; x_wconf 80' lang='lat' dir='ltr'><strong>spermatis</strong></span> <span class='ocrx_word' id='word_1_166' title='bbox 1058 3603 1168 3672; x_wconf 89' lang='lat' dir='ltr'><strong>sui</strong></span> <span class='ocrx_word' id='word_1_167' title='bbox 1211 3603 1394 3684; x_wconf 89' lang='lat' dir='ltr'><strong>sani,</strong></span> <span class='ocrx_word' id='word_1_168' title='bbox 1459 3601 1596 3671; x_wconf 90' lang='lat' dir='ltr'><strong>nisi</strong></span> <span class='ocrx_word' id='word_1_169' title='bbox 1648 3598 1920 3672; x_wconf 86' lang='lat' dir='ltr'><strong>accidat</strong></span> <span class='ocrx_word' id='word_1_170' title='bbox 1952 3600 2026 3670; x_wconf 90' lang='lat' dir='ltr'><strong>in</strong></span> 
     </span>
     <span class='ocr_line' id='line_1_30' title="bbox 402 3711 2028 3809; baseline -0.001 -25"><span class='ocrx_word' id='word_1_171' title='bbox 402 3713 948 3786; x_wconf 86' lang='lat' dir='ltr'><strong>accidentalibus</strong></span> <span class='ocrx_word' id='word_1_172' title='bbox 977 3714 1338 3809; x_wconf 89' lang='lat' dir='ltr'><strong>aliquibus</strong></span> <span class='ocrx_word' id='word_1_173' title='bbox 1367 3711 1812 3785; x_wconf 77' lang='lat' dir='ltr'><strong>variantibus</strong></span> <span class='ocrx_word' id='word_1_174' title='bbox 1832 3736 2028 3785; x_wconf 89' lang='lat' dir='ltr'><strong>com·</strong></span> 
     </span>
     <span class='ocr_line' id='line_1_31' title="bbox 400 3824 2024 3922; baseline 0 -26"><span class='ocrx_word' id='word_1_175' title='bbox 400 3826 828 3922; x_wconf 86' lang='lat' dir='ltr'><strong>plexionem.</strong></span> <span class='ocrx_word' id='word_1_176' title='bbox 914 3827 1300 3898; x_wconf 84' lang='lat' dir='ltr'><strong>Sciendum</strong></span> <span class='ocrx_word' id='word_1_177' title='bbox 1360 3834 1470 3898; x_wconf 90' lang='lat' dir='ltr'><strong>est</strong></span> <span class='ocrx_word' id='word_1_178' title='bbox 1516 3825 1760 3907; x_wconf 89' lang='lat' dir='ltr'><strong>etiam,</strong></span> <span class='ocrx_word' id='word_1_179' title='bbox 1829 3824 2024 3921; x_wconf 90' lang='lat' dir='ltr'><strong>quod</strong></span> 
     </span>
     <span class='ocr_line' id='line_1_32' title="bbox 402 3940 2022 4035; baseline -0.001 -24"><span class='ocrx_word' id='word_1_180' title='bbox 402 3941 657 4011; x_wconf 88' lang='lat' dir='ltr'><strong>mulier</strong></span> <span class='ocrx_word' id='word_1_181' title='bbox 687 3941 990 4013; x_wconf 90' lang='lat' dir='ltr'><strong>multum</strong></span> <span class='ocrx_word' id='word_1_182' title='bbox 1014 3941 1299 4035; x_wconf 88' lang='lat' dir='ltr'><strong>pariens</strong></span> <span class='ocrx_word' id='word_1_183' title='bbox 1340 3950 1443 4011; x_wconf 89' lang='lat' dir='ltr'><strong>est</strong></span> <span class='ocrx_word' id='word_1_184' title='bbox 1478 3941 1742 4020; x_wconf 87' lang='lat' dir='ltr'><strong>sanior,</strong></span> <span class='ocrx_word' id='word_1_185' title='bbox 1781 3949 1850 4010; x_wconf 89' lang='lat' dir='ltr'><strong>et</strong></span> <span class='ocrx_word' id='word_1_186' title='bbox 1879 3940 2022 4011; x_wconf 88' lang='lat' dir='ltr'><strong>cito</strong></span> 
     </span>
     <span class='ocr_line' id='line_1_33' title="bbox 402 4051 2022 4138; baseline -0.001 -15"><span class='ocrx_word' id='word_1_187' title='bbox 402 4054 479 4123; x_wconf 84' lang='lat' dir='ltr'><strong>fit</strong></span> <span class='ocrx_word' id='word_1_188' title='bbox 511 4077 714 4138; x_wconf 87' lang='lat' dir='ltr'><strong>anus,</strong></span> <span class='ocrx_word' id='word_1_189' title='bbox 746 4064 813 4125; x_wconf 89' lang='lat' dir='ltr'><strong>et</strong></span> <span class='ocrx_word' id='word_1_190' title='bbox 853 4055 1059 4125; x_wconf 90' lang='lat' dir='ltr'><strong>citius</strong></span> <span class='ocrx_word' id='word_1_191' title='bbox 1090 4054 1417 4125; x_wconf 88' lang='lat' dir='ltr'><strong>moritur.</strong></span> <span class='ocrx_word' id='word_1_192' title='bbox 1471 4051 1750 4124; x_wconf 84' lang='lat' dir='ltr'><strong>Sterilis</strong></span> <span class='ocrx_word' id='word_1_193' title='bbox 1782 4060 2022 4123; x_wconf 90' lang='lat' dir='ltr'><strong>autem</strong></span> 
     </span>
     <span class='ocr_line' id='line_1_34' title="bbox 404 4165 2020 4262; baseline -0.001 -27"><span class='ocrx_word' id='word_1_194' title='bbox 404 4175 478 4235; x_wconf 88' lang='lat' dir='ltr'><strong>ut</strong></span> <span class='ocrx_word' id='word_1_195' title='bbox 515 4169 581 4236; x_wconf 90' lang='lat' dir='ltr'><strong>in</strong></span> <span class='ocrx_word' id='word_1_196' title='bbox 616 4166 959 4261; x_wconf 53' lang='lat' dir='ltr'><strong>pluribus„</strong></span> <span class='ocrx_word' id='word_1_197' title='bbox 1005 4167 1318 4261; x_wconf 91' lang='lat' dir='ltr'><strong>plurium</strong></span> <span class='ocrx_word' id='word_1_198' title='bbox 1353 4175 1459 4237; x_wconf 89' lang='lat' dir='ltr'><strong>est</strong></span> <span class='ocrx_word' id='word_1_199' title='bbox 1485 4165 2020 4262; x_wconf 77' lang='lat' dir='ltr'><strong>aegritudinum,</strong></span> 
     </span>
     <span class='ocr_line' id='line_1_35' title="bbox 404 4278 2024 4374; baseline 0 -26"><span class='ocrx_word' id='word_1_200' title='bbox 404 4278 524 4349; x_wconf 81' lang='lat' dir='ltr'><strong>sed</strong></span> <span class='ocrx_word' id='word_1_201' title='bbox 567 4279 688 4350; x_wconf 88' lang='lat' dir='ltr'><strong>diu</strong></span> <span class='ocrx_word' id='word_1_202' title='bbox 730 4287 1132 4374; x_wconf 75' lang='lat' dir='ltr'><strong>perseverat</strong></span> <span class='ocrx_word' id='word_1_203' title='bbox 1177 4278 1547 4373; x_wconf 86' lang='lat' dir='ltr'><strong>juvenilis,</strong></span> <span class='ocrx_word' id='word_1_204' title='bbox 1622 4287 1693 4350; x_wconf 90' lang='lat' dir='ltr'><strong>et</strong></span> <span class='ocrx_word' id='word_1_205' title='bbox 1757 4279 2024 4350; x_wconf 87' lang='lat' dir='ltr'><strong>diutius</strong></span> 
     </span>
     <span class='ocr_line' id='line_1_36' title="bbox 400 4394 601 4464; baseline 0.005 -2"><span class='ocrx_word' id='word_1_206' title='bbox 400 4394 601 4464; x_wconf 81' lang='lat' dir='ltr'><strong>vivit.</strong></span> 
     </span>
    </p>

    <p class='ocr_par' dir='ltr' id='par_1_8' title="bbox 395 4505 2028 6090">
     <span class='ocr_line' id='line_1_37' title="bbox 497 4505 2019 4604; baseline 0.001 -28"><span class='ocrx_word' id='word_1_207' title='bbox 497 4506 807 4578; x_wconf 86' lang='lat' dir='ltr'><strong>Fuerunt</strong></span> <span class='ocrx_word' id='word_1_208' title='bbox 865 4508 1080 4579; x_wconf 88' lang='lat' dir='ltr'><strong>etiam</strong></span> <span class='ocrx_word' id='word_1_209' title='bbox 1132 4506 1424 4604; x_wconf 87' lang='lat' dir='ltr'><strong>quidam</strong></span> <span class='ocrx_word' id='word_1_210' title='bbox 1477 4508 1602 4603; x_wconf 90' lang='lat' dir='ltr'><strong>qui</strong></span> <span class='ocrx_word' id='word_1_211' title='bbox 1661 4505 2019 4587; x_wconf 86' lang='lat' dir='ltr'><strong>dixerunt,</strong></span> 
     </span>
     <span class='ocr_line' id='line_1_38' title="bbox 403 4619 2028 4718; baseline -0.002 -26"><span class='ocrx_word' id='word_1_212' title='bbox 403 4620 592 4718; x_wconf 86' lang='lat' dir='ltr'><strong>quod</strong></span> <span class='ocrx_word' id='word_1_213' title='bbox 621 4622 679 4691; x_wconf 88' lang='lat' dir='ltr'><strong>si</strong></span> <span class='ocrx_word' id='word_1_214' title='bbox 721 4622 1159 4716; x_wconf 84' lang='lat' dir='ltr'><strong>accipiantur</strong></span> <span class='ocrx_word' id='word_1_215' title='bbox 1223 4621 1368 4694; x_wconf 86' lang='lat' dir='ltr'><strong>duo</strong></span> <span class='ocrx_word' id='word_1_216' title='bbox 1435 4629 1797 4717; x_wconf 81' lang='lat' dir='ltr'><strong>spermata</strong></span> <span class='ocrx_word' id='word_1_217' title='bbox 1837 4619 2028 4690; x_wconf 91' lang='lat' dir='ltr'><strong>duo-</strong></span> 
     </span>
     <span class='ocr_line' id='line_1_39' title="bbox 400 4732 2027 4831; baseline -0.001 -26"><span class='ocrx_word' id='word_1_218' title='bbox 400 4760 557 4805; x_wconf 88' lang='lat' dir='ltr'><strong>rum</strong></span> <span class='ocrx_word' id='word_1_219' title='bbox 597 4735 984 4829; x_wconf 86' lang='lat' dir='ltr'><strong>conjugum</strong></span> <span class='ocrx_word' id='word_1_220' title='bbox 1017 4758 1164 4806; x_wconf 89' lang='lat' dir='ltr'><strong>non</strong></span> <span class='ocrx_word' id='word_1_221' title='bbox 1213 4735 1739 4831; x_wconf 84' lang='lat' dir='ltr'><strong>generantium,</strong></span> <span class='ocrx_word' id='word_1_222' title='bbox 1794 4742 1866 4806; x_wconf 88' lang='lat' dir='ltr'><strong>et</strong></span> <span class='ocrx_word' id='word_1_223' title='bbox 1909 4732 2027 4804; x_wconf 90' lang='lat' dir='ltr'><strong>di-</strong></span> 
     </span>
     <span class='ocr_line' id='line_1_40' title="bbox 396 4845 2018 4942; baseline -0.001 -26"><span class='ocrx_word' id='word_1_224' title='bbox 396 4848 605 4917; x_wconf 72' lang='lat' dir='ltr'><strong>visim</strong></span> <span class='ocrx_word' id='word_1_225' title='bbox 664 4847 1129 4942; x_wconf 85' lang='lat' dir='ltr'><strong>projiciantur</strong></span> <span class='ocrx_word' id='word_1_226' title='bbox 1167 4847 1241 4917; x_wconf 91' lang='lat' dir='ltr'><strong>in</strong></span> <span class='ocrx_word' id='word_1_227' title='bbox 1312 4869 1576 4942; x_wconf 90' lang='lat' dir='ltr'><strong>aquam</strong></span> <span class='ocrx_word' id='word_1_228' title='bbox 1638 4845 2018 4942; x_wconf 75' lang='lat' dir='ltr'><strong>frigidam:</strong></span> 
     </span>
     <span class='ocr_line' id='line_1_41' title="bbox 402 4958 2025 5057; baseline -0.002 -25"><span class='ocrx_word' id='word_1_229' title='bbox 402 4971 470 5032; x_wconf 92' lang='lat' dir='ltr'><strong>et</strong></span> <span class='ocrx_word' id='word_1_230' title='bbox 499 4959 688 5056; x_wconf 90' lang='lat' dir='ltr'><strong>quod</strong></span> <span class='ocrx_word' id='word_1_231' title='bbox 756 4962 957 5056; x_wconf 87' lang='lat' dir='ltr'><strong>cujus</strong></span> <span class='ocrx_word' id='word_1_232' title='bbox 1022 4983 1307 5057; x_wconf 84' lang='lat' dir='ltr'><strong>sperma</strong></span> <span class='ocrx_word' id='word_1_233' title='bbox 1374 4958 1673 5044; x_wconf 86' lang='lat' dir='ltr'><strong>natabit,</strong></span> <span class='ocrx_word' id='word_1_234' title='bbox 1738 4959 1857 5033; x_wconf 93' lang='lat' dir='ltr'><strong>ille</strong></span> <span class='ocrx_word' id='word_1_235' title='bbox 1916 4966 2025 5031; x_wconf 91' lang='lat' dir='ltr'><strong>est</strong></span> 
     </span>
     <span class='ocr_line' id='line_1_42' title="bbox 397 5069 2020 5154; baseline 0.001 -12"><span class='ocrx_word' id='word_1_236' title='bbox 397 5096 607 5142; x_wconf 82' lang='lat' dir='ltr'><strong>rausa</strong></span> <span class='ocrx_word' id='word_1_237' title='bbox 637 5071 1073 5144; x_wconf 86' lang='lat' dir='ltr'><strong>sterilitatis:</strong></span> <span class='ocrx_word' id='word_1_238' title='bbox 1113 5082 1184 5144; x_wconf 91' lang='lat' dir='ltr'><strong>et</strong></span> <span class='ocrx_word' id='word_1_239' title='bbox 1242 5074 1300 5143; x_wconf 89' lang='lat' dir='ltr'><strong>si</strong></span> <span class='ocrx_word' id='word_1_240' title='bbox 1378 5070 1594 5144; x_wconf 87' lang='lat' dir='ltr'><strong>ambo</strong></span> <span class='ocrx_word' id='word_1_241' title='bbox 1643 5069 2020 5154; x_wconf 87' lang='lat' dir='ltr'><strong>natabunt,</strong></span> 
     </span>
     <span class='ocr_line' id='line_1_43' title="bbox 396 5183 2018 5268; baseline 0.001 -13"><span class='ocrx_word' id='word_1_242' title='bbox 396 5183 607 5256; x_wconf 86' lang='lat' dir='ltr'><strong>ambo</strong></span> <span class='ocrx_word' id='word_1_243' title='bbox 647 5193 811 5256; x_wconf 92' lang='lat' dir='ltr'><strong>sunt</strong></span> <span class='ocrx_word' id='word_1_244' title='bbox 840 5185 1137 5257; x_wconf 74' lang='lat' dir='ltr'><strong>sterileS.</strong></span> <span class='ocrx_word' id='word_1_245' title='bbox 1191 5184 1335 5257; x_wconf 81' lang='lat' dir='ltr'><strong>Alii</strong></span> <span class='ocrx_word' id='word_1_246' title='bbox 1377 5192 1616 5257; x_wconf 89' lang='lat' dir='ltr'><strong>autem</strong></span> <span class='ocrx_word' id='word_1_247' title='bbox 1656 5183 2018 5268; x_wconf 84' lang='lat' dir='ltr'><strong>dixerunt,</strong></span> 
     </span>
     <span class='ocr_line' id='line_1_44' title="bbox 397 5296 2023 5394; baseline 0.002 -27"><span class='ocrx_word' id='word_1_248' title='bbox 397 5296 587 5391; x_wconf 90' lang='lat' dir='ltr'><strong>quod</strong></span> <span class='ocrx_word' id='word_1_249' title='bbox 618 5296 895 5368; x_wconf 87' lang='lat' dir='ltr'><strong>duobus</strong></span> <span class='ocrx_word' id='word_1_250' title='bbox 945 5298 1424 5393; x_wconf 88' lang='lat' dir='ltr'><strong>spermatibus</strong></span> <span class='ocrx_word' id='word_1_251' title='bbox 1454 5303 1767 5393; x_wconf 88' lang='lat' dir='ltr'><strong>ungatur</strong></span> <span class='ocrx_word' id='word_1_252' title='bbox 1802 5297 2023 5394; x_wconf 85' lang='lat' dir='ltr'><strong>stipes</strong></span> 
     </span>
     <span class='ocr_line' id='line_1_45' title="bbox 397 5407 2024 5505; baseline 0.004 -28"><span class='ocrx_word' id='word_1_253' title='bbox 397 5407 509 5478; x_wconf 72' lang='lat' dir='ltr'><strong>vel</strong></span> <span class='ocrx_word' id='word_1_254' title='bbox 542 5408 788 5480; x_wconf 78' lang='lat' dir='ltr'><strong>folium</strong></span> <span class='ocrx_word' id='word_1_255' title='bbox 823 5409 1154 5482; x_wconf 78' lang='lat' dir='ltr'><strong>lactucae:</strong></span> <span class='ocrx_word' id='word_1_256' title='bbox 1191 5420 1264 5483; x_wconf 90' lang='lat' dir='ltr'><strong>et</strong></span> <span class='ocrx_word' id='word_1_257' title='bbox 1307 5409 1510 5502; x_wconf 88' lang='lat' dir='ltr'><strong>cujus</strong></span> <span class='ocrx_word' id='word_1_258' title='bbox 1541 5432 1826 5505; x_wconf 86' lang='lat' dir='ltr'><strong>sperma</strong></span> <span class='ocrx_word' id='word_1_259' title='bbox 1856 5433 2024 5483; x_wconf 88' lang='lat' dir='ltr'><strong>are-</strong></span> 
     </span>
     <span class='ocr_line' id='line_1_46' title="bbox 396 5520 2019 5606; baseline 0.004 -15"><span class='ocrx_word' id='word_1_260' title='bbox 396 5521 558 5593; x_wconf 74' lang='lat' dir='ltr'><strong>facit</strong></span> <span class='ocrx_word' id='word_1_261' title='bbox 586 5521 955 5606; x_wconf 85' lang='lat' dir='ltr'><strong>lactucam,</strong></span> <span class='ocrx_word' id='word_1_262' title='bbox 1002 5522 1120 5594; x_wconf 91' lang='lat' dir='ltr'><strong>ille</strong></span> <span class='ocrx_word' id='word_1_263' title='bbox 1162 5533 1275 5596; x_wconf 90' lang='lat' dir='ltr'><strong>est</strong></span> <span class='ocrx_word' id='word_1_264' title='bbox 1321 5545 1536 5594; x_wconf 88' lang='lat' dir='ltr'><strong>causa</strong></span> <span class='ocrx_word' id='word_1_265' title='bbox 1584 5520 2019 5597; x_wconf 83' lang='lat' dir='ltr'><strong>sterilitatis:</strong></span> 
     </span>
     <span class='ocr_line' id='line_1_47' title="bbox 398 5632 2024 5720; baseline 0.001 -14"><span class='ocrx_word' id='word_1_266' title='bbox 398 5643 466 5706; x_wconf 92' lang='lat' dir='ltr'><strong>et</strong></span> <span class='ocrx_word' id='word_1_267' title='bbox 505 5632 563 5705; x_wconf 91' lang='lat' dir='ltr'><strong>si</strong></span> <span class='ocrx_word' id='word_1_268' title='bbox 594 5634 805 5705; x_wconf 86' lang='lat' dir='ltr'><strong>ambo</strong></span> <span class='ocrx_word' id='word_1_269' title='bbox 848 5634 986 5707; x_wconf 90' lang='lat' dir='ltr'><strong>hoc</strong></span> <span class='ocrx_word' id='word_1_270' title='bbox 1020 5634 1316 5720; x_wconf 75' lang='lat' dir='ltr'><strong>iaciunt,</strong></span> <span class='ocrx_word' id='word_1_271' title='bbox 1353 5632 1569 5706; x_wconf 90' lang='lat' dir='ltr'><strong>ambo</strong></span> <span class='ocrx_word' id='word_1_272' title='bbox 1608 5642 1780 5707; x_wconf 87' lang='lat' dir='ltr'><strong>sunt</strong></span> <span class='ocrx_word' id='word_1_273' title='bbox 1805 5637 2024 5708; x_wconf 90' lang='lat' dir='ltr'><strong>steri·-</strong></span> 
     </span>
     <span class='ocr_line' id='line_1_48' title="bbox 395 5747 2027 5848; baseline 0 -26"><span class='ocrx_word' id='word_1_274' title='bbox 395 5748 522 5822; x_wconf 88' lang='lat' dir='ltr'><strong>les.</strong></span> <span class='ocrx_word' id='word_1_275' title='bbox 568 5747 658 5821; x_wconf 87' lang='lat' dir='ltr'><strong>Et</strong></span> <span class='ocrx_word' id='word_1_276' title='bbox 686 5747 805 5820; x_wconf 85' lang='lat' dir='ltr'><strong>alii</strong></span> <span class='ocrx_word' id='word_1_277' title='bbox 848 5749 1204 5832; x_wconf 86' lang='lat' dir='ltr'><strong>dixerunt,</strong></span> <span class='ocrx_word' id='word_1_278' title='bbox 1271 5748 1467 5848; x_wconf 85' lang='lat' dir='ltr'><strong>quod</strong></span> <span class='ocrx_word' id='word_1_279' title='bbox 1520 5750 1582 5821; x_wconf 88' lang='lat' dir='ltr'><strong>si</strong></span> <span class='ocrx_word' id='word_1_280' title='bbox 1647 5759 2027 5824; x_wconf 85' lang='lat' dir='ltr'><strong>sumantur</strong></span> 
     </span>
     <span class='ocr_line' id='line_1_49' title="bbox 397 5859 2027 5964; baseline 0 -27"><span class='ocrx_word' id='word_1_281' title='bbox 397 5871 665 5961; x_wconf 90' lang='lat' dir='ltr'><strong>septem</strong></span> <span class='ocrx_word' id='word_1_282' title='bbox 696 5884 919 5958; x_wconf 90' lang='lat' dir='ltr'><strong>grana</strong></span> <span class='ocrx_word' id='word_1_283' title='bbox 956 5864 1173 5936; x_wconf 88' lang='lat' dir='ltr'><strong>tritici</strong></span> <span class='ocrx_word' id='word_1_284' title='bbox 1205 5872 1279 5936; x_wconf 92' lang='lat' dir='ltr'><strong>et</strong></span> <span class='ocrx_word' id='word_1_285' title='bbox 1324 5870 1605 5964; x_wconf 85' lang='lat' dir='ltr'><strong>septem</strong></span> <span class='ocrx_word' id='word_1_286' title='bbox 1657 5859 1912 5936; x_wconf 89' lang='lat' dir='ltr'><strong>hordei</strong></span> <span class='ocrx_word' id='word_1_287' title='bbox 1954 5874 2027 5937; x_wconf 91' lang='lat' dir='ltr'><strong>et</strong></span> 
     </span>
     <span class='ocr_line' id='line_1_50' title="bbox 397 5975 2017 6090; baseline 0.001 -41"><span class='ocrx_word' id='word_1_288' title='bbox 397 5986 670 6075; x_wconf 81' lang='lat' dir='ltr'><strong>septem</strong></span> <span class='ocrx_word' id='word_1_289' title='bbox 697 5975 906 6062; x_wconf 78' lang='lat' dir='ltr'><strong>fabae,</strong></span> <span class='ocrx_word' id='word_1_290' title='bbox 943 5984 1014 6048; x_wconf 89' lang='lat' dir='ltr'><strong>et</strong></span> <span class='ocrx_word' id='word_1_291' title='bbox 1040 5985 1406 6072; x_wconf 89' lang='lat' dir='ltr'><strong>ponantur</strong></span> <span class='ocrx_word' id='word_1_292' title='bbox 1436 5977 1510 6049; x_wconf 88' lang='lat' dir='ltr'><strong>in</strong></span> <span class='ocrx_word' id='word_1_293' title='bbox 1532 5999 1708 6090; x_wconf 28' lang='lat' dir='ltr'><strong>‘vase</strong></span> <span class='ocrx_word' id='word_1_294' title='bbox 1739 5983 2017 6050; x_wconf 81' lang='lat' dir='ltr'><strong>testeo:</strong></span> 
     </span>
    </p>
   </div>
   <div class='ocr_carea' id='block_1_5' title="bbox 1442 366 2732 446">
    <p class='ocr_par' dir='ltr' id='par_1_9' title="bbox 1442 366 2732 446">
     <span class='ocr_line' id='line_1_51' title="bbox 1442 366 2732 446; baseline -0.002 0"><span class='ocrx_word' id='word_1_295' title='bbox 1442 375 1531 446; x_wconf 91' lang='lat' dir='ltr'><strong>D.</strong></span> <span class='ocrx_word' id='word_1_296' title='bbox 1585 374 1796 446; x_wconf 88' lang='lat' dir='ltr'><strong>ALB.</strong></span> <span class='ocrx_word' id='word_1_297' title='bbox 1854 370 2084 444; x_wconf 85' lang='lat' dir='ltr'><strong>MAG.</strong></span> <span class='ocrx_word' id='word_1_298' title='bbox 2142 366 2365 444; x_wconf 88' lang='lat' dir='ltr'><strong>ORD.</strong></span> <span class='ocrx_word' id='word_1_299' title='bbox 2417 371 2732 444; x_wconf 85' lang='lat' dir='ltr'><strong>PRAED.</strong></span> 
     </span>
    </p>
   </div>
   <div class='ocr_carea' id='block_1_6' title="bbox 2133 549 3822 4265">
    <p class='ocr_par' dir='ltr' id='par_1_10' title="bbox 2133 549 3822 4265">
     <span class='ocr_line' id='line_1_52' title="bbox 2152 549 3763 649; baseline -0.002 -25"><span class='ocrx_word' id='word_1_300' title='bbox 2152 561 2221 624; x_wconf 88' lang='lat' dir='ltr'><strong>et</strong></span> <span class='ocrx_word' id='word_1_301' title='bbox 2249 576 2436 624; x_wconf 88' lang='lat' dir='ltr'><strong>uuus</strong></span> <span class='ocrx_word' id='word_1_302' title='bbox 2498 554 2771 649; x_wconf 87' lang='lat' dir='ltr'><strong>mingat</strong></span> <span class='ocrx_word' id='word_1_303' title='bbox 2809 551 3112 648; x_wconf 89' lang='lat' dir='ltr'><strong>desuper</strong></span> <span class='ocrx_word' id='word_1_304' title='bbox 3167 560 3439 646; x_wconf 89' lang='lat' dir='ltr'><strong>septem</strong></span> <span class='ocrx_word' id='word_1_305' title='bbox 3490 549 3763 628; x_wconf 89' lang='lat' dir='ltr'><strong>diebus,</strong></span> 
     </span>
     <span class='ocr_line' id='line_1_53' title="bbox 2150 659 3771 735; baseline -0.003 -1"><span class='ocrx_word' id='word_1_306' title='bbox 2150 671 2221 734; x_wconf 89' lang='lat' dir='ltr'><strong>et</strong></span> <span class='ocrx_word' id='word_1_307' title='bbox 2246 663 2424 735; x_wconf 90' lang='lat' dir='ltr'><strong>alter</strong></span> <span class='ocrx_word' id='word_1_308' title='bbox 2456 665 2529 733; x_wconf 90' lang='lat' dir='ltr'><strong>in</strong></span> <span class='ocrx_word' id='word_1_309' title='bbox 2560 664 2702 735; x_wconf 92' lang='lat' dir='ltr'><strong>alio</strong></span> <span class='ocrx_word' id='word_1_310' title='bbox 2726 688 2894 735; x_wconf 85' lang='lat' dir='ltr'><strong>vase</strong></span> <span class='ocrx_word' id='word_1_311' title='bbox 2933 663 3298 735; x_wconf 90' lang='lat' dir='ltr'><strong>similiter:</strong></span> <span class='ocrx_word' id='word_1_312' title='bbox 3356 670 3425 733; x_wconf 90' lang='lat' dir='ltr'><strong>et</strong></span> <span class='ocrx_word' id='word_1_313' title='bbox 3463 659 3597 732; x_wconf 89' lang='lat' dir='ltr'><strong>sub</strong></span> <span class='ocrx_word' id='word_1_314' title='bbox 3638 683 3771 731; x_wconf 86' lang='lat' dir='ltr'><strong>cu-</strong></span> 
     </span>
     <span class='ocr_line' id='line_1_54' title="bbox 2140 773 3767 871; baseline -0.001 -27"><span class='ocrx_word' id='word_1_315' title='bbox 2140 775 2260 867; x_wconf 88' lang='lat' dir='ltr'><strong>jus</strong></span> <span class='ocrx_word' id='word_1_316' title='bbox 2301 778 2509 846; x_wconf 89' lang='lat' dir='ltr'><strong>urina</strong></span> <span class='ocrx_word' id='word_1_317' title='bbox 2539 800 2759 870; x_wconf 88' lang='lat' dir='ltr'><strong>grana</strong></span> <span class='ocrx_word' id='word_1_318' title='bbox 2797 785 3186 848; x_wconf 88' lang='lat' dir='ltr'><strong>nascuntur</strong></span> <span class='ocrx_word' id='word_1_319' title='bbox 3242 784 3310 847; x_wconf 89' lang='lat' dir='ltr'><strong>et</strong></span> <span class='ocrx_word' id='word_1_320' title='bbox 3366 773 3767 871; x_wconf 89' lang='lat' dir='ltr'><strong>germinare</strong></span> 
     </span>
     <span class='ocr_line' id='line_1_55' title="bbox 2148 888 3800 984; baseline -0.001 -26"><span class='ocrx_word' id='word_1_321' title='bbox 2148 892 2298 959; x_wconf 89' lang='lat' dir='ltr'><strong>sive</strong></span> <span class='ocrx_word' id='word_1_322' title='bbox 2338 888 2690 983; x_wconf 90' lang='lat' dir='ltr'><strong>pullulare</strong></span> <span class='ocrx_word' id='word_1_323' title='bbox 2721 890 3091 984; x_wconf 90' lang='lat' dir='ltr'><strong>incipiunt,</strong></span> <span class='ocrx_word' id='word_1_324' title='bbox 3127 890 3242 962; x_wconf 90' lang='lat' dir='ltr'><strong>ille</strong></span> <span class='ocrx_word' id='word_1_325' title='bbox 3282 915 3429 963; x_wconf 90' lang='lat' dir='ltr'><strong>non</strong></span> <span class='ocrx_word' id='word_1_326' title='bbox 3460 897 3566 961; x_wconf 91' lang='lat' dir='ltr'><strong>est</strong></span> <span class='ocrx_word' id='word_1_327' title='bbox 3594 898 3800 961; x_wconf 80' lang='lat' dir='ltr'><strong>cau-&#39;</strong></span> 
     </span>
     <span class='ocr_line' id='line_1_56' title="bbox 2147 1001 3765 1075; baseline -0.001 -4"><span class='ocrx_word' id='word_1_328' title='bbox 2147 1025 2225 1072; x_wconf 89' lang='lat' dir='ltr'><strong>sa</strong></span> <span class='ocrx_word' id='word_1_329' title='bbox 2257 1001 2669 1073; x_wconf 75' lang='lat' dir='ltr'><strong>sterilitatis,</strong></span> <span class='ocrx_word' id='word_1_330' title='bbox 2716 1003 2884 1075; x_wconf 78' lang='lat' dir='ltr'><strong>Haec</strong></span> <span class='ocrx_word' id='word_1_331' title='bbox 2952 1011 3189 1074; x_wconf 91' lang='lat' dir='ltr'><strong>autem</strong></span> <span class='ocrx_word' id='word_1_332' title='bbox 3248 1005 3494 1074; x_wconf 92' lang='lat' dir='ltr'><strong>omnia</strong></span> <span class='ocrx_word' id='word_1_333' title='bbox 3557 1001 3765 1073; x_wconf 89' lang='lat' dir='ltr'><strong>nobis</strong></span> 
     </span>
     <span class='ocr_line' id='line_1_57' title="bbox 2148 1113 3772 1213; baseline 0.001 -30"><span class='ocrx_word' id='word_1_334' title='bbox 2148 1113 2455 1213; x_wconf 90' lang='lat' dir='ltr'><strong>absurda</strong></span> <span class='ocrx_word' id='word_1_335' title='bbox 2485 1138 2638 1187; x_wconf 91' lang='lat' dir='ltr'><strong>esse</strong></span> <span class='ocrx_word' id='word_1_336' title='bbox 2667 1115 3021 1186; x_wconf 87' lang='lat' dir='ltr'><strong>videntur.</strong></span> <span class='ocrx_word' id='word_1_337' title='bbox 3067 1114 3323 1186; x_wconf 89' lang='lat' dir='ltr'><strong>Verius</strong></span> <span class='ocrx_word' id='word_1_338' title='bbox 3383 1125 3621 1186; x_wconf 89' lang='lat' dir='ltr'><strong>autem</strong></span> <span class='ocrx_word' id='word_1_339' title='bbox 3664 1123 3772 1186; x_wconf 89' lang='lat' dir='ltr'><strong>est</strong></span> 
     </span>
     <span class='ocr_line' id='line_1_58' title="bbox 2148 1211 3822 1323; baseline -0.001 -27"><span class='ocrx_word' id='word_1_340' title='bbox 2148 1235 2217 1297; x_wconf 89' lang='lat' dir='ltr'><strong>et</strong></span> <span class='ocrx_word' id='word_1_341' title='bbox 2274 1227 2581 1298; x_wconf 86' lang='lat' dir='ltr'><strong>vicinius</strong></span> <span class='ocrx_word' id='word_1_342' title='bbox 2630 1227 3110 1323; x_wconf 90' lang='lat' dir='ltr'><strong>probabilitati</strong></span> <span class='ocrx_word' id='word_1_343' title='bbox 3191 1227 3385 1323; x_wconf 91' lang='lat' dir='ltr'><strong>quod</strong></span> <span class='ocrx_word' id='word_1_344' title='bbox 3435 1211 3822 1298; x_wconf 49' lang='lat' dir='ltr'><strong>dixerunt*</strong></span> 
     </span>
     <span class='ocr_line' id='line_1_59' title="bbox 2147 1341 3773 1438; baseline -0.001 -27"><span class='ocrx_word' id='word_1_345' title='bbox 2147 1341 2293 1426; x_wconf 90' lang='lat' dir='ltr'><strong>alii,</strong></span> <span class='ocrx_word' id='word_1_346' title='bbox 2341 1342 2536 1438; x_wconf 87' lang='lat' dir='ltr'><strong>quod</strong></span> <span class='ocrx_word' id='word_1_347' title='bbox 2568 1343 2896 1415; x_wconf 85' lang='lat' dir='ltr'><strong>videlicet</strong></span> <span class='ocrx_word' id='word_1_348' title='bbox 2935 1343 3057 1413; x_wconf 87' lang='lat' dir='ltr'><strong>fiat</strong></span> <span class='ocrx_word' id='word_1_349' title='bbox 3097 1342 3585 1437; x_wconf 77' lang='lat' dir='ltr'><strong>suffumigatio</strong></span> <span class='ocrx_word' id='word_1_350' title='bbox 3618 1364 3773 1410; x_wconf 93' lang='lat' dir='ltr'><strong>mu-</strong></span> 
     </span>
     <span class='ocr_line' id='line_1_60' title="bbox 2147 1450 3774 1549; baseline -0.001 -26"><span class='ocrx_word' id='word_1_351' title='bbox 2147 1451 2303 1524; x_wconf 92' lang='lat' dir='ltr'><strong>lieri</strong></span> <span class='ocrx_word' id='word_1_352' title='bbox 2325 1478 2414 1525; x_wconf 83' lang='lat' dir='ltr'><strong>ex</strong></span> <span class='ocrx_word' id='word_1_353' title='bbox 2445 1453 2908 1539; x_wconf 88' lang='lat' dir='ltr'><strong>aromatibus,</strong></span> <span class='ocrx_word' id='word_1_354' title='bbox 2955 1462 3022 1526; x_wconf 88' lang='lat' dir='ltr'><strong>et</strong></span> <span class='ocrx_word' id='word_1_355' title='bbox 3053 1453 3396 1549; x_wconf 87' lang='lat' dir='ltr'><strong>dirigatur</strong></span> <span class='ocrx_word' id='word_1_356' title='bbox 3422 1453 3664 1524; x_wconf 86' lang='lat' dir='ltr'><strong>fumus</strong></span> <span class='ocrx_word' id='word_1_357' title='bbox 3686 1450 3774 1521; x_wconf 87' lang='lat' dir='ltr'><strong>ad</strong></span> 
     </span>
     <span class='ocr_line' id='line_1_61' title="bbox 2147 1564 3777 1661; baseline -0.002 -23"><span class='ocrx_word' id='word_1_358' title='bbox 2147 1569 2521 1640; x_wconf 90' lang='lat' dir='ltr'><strong>matricem</strong></span> <span class='ocrx_word' id='word_1_359' title='bbox 2553 1592 2717 1640; x_wconf 89' lang='lat' dir='ltr'><strong>cum</strong></span> <span class='ocrx_word' id='word_1_360' title='bbox 2778 1569 3224 1661; x_wconf 89' lang='lat' dir='ltr'><strong>trajectorio:</strong></span> <span class='ocrx_word' id='word_1_361' title='bbox 3270 1574 3339 1637; x_wconf 91' lang='lat' dir='ltr'><strong>et</strong></span> <span class='ocrx_word' id='word_1_362' title='bbox 3396 1567 3456 1636; x_wconf 90' lang='lat' dir='ltr'><strong>si</strong></span> <span class='ocrx_word' id='word_1_363' title='bbox 3516 1564 3777 1636; x_wconf 89' lang='lat' dir='ltr'><strong>mulier</strong></span> 
     </span>
     <span class='ocr_line' id='line_1_62' title="bbox 2150 1681 3776 1753; baseline -0.001 -1"><span class='ocrx_word' id='word_1_364' title='bbox 2150 1683 2455 1753; x_wconf 90' lang='lat' dir='ltr'><strong>senserit</strong></span> <span class='ocrx_word' id='word_1_365' title='bbox 2504 1681 2798 1753; x_wconf 89' lang='lat' dir='ltr'><strong>odorem</strong></span> <span class='ocrx_word' id='word_1_366' title='bbox 2837 1683 3389 1753; x_wconf 90' lang='lat' dir='ltr'><strong>aromaticorum</strong></span> <span class='ocrx_word' id='word_1_367' title='bbox 3434 1682 3507 1751; x_wconf 92' lang='lat' dir='ltr'><strong>in</strong></span> <span class='ocrx_word' id='word_1_368' title='bbox 3539 1703 3663 1750; x_wconf 89' lang='lat' dir='ltr'><strong>ore</strong></span> <span class='ocrx_word' id='word_1_369' title='bbox 3704 1688 3776 1750; x_wconf 90' lang='lat' dir='ltr'><strong>et</strong></span> 
     </span>
     <span class='ocr_line' id='line_1_63' title="bbox 2148 1791 3774 1890; baseline -0.002 -25"><span class='ocrx_word' id='word_1_370' title='bbox 2148 1817 2352 1877; x_wconf 90' lang='lat' dir='ltr'><strong>naso,</strong></span> <span class='ocrx_word' id='word_1_371' title='bbox 2393 1797 2681 1890; x_wconf 91' lang='lat' dir='ltr'><strong>signum</strong></span> <span class='ocrx_word' id='word_1_372' title='bbox 2721 1798 2891 1866; x_wconf 88' lang='lat' dir='ltr'><strong>satis</strong></span> <span class='ocrx_word' id='word_1_373' title='bbox 2922 1802 3194 1866; x_wconf 91' lang='lat' dir='ltr'><strong>certum</strong></span> <span class='ocrx_word' id='word_1_374' title='bbox 3226 1802 3358 1876; x_wconf 89' lang='lat' dir='ltr'><strong>est,</strong></span> <span class='ocrx_word' id='word_1_375' title='bbox 3395 1791 3588 1889; x_wconf 87' lang='lat' dir='ltr'><strong>quod</strong></span> <span class='ocrx_word' id='word_1_376' title='bbox 3621 1793 3774 1886; x_wconf 90' lang='lat' dir='ltr'><strong>ipsa</strong></span> 
     </span>
     <span class='ocr_line' id='line_1_64' title="bbox 2148 1903 3771 2003; baseline -0.002 -26"><span class='ocrx_word' id='word_1_377' title='bbox 2148 1929 2298 1977; x_wconf 86' lang='lat' dir='ltr'><strong>uon</strong></span> <span class='ocrx_word' id='word_1_378' title='bbox 2338 1914 2443 1978; x_wconf 88' lang='lat' dir='ltr'><strong>est</strong></span> <span class='ocrx_word' id='word_1_379' title='bbox 2477 1906 2792 2003; x_wconf 90' lang='lat' dir='ltr'><strong>oppilata</strong></span> <span class='ocrx_word' id='word_1_380' title='bbox 2848 1907 3054 1978; x_wconf 88' lang='lat' dir='ltr'><strong>malis</strong></span> <span class='ocrx_word' id='word_1_381' title='bbox 3121 1903 3571 1977; x_wconf 88' lang='lat' dir='ltr'><strong>humoribus.</strong></span> <span class='ocrx_word' id='word_1_382' title='bbox 3626 1903 3771 1973; x_wconf 81' lang='lat' dir='ltr'><strong>Aut</strong></span> 
     </span>
     <span class='ocr_line' id='line_1_65' title="bbox 2149 2017 3769 2114; baseline -0.003 -24"><span class='ocrx_word' id='word_1_383' title='bbox 2149 2020 2365 2091; x_wconf 89' lang='lat' dir='ltr'><strong>etiam</strong></span> <span class='ocrx_word' id='word_1_384' title='bbox 2397 2021 2457 2091; x_wconf 90' lang='lat' dir='ltr'><strong>si</strong></span> <span class='ocrx_word' id='word_1_385' title='bbox 2489 2020 2735 2091; x_wconf 91' lang='lat' dir='ltr'><strong>allium</strong></span> <span class='ocrx_word' id='word_1_386' title='bbox 2770 2019 3270 2091; x_wconf 87' lang='lat' dir='ltr'><strong>decorticatum</strong></span> <span class='ocrx_word' id='word_1_387' title='bbox 3319 2025 3629 2114; x_wconf 90' lang='lat' dir='ltr'><strong>ponatur</strong></span> <span class='ocrx_word' id='word_1_388' title='bbox 3695 2017 3769 2086; x_wconf 92' lang='lat' dir='ltr'><strong>in</strong></span> 
     </span>
     <span class='ocr_line' id='line_1_66' title="bbox 2145 2128 3770 2227; baseline -0.003 -25"><span class='ocrx_word' id='word_1_389' title='bbox 2145 2131 2363 2203; x_wconf 85' lang='lat' dir='ltr'><strong>vulva</strong></span> <span class='ocrx_word' id='word_1_390' title='bbox 2414 2131 2760 2215; x_wconf 78' lang='lat' dir='ltr'><strong>mulieriS,</strong></span> <span class='ocrx_word' id='word_1_391' title='bbox 2816 2142 2885 2204; x_wconf 90' lang='lat' dir='ltr'><strong>et</strong></span> <span class='ocrx_word' id='word_1_392' title='bbox 2945 2131 3467 2227; x_wconf 89' lang='lat' dir='ltr'><strong>superdormiat</strong></span> <span class='ocrx_word' id='word_1_393' title='bbox 3512 2153 3528 2200; x_wconf 93' lang='lat'><strong>:</strong></span> <span class='ocrx_word' id='word_1_394' title='bbox 3584 2137 3654 2199; x_wconf 90' lang='lat' dir='ltr'><strong>et</strong></span> <span class='ocrx_word' id='word_1_395' title='bbox 3711 2128 3770 2198; x_wconf 91' lang='lat' dir='ltr'><strong>si</strong></span> 
     </span>
     <span class='ocr_line' id='line_1_67' title="bbox 2145 2246 3773 2341; baseline -0.002 -23"><span class='ocrx_word' id='word_1_396' title='bbox 2145 2256 2307 2341; x_wconf 89' lang='lat' dir='ltr'><strong>post</strong></span> <span class='ocrx_word' id='word_1_397' title='bbox 2338 2270 2674 2319; x_wconf 88' lang='lat' dir='ltr'><strong>somnum</strong></span> <span class='ocrx_word' id='word_1_398' title='bbox 2706 2246 2999 2320; x_wconf 90' lang='lat' dir='ltr'><strong>odorem</strong></span> <span class='ocrx_word' id='word_1_399' title='bbox 3059 2246 3203 2317; x_wconf 88' lang='lat' dir='ltr'><strong>allii</strong></span> <span class='ocrx_word' id='word_1_400' title='bbox 3245 2247 3316 2316; x_wconf 91' lang='lat' dir='ltr'><strong>in</strong></span> <span class='ocrx_word' id='word_1_401' title='bbox 3362 2269 3482 2318; x_wconf 91' lang='lat' dir='ltr'><strong>ore</strong></span> <span class='ocrx_word' id='word_1_402' title='bbox 3524 2255 3596 2317; x_wconf 90' lang='lat' dir='ltr'><strong>et</strong></span> <span class='ocrx_word' id='word_1_403' title='bbox 3635 2268 3773 2316; x_wconf 88' lang='lat' dir='ltr'><strong>na-</strong></span> 
     </span>
     <span class='ocr_line' id='line_1_68' title="bbox 2145 2355 3769 2453; baseline 0.001 -26"><span class='ocrx_word' id='word_1_404' title='bbox 2145 2358 2344 2428; x_wconf 89' lang='lat' dir='ltr'><strong>ribus</strong></span> <span class='ocrx_word' id='word_1_405' title='bbox 2374 2357 2672 2443; x_wconf 87' lang='lat' dir='ltr'><strong>invenit,</strong></span> <span class='ocrx_word' id='word_1_406' title='bbox 2707 2356 3134 2453; x_wconf 80' lang='lat' dir='ltr'><strong>significabit</strong></span> <span class='ocrx_word' id='word_1_407' title='bbox 3163 2355 3769 2451; x_wconf 88' lang='lat' dir='ltr'><strong>exoppilationem</strong></span> 
     </span>
     <span class='ocr_line' id='line_1_69' title="bbox 2144 2467 3769 2564; baseline -0.001 -23"><span class='ocrx_word' id='word_1_408' title='bbox 2144 2471 2487 2541; x_wconf 81' lang='lat' dir='ltr'><strong>matricis,</strong></span> <span class='ocrx_word' id='word_1_409' title='bbox 2533 2470 2707 2543; x_wconf 80' lang='lat' dir='ltr'><strong>llaec</strong></span> <span class='ocrx_word' id='word_1_410' title='bbox 2736 2479 2974 2544; x_wconf 88' lang='lat' dir='ltr'><strong>autem</strong></span> <span class='ocrx_word' id='word_1_411' title='bbox 3014 2470 3157 2541; x_wconf 86' lang='lat' dir='ltr'><strong>duo</strong></span> <span class='ocrx_word' id='word_1_412' title='bbox 3187 2469 3391 2564; x_wconf 89' lang='lat' dir='ltr'><strong>signa</strong></span> <span class='ocrx_word' id='word_1_413' title='bbox 3433 2492 3577 2540; x_wconf 91' lang='lat' dir='ltr'><strong>non</strong></span> <span class='ocrx_word' id='word_1_414' title='bbox 3610 2467 3769 2539; x_wconf 78' lang='lat' dir='ltr'><strong>suf-</strong></span> 
     </span>
     <span class='ocr_line' id='line_1_70' title="bbox 2143 2581 3767 2680; baseline -0.001 -28"><span class='ocrx_word' id='word_1_415' title='bbox 2143 2582 2464 2656; x_wconf 87' lang='lat' dir='ltr'><strong>ficienter</strong></span> <span class='ocrx_word' id='word_1_416' title='bbox 2502 2608 2929 2680; x_wconf 86' lang='lat' dir='ltr'><strong>cognoscere</strong></span> <span class='ocrx_word' id='word_1_417' title='bbox 2968 2584 3232 2655; x_wconf 74' lang='lat' dir='ltr'><strong>faciunt</strong></span> <span class='ocrx_word' id='word_1_418' title='bbox 3262 2606 3512 2655; x_wconf 88' lang='lat' dir='ltr'><strong>causas</strong></span> <span class='ocrx_word' id='word_1_419' title='bbox 3553 2581 3767 2654; x_wconf 87' lang='lat' dir='ltr'><strong>steri-</strong></span> 
     </span>
     <span class='ocr_line' id='line_1_71' title="bbox 2142 2696 3764 2792; baseline -0.002 -25"><span class='ocrx_word' id='word_1_420' title='bbox 2142 2696 2404 2769; x_wconf 91' lang='lat' dir='ltr'><strong>litatis:</strong></span> <span class='ocrx_word' id='word_1_421' title='bbox 2443 2699 2785 2792; x_wconf 88' lang='lat' dir='ltr'><strong>quoniam</strong></span> <span class='ocrx_word' id='word_1_422' title='bbox 2815 2699 2877 2769; x_wconf 90' lang='lat' dir='ltr'><strong>si</strong></span> <span class='ocrx_word' id='word_1_423' title='bbox 2925 2721 3015 2770; x_wconf 84' lang='lat' dir='ltr'><strong>ex</strong></span> <span class='ocrx_word' id='word_1_424' title='bbox 3063 2697 3203 2768; x_wconf 92' lang='lat' dir='ltr'><strong>alia</strong></span> <span class='ocrx_word' id='word_1_425' title='bbox 3263 2719 3475 2768; x_wconf 89' lang='lat' dir='ltr'><strong>causa</strong></span> <span class='ocrx_word' id='word_1_426' title='bbox 3546 2718 3764 2791; x_wconf 87' lang='lat' dir='ltr'><strong>quam</strong></span> 
     </span>
     <span class='ocr_line' id='line_1_72' title="bbox 2140 2809 3766 2905; baseline -0.001 -24"><span class='ocrx_word' id='word_1_427' title='bbox 2140 2833 2230 2881; x_wconf 86' lang='lat' dir='ltr'><strong>ex</strong></span> <span class='ocrx_word' id='word_1_428' title='bbox 2293 2809 2732 2905; x_wconf 88' lang='lat' dir='ltr'><strong>oppilatione</strong></span> <span class='ocrx_word' id='word_1_429' title='bbox 2780 2812 3093 2882; x_wconf 86' lang='lat' dir='ltr'><strong>matricis</strong></span> <span class='ocrx_word' id='word_1_430' title='bbox 3151 2820 3274 2881; x_wconf 89' lang='lat' dir='ltr'><strong>aut</strong></span> <span class='ocrx_word' id='word_1_431' title='bbox 3302 2810 3582 2880; x_wconf 76' lang='lat' dir='ltr'><strong>viarum</strong></span> <span class='ocrx_word' id='word_1_432' title='bbox 3607 2830 3766 2903; x_wconf 77' lang='lat' dir='ltr'><strong>quae</strong></span> 
     </span>
     <span class='ocr_line' id='line_1_73' title="bbox 2140 2919 3768 3017; baseline -0.002 -24"><span class='ocrx_word' id='word_1_433' title='bbox 2140 2923 2558 3017; x_wconf 89' lang='lat' dir='ltr'><strong>pertingunt</strong></span> <span class='ocrx_word' id='word_1_434' title='bbox 2586 2921 2675 2993; x_wconf 92' lang='lat' dir='ltr'><strong>ad</strong></span> <span class='ocrx_word' id='word_1_435' title='bbox 2706 2923 3097 3005; x_wconf 88' lang='lat' dir='ltr'><strong>matricem,</strong></span> <span class='ocrx_word' id='word_1_436' title='bbox 3132 2922 3221 2993; x_wconf 89' lang='lat' dir='ltr'><strong>sit</strong></span> <span class='ocrx_word' id='word_1_437' title='bbox 3250 2944 3464 2993; x_wconf 88' lang='lat' dir='ltr'><strong>causa</strong></span> <span class='ocrx_word' id='word_1_438' title='bbox 3502 2919 3768 2992; x_wconf 90' lang='lat' dir='ltr'><strong>sterili-</strong></span> 
     </span>
     <span class='ocr_line' id='line_1_74' title="bbox 2139 3033 3760 3130; baseline 0.001 -27"><span class='ocrx_word' id='word_1_439' title='bbox 2139 3035 2331 3118; x_wconf 91' lang='lat' dir='ltr'><strong>tatis,</strong></span> <span class='ocrx_word' id='word_1_440' title='bbox 2367 3058 2515 3105; x_wconf 89' lang='lat' dir='ltr'><strong>non</strong></span> <span class='ocrx_word' id='word_1_441' title='bbox 2547 3044 3016 3130; x_wconf 89' lang='lat' dir='ltr'><strong>cognoscetur</strong></span> <span class='ocrx_word' id='word_1_442' title='bbox 3043 3058 3167 3130; x_wconf 88' lang='lat' dir='ltr'><strong>per</strong></span> <span class='ocrx_word' id='word_1_443' title='bbox 3224 3033 3393 3106; x_wconf 88' lang='lat' dir='ltr'><strong>talia</strong></span> <span class='ocrx_word' id='word_1_444' title='bbox 3445 3035 3760 3129; x_wconf 90' lang='lat' dir='ltr'><strong>ingenia.</strong></span> 
     </span>
     <span class='ocr_line' id='line_1_75' title="bbox 2139 3145 3769 3244; baseline 0.001 -26"><span class='ocrx_word' id='word_1_445' title='bbox 2139 3145 2627 3244; x_wconf 84' lang='lat' dir='ltr'><strong>Quaecumque</strong></span> <span class='ocrx_word' id='word_1_446' title='bbox 2658 3156 2897 3219; x_wconf 89' lang='lat' dir='ltr'><strong>autem</strong></span> <span class='ocrx_word' id='word_1_447' title='bbox 2928 3147 3184 3219; x_wconf 91' lang='lat' dir='ltr'><strong>mulier</strong></span> <span class='ocrx_word' id='word_1_448' title='bbox 3210 3156 3372 3244; x_wconf 88' lang='lat' dir='ltr'><strong>post</strong></span> <span class='ocrx_word' id='word_1_449' title='bbox 3414 3146 3769 3219; x_wconf 86' lang='lat' dir='ltr'><strong>emunda-</strong></span> 
     </span>
     <span class='ocr_line' id='line_1_76' title="bbox 2135 3258 3771 3333; baseline 0.001 -4"><span class='ocrx_word' id='word_1_450' title='bbox 2135 3261 2410 3332; x_wconf 90' lang='lat' dir='ltr'><strong>tionem</strong></span> <span class='ocrx_word' id='word_1_451' title='bbox 2451 3271 2982 3333; x_wconf 87' lang='lat' dir='ltr'><strong>menstruorum</strong></span> <span class='ocrx_word' id='word_1_452' title='bbox 3022 3259 3250 3333; x_wconf 89' lang='lat' dir='ltr'><strong>adhuc</strong></span> <span class='ocrx_word' id='word_1_453' title='bbox 3275 3270 3592 3333; x_wconf 89' lang='lat' dir='ltr'><strong>remanet</strong></span> <span class='ocrx_word' id='word_1_454' title='bbox 3626 3258 3771 3331; x_wconf 92' lang='lat' dir='ltr'><strong>hu-</strong></span> 
     </span>
     <span class='ocr_line' id='line_1_77' title="bbox 2138 3375 3768 3463; baseline 0.002 -18"><span class='ocrx_word' id='word_1_455' title='bbox 2138 3376 2349 3448; x_wconf 81' lang='lat' dir='ltr'><strong>midae</strong></span> <span class='ocrx_word' id='word_1_456' title='bbox 2377 3376 2638 3463; x_wconf 76' lang='lat' dir='ltr'><strong>vulvae‚</strong></span> <span class='ocrx_word' id='word_1_457' title='bbox 2674 3376 2825 3450; x_wconf 75' lang='lat' dir='ltr'><strong>haec</strong></span> <span class='ocrx_word' id='word_1_458' title='bbox 2852 3375 3143 3448; x_wconf 80' lang='lat' dir='ltr'><strong>lubricae</strong></span> <span class='ocrx_word' id='word_1_459' title='bbox 3175 3386 3279 3448; x_wconf 88' lang='lat' dir='ltr'><strong>est</strong></span> <span class='ocrx_word' id='word_1_460' title='bbox 3323 3377 3662 3459; x_wconf 75' lang='lat' dir='ltr'><strong>matriciS,</strong></span> <span class='ocrx_word' id='word_1_461' title='bbox 3699 3386 3768 3448; x_wconf 91' lang='lat' dir='ltr'><strong>et</strong></span> 
     </span>
     <span class='ocr_line' id='line_1_78' title="bbox 2136 3487 3767 3583; baseline 0.001 -25"><span class='ocrx_word' id='word_1_462' title='bbox 2136 3487 2547 3583; x_wconf 78' lang='lat' dir='ltr'><strong>frequenter</strong></span> <span class='ocrx_word' id='word_1_463' title='bbox 2583 3497 2692 3562; x_wconf 88' lang='lat' dir='ltr'><strong>est</strong></span> <span class='ocrx_word' id='word_1_464' title='bbox 2738 3490 3020 3561; x_wconf 86' lang='lat' dir='ltr'><strong>sterilis.</strong></span> <span class='ocrx_word' id='word_1_465' title='bbox 3068 3489 3328 3560; x_wconf 86' lang='lat' dir='ltr'><strong>Grossa</strong></span> <span class='ocrx_word' id='word_1_466' title='bbox 3366 3496 3611 3560; x_wconf 88' lang='lat' dir='ltr'><strong>autem</strong></span> <span class='ocrx_word' id='word_1_467' title='bbox 3662 3489 3767 3560; x_wconf 90' lang='lat' dir='ltr'><strong>ni·</strong></span> 
     </span>
     <span class='ocr_line' id='line_1_79' title="bbox 2134 3599 3763 3675; baseline 0 -3"><span class='ocrx_word' id='word_1_468' title='bbox 2134 3601 2273 3672; x_wconf 89' lang='lat' dir='ltr'><strong>mis</strong></span> <span class='ocrx_word' id='word_1_469' title='bbox 2312 3613 2383 3674; x_wconf 88' lang='lat' dir='ltr'><strong>et</strong></span> <span class='ocrx_word' id='word_1_470' title='bbox 2422 3602 2717 3675; x_wconf 82' lang='lat' dir='ltr'><strong>declivis</strong></span> <span class='ocrx_word' id='word_1_471' title='bbox 2757 3603 3014 3674; x_wconf 88' lang='lat' dir='ltr'><strong>matrix</strong></span> <span class='ocrx_word' id='word_1_472' title='bbox 3043 3605 3344 3675; x_wconf 89' lang='lat' dir='ltr'><strong>sentitur</strong></span> <span class='ocrx_word' id='word_1_473' title='bbox 3384 3604 3572 3674; x_wconf 88' lang='lat' dir='ltr'><strong>iutra</strong></span> <span class='ocrx_word' id='word_1_474' title='bbox 3619 3599 3763 3674; x_wconf 89' lang='lat' dir='ltr'><strong>col-</strong></span> 
     </span>
     <span class='ocr_line' id='line_1_80' title="bbox 2133 3714 3763 3811; baseline 0.002 -26"><span class='ocrx_word' id='word_1_475' title='bbox 2133 3715 2286 3786; x_wconf 91' lang='lat' dir='ltr'><strong>lum</strong></span> <span class='ocrx_word' id='word_1_476' title='bbox 2324 3714 2563 3789; x_wconf 78' lang='lat' dir='ltr'><strong>vulvae</strong></span> <span class='ocrx_word' id='word_1_477' title='bbox 2593 3719 2653 3788; x_wconf 88' lang='lat' dir='ltr'><strong>si</strong></span> <span class='ocrx_word' id='word_1_478' title='bbox 2701 3740 2784 3788; x_wconf 90' lang='lat' dir='ltr'><strong>os</strong></span> <span class='ocrx_word' id='word_1_479' title='bbox 2826 3718 2978 3811; x_wconf 89' lang='lat' dir='ltr'><strong>ejus</strong></span> <span class='ocrx_word' id='word_1_480' title='bbox 3018 3717 3278 3789; x_wconf 89' lang='lat' dir='ltr'><strong>directe</strong></span> <span class='ocrx_word' id='word_1_481' title='bbox 3309 3716 3494 3790; x_wconf 90' lang='lat' dir='ltr'><strong>collo</strong></span> <span class='ocrx_word' id='word_1_482' title='bbox 3525 3715 3763 3789; x_wconf 75' lang='lat' dir='ltr'><strong>vulvae</strong></span> 
     </span>
     <span class='ocr_line' id='line_1_81' title="bbox 2134 3827 3762 3925; baseline 0 -26"><span class='ocrx_word' id='word_1_483' title='bbox 2134 3829 2227 3899; x_wconf 88' lang='lat' dir='ltr'><strong>sit</strong></span> <span class='ocrx_word' id='word_1_484' title='bbox 2257 3829 2694 3925; x_wconf 88' lang='lat' dir='ltr'><strong>oppositum.</strong></span> <span class='ocrx_word' id='word_1_485' title='bbox 2733 3828 2810 3901; x_wconf 86' lang='lat' dir='ltr'><strong>Si</strong></span> <span class='ocrx_word' id='word_1_486' title='bbox 2843 3839 3081 3902; x_wconf 90' lang='lat' dir='ltr'><strong>autem</strong></span> <span class='ocrx_word' id='word_1_487' title='bbox 3129 3839 3234 3901; x_wconf 90' lang='lat' dir='ltr'><strong>est</strong></span> <span class='ocrx_word' id='word_1_488' title='bbox 3271 3828 3641 3902; x_wconf 89' lang='lat' dir='ltr'><strong>declinans</strong></span> <span class='ocrx_word' id='word_1_489' title='bbox 3673 3827 3762 3899; x_wconf 90' lang='lat' dir='ltr'><strong>ad</strong></span> 
     </span>
     <span class='ocr_line' id='line_1_82' title="bbox 2133 3940 3756 4037; baseline 0.001 -27"><span class='ocrx_word' id='word_1_490' title='bbox 2133 3962 2354 4012; x_wconf 87' lang='lat' dir='ltr'><strong>unam</strong></span> <span class='ocrx_word' id='word_1_491' title='bbox 2376 3950 2681 4037; x_wconf 90' lang='lat' dir='ltr'><strong>partem,</strong></span> <span class='ocrx_word' id='word_1_492' title='bbox 2704 3949 2874 4014; x_wconf 87' lang='lat' dir='ltr'><strong>tunc</strong></span> <span class='ocrx_word' id='word_1_493' title='bbox 2905 3965 3049 4014; x_wconf 90' lang='lat' dir='ltr'><strong>non</strong></span> <span class='ocrx_word' id='word_1_494' title='bbox 3080 3940 3441 4014; x_wconf 85' lang='lat' dir='ltr'><strong>descendit</strong></span> <span class='ocrx_word' id='word_1_495' title='bbox 3471 3942 3756 4023; x_wconf 83' lang='lat' dir='ltr'><strong>matrix,</strong></span> 
     </span>
     <span class='ocr_line' id='line_1_83' title="bbox 2134 4054 3761 4140; baseline 0.001 -15"><span class='ocrx_word' id='word_1_496' title='bbox 2134 4062 2205 4125; x_wconf 91' lang='lat' dir='ltr'><strong>et</strong></span> <span class='ocrx_word' id='word_1_497' title='bbox 2245 4054 2532 4127; x_wconf 82' lang='lat' dir='ltr'><strong>loeditur</strong></span> <span class='ocrx_word' id='word_1_498' title='bbox 2559 4056 2818 4129; x_wconf 89' lang='lat' dir='ltr'><strong>mulier</strong></span> <span class='ocrx_word' id='word_1_499' title='bbox 2846 4057 2922 4129; x_wconf 92' lang='lat' dir='ltr'><strong>in</strong></span> <span class='ocrx_word' id='word_1_500' title='bbox 2961 4059 3179 4140; x_wconf 90' lang='lat' dir='ltr'><strong>coitu,</strong></span> <span class='ocrx_word' id='word_1_501' title='bbox 3211 4067 3283 4129; x_wconf 87' lang='lat' dir='ltr'><strong>et</strong></span> <span class='ocrx_word' id='word_1_502' title='bbox 3312 4057 3434 4128; x_wconf 76' lang='lat' dir='ltr'><strong>vix</strong></span> <span class='ocrx_word' id='word_1_503' title='bbox 3454 4056 3761 4127; x_wconf 88' lang='lat' dir='ltr'><strong>sustinet</strong></span> 
     </span>
     <span class='ocr_line' id='line_1_84' title="bbox 2135 4168 3063 4265; baseline 0.004 -28"><span class='ocrx_word' id='word_1_504' title='bbox 2135 4168 2399 4262; x_wconf 89' lang='lat' dir='ltr'><strong>ipsum,</strong></span> <span class='ocrx_word' id='word_1_505' title='bbox 2434 4176 2508 4241; x_wconf 91' lang='lat' dir='ltr'><strong>et</strong></span> <span class='ocrx_word' id='word_1_506' title='bbox 2544 4192 2703 4242; x_wconf 89' lang='lat' dir='ltr'><strong>raro</strong></span> <span class='ocrx_word' id='word_1_507' title='bbox 2731 4170 3063 4265; x_wconf 87' lang='lat' dir='ltr'><strong>concipit.</strong></span> 
     </span>
    </p>
   </div>
  </div>
 </body>
</html>
