4919 6371
669 418 753 484 84

665 592 894 653 menta
928 610 942 654 :
977 593 1043 652 et
1078 585 1202 652 iste
1240 584 1407 650 duas
1446 578 1734 646 chordas
1783 579 2092 646 annulari
2143 586 2208 645 et

664 693 1014 760 amiculari
1078 687 1497 758 transmittit.
1571 685 1763 754 Unus
1830 693 2055 753 autem
2122 708 2208 752 ex

663 803 917 870 eisdem
948 796 1293 873 musculiS,
1328 797 1547 862 oritur
1590 819 1672 863 ex
1709 795 1977 863 duobus
2016 793 2206 860 addi-

661 911 977 977 tamentis
1022 903 1340 992 adjutorii
1390 903 1673 970 interius
1732 900 1912 992 apud
1951 901 2204 990 margi-

661 1037 820 1082 nem
843 1011 1057 1081 focilis
1095 1009 1458 1090 inferioris,
1493 1016 1559 1076 et
1594 1009 1762 1075 duas
1809 1007 2207 1074 transmittit

660 1119 943 1201 chordas
980 1116 1240 1184 medico
1291 1123 1358 1184 et
1405 1115 1632 1183 indici.
1665 1115 1929 1181 Tertius
1970 1120 2198 1181 autem

661 1228 777 1317 qui
807 1226 1156 1308 remansit,
1190 1224 1407 1292 oritur
1433 1247 1474 1291 a
1503 1244 1821 1312 supremo
1868 1222 2048 1290 focili
2085 1244 2200 1288 su·

656 1333 928 1425 periori,
958 1340 1025 1401 et
1049 1331 1376 1400 chordam
1405 1330 1635 1421 pollici
1664 1330 1965 1398 mandat.
1998 1329 2203 1418 Apud

659 1440 832 1509 hanc
885 1442 1277 1531 juncturam
1344 1443 1448 1504 est
1501 1435 1852 1504 musculus
1917 1437 2037 1526 qui
2101 1443 2203 1501 est

656 1573 833 1617 unus
867 1547 1332 1615 musculorum
1371 1544 1667 1612 duorum
1713 1545 1891 1612 inter
1932 1565 2200 1610 muscu-

656 1658 760 1726 los
789 1663 1013 1724 motus
1059 1661 1337 1721 rascetae
1387 1653 1924 1731 nominatorum,
1965 1659 2034 1719 et
2069 1651 2202 1718 ori-

655 1774 767 1834 tur
803 1785 843 1830 a
885 1761 1035 1829 loco
1074 1759 1299 1828 medio
1338 1760 1557 1828 socilis
1601 1759 1965 1843 inferioris,
2006 1758 2199 1848 cujus

654 1870 906 1941 chorda
937 1867 1252 1962 pollicem
1290 1867 1376 1936 ab
1407 1867 1629 1935 indice
1655 1867 2042 1959 prolongat.

743 1970 1364 2063 Constringentium
1414 1978 1645 2039 autem
1684 1971 1962 2062 quidam
2009 1978 2192 2050 sunt,

655 2083 772 2174 qui
799 2083 1176 2150 consistunt
1225 2102 1431 2170 super
1476 2075 1831 2146 brachium
1866 2100 1882 2145 ε
1919 2079 2196 2168 quidam

653 2198 881 2259 autem
922 2211 1124 2279 super
1161 2185 1416 2255 volam.
1465 2186 1553 2255 Et
1599 2185 1697 2254 illi
1746 2186 2023 2278 quidem
2080 2185 2198 2278 qui

652 2306 809 2367 sunt
835 2319 1037 2388 super
1071 2294 1451 2374 brachium,
1495 2303 1629 2363 tres
1676 2301 1836 2362 sunt
1878 2293 2192 2373 musculi,

649 2428 938 2497 quorum
975 2426 1152 2471 unus
1181 2394 1576 2472 secundum
1597 2401 1905 2469 ordinem
1943 2402 2017 2469 in
2051 2423 2200 2470 me-

644 2513 757 2581 dio
798 2534 1001 2602 super
1044 2511 1255 2579 alium
1313 2516 1415 2577 est
1468 2510 1731 2599 positus
1767 2531 1782 2576 ε
1816 2531 1903 2574 ex
1949 2507 2196 2598 quibus

645 2621 939 2689 nobilior
990 2628 1092 2688 est
1136 2619 1251 2710 qui
1312 2616 1590 2686 inferius
1633 2616 1984 2685 adhaerens
2058 2617 2195 2684 ossi

645 2728 1217 2799 focilisinserioris
1253 2751 1271 2795 :
1305 2725 1606 2794 nobilior
1639 2726 1822 2795 enim
1850 2734 1953 2794 est
1980 2725 2195 2815 ipsius

647 2838 974 2928 operatio,
1006 2843 1073 2903 et
1102 2835 1252 2903 ideo
1283 2834 1588 2925 oportuit
1616 2835 1840 2924 ipsum
1866 2858 2011 2902 esse
2043 2856 2196 2900 ma-

643 2945 748 3035 gis
782 2941 1218 3013 custoditum.
1261 2941 1382 3010 Est
1429 2948 1659 3010 autem
1692 2943 1886 3033 origo
1925 2942 2122 3008 istius
2151 2963 2189 3006 a

638 3050 863 3120 medio
900 3051 1139 3141 capitis
1175 3048 1498 3139 adjutorii
1528 3071 1614 3118 ex
1640 3057 1832 3140 parte
1865 3047 2183 3124 silvestri,

631 3160 717 3232 ad
769 3160 1088 3231 inferiora
1142 3181 1409 3240 versus,
1472 3157 1717 3228 deinde
1768 3155 2186 3250 penetrando

632 3270 949 3339 dilatatur
1021 3268 1276 3338 chorda
1340 3269 1514 3358 ejus,
1593 3276 1662 3337 et
1723 3267 2052 3336 dividitur
2115 3267 2186 3334 in

631 3379 929 3472 quinque
957 3377 1270 3457 chordas,
1313 3399 1607 3470 quarum
1645 3399 1933 3469 quaeque
1968 3376 2057 3444 ad
2082 3376 2186 3443 in-

627 3487 878 3556 teriora
910 3484 1104 3578 digiti
1131 3486 1466 3577 pervenit.
1500 3483 1627 3554 Illa
1653 3491 1885 3554 autem
1915 3507 2066 3576 quae
2094 3483 2183 3552 ad

628 3602 922 3688 quatuor
962 3594 1296 3685 pervenit,
1347 3590 1670 3684 quelibet
1693 3592 2016 3683 junctura
2071 3590 2180 3659 di-

625 3701 749 3794 giti
777 3701 1067 3791 primam
1105 3699 1513 3791 constringit
1567 3706 1637 3770 et
1691 3692 1961 3768 tertiam
1996 3719 2012 3767 :
2043 3698 2180 3789 pri·

623 3830 807 3878 mam
839 3806 1112 3899 quidem
1151 3806 1333 3887 ideo,
1374 3806 1538 3899 quia
1567 3808 1957 3877 annectitur
1986 3806 2049 3874 ei
2087 3804 2178 3873 li-

625 3916 847 4008 gando
876 3915 1060 4007 quod
1097 3923 1200 3984 est
1245 3939 1454 4007 supra
1487 3938 1644 3985 eam
1685 3937 1703 3983 ε
1745 3915 2014 3985 tertiam
2045 3936 2177 3982 au-

624 4031 763 4093 tem
791 4022 968 4102 ideo,
1001 4022 1160 4115 quia
1189 4031 1395 4114 caput
1440 4022 1588 4112 ejus
1636 4021 1844 4092 lnaeret
1880 4022 1968 4090 ei.
2002 4020 2173 4101 Quae

624 4138 853 4200 autem
897 4129 984 4198 ad
1025 4128 1344 4220 pollicem
1390 4130 1602 4206 vadit,
1643 4130 2051 4220 constringit
2103 4139 2173 4199 et

619 4236 983 4306 secundam
1040 4237 1435 4326 Juncturam
1499 4236 1714 4328 ipsius
1773 4260 1790 4306 :
1848 4258 2007 4306 cum
2073 4237 2172 4306 eis

616 4344 797 4413 enim
834 4342 1166 4414 ambabus
1209 4343 1676 4414 continuatur.
1709 4341 1794 4412 Et
1832 4342 2171 4411 secundus

613 4452 732 4545 qui
760 4461 861 4522 est
887 4475 1093 4545 super
1134 4450 1320 4522 hunc
1362 4450 1778 4535 musculum,
1810 4459 1912 4520 est
1941 4451 2171 4520 minor

610 4560 769 4640 isto,
799 4569 867 4628 et
893 4559 1131 4650 incipit
1156 4583 1199 4628 a
1227 4562 1452 4653 capite
1479 4558 1829 4651 adjutorii,
1851 4566 1921 4628 et
1947 4560 2165 4651 tangit

608 4666 809 4737 focile
834 4666 1136 4746 interius,
1168 4677 1237 4739 et
1282 4668 1526 4738 dividit
1552 4669 1921 4739 terminum
1964 4691 2162 4737 com-

609 4798 888 4846 munem
931 4777 1111 4846 inter
1134 4774 1319 4872 latus
1362 4775 1817 4848 domesticum
1846 4785 1915 4845 et
1953 4774 2165 4845 silve-

603 4890 767 4969 stre,
813 4883 933 4976 qui
974 4891 1075 4952 est
1129 4884 1447 4975 superior
1502 4884 1895 4973 superficies
1941 4882 2161 4952 facilis

599 4990 1011 5081 superioris:
1045 4997 1114 5061 et
1158 5012 1317 5060 cum
1375 4993 1764 5085 pervenerit
1815 4990 1902 5060 ad
1948 4988 2160 5080 polli-

598 5118 773 5183 cem,
802 5096 1096 5169 declinat
1136 5120 1385 5191 parum
1433 5100 1746 5179 interius,
1778 5106 1847 5168 et
1879 5097 2159 5186 junctu-

598 5206 693 5274 ris
715 5204 956 5274 mediis
981 5214 1282 5297 quatuor
1308 5205 1683 5298 digitorum
1712 5206 1923 5275 mittit
1948 5201 2157 5274 chor-

595 5310 716 5380 das
750 5318 827 5379 ut
861 5332 975 5380 eas
1000 5314 1502 5405 constringant.
1537 5312 1652 5384 Ad
1689 5310 2008 5403 pollicem
2036 5334 2150 5381 ve·

598 5437 677 5485 ro
722 5438 861 5486 non
896 5418 1208 5507 pervenit
1244 5418 1376 5488 nisi
1427 5441 1662 5489 ramus
1706 5438 1982 5509 parvus,
2031 5419 2151 5508 qui

1651 411 1735 476 D.
1787 409 1987 477 ΑΕΒ.
2040 409 2258 476 MAG.

2313 410 2522 478 ORD.
2580 411 2874 479 PRAED.

2312 578 2629 645 videlicet
2675 580 3040 668 superioris
3087 581 3306 649 focilis
3371 593 3438 650 et
3501 586 3860 654 inferioris.

2316 683 2612 751 Secundi
2662 693 2890 753 autem
2922 688 3115 777 origo
3165 695 3268 755 est
3293 711 3334 756 a
3372 694 3589 781 capite
3646 694 3866 761 focilis

2310 791 2674 859 inferioris.
2712 791 2827 860 Sic
2855 801 3083 861 autem
3111 795 3189 864 fit
3214 805 3288 863 ut
3320 796 3546 886 pollex
3576 822 3715 867 non
3749 798 3867 866 ha-

2308 898 2467 966 beat
2520 899 2648 966 nisi
2689 923 2902 967 unum
2944 902 3330 971 musculum
3388 908 3867 999 constringen-

2311 1016 2471 1074 tem.
2511 1004 2646 1075 Sed
2679 1014 2974 1098 quatuor
3010 1007 3124 1076 alii
3166 1009 3357 1101 digiti
3400 1012 3666 1082 duobus
3694 1039 3866 1084 con-

2308 1112 2740 1203 stringuntur
2818 1136 2834 1181 ε
2913 1116 3212 1184 nobilior
3285 1119 3468 1186 enim
3553 1126 3862 1212 operatio

2309 1242 2516 1310 quam
2546 1219 2802 1289 habent
2830 1231 3122 1312 quatuor
3152 1225 3372 1316 digiti,
3400 1235 3501 1295 est
3528 1233 3862 1298 constrin-

2304 1350 2490 1417 gere.
2551 1327 2827 1396 Pollicis
2901 1338 3132 1399 autem
3199 1337 3504 1421 operatio
3570 1337 3864 1405 nobilior

2306 1441 2407 1501 est
2472 1442 2547 1502 ut
2574 1433 2892 1504 dilatetur
2937 1446 3005 1506 et
3075 1438 3436 1529 elongetur
3483 1442 3568 1509 ab
3609 1443 3854 1513 indice.

2300 1542 2567 1611 Tertius
2595 1552 2824 1612 autem
2865 1546 3210 1615 musculus
3258 1571 3398 1616 non
3430 1557 3531 1617 est
3580 1550 3676 1618 ad
3694 1575 3862 1619 con-

2302 1650 2779 1742 stringendum
2815 1674 2831 1719 :
2872 1653 2989 1721 sed
3033 1654 3182 1743 ejus
3219 1654 3473 1724 chorda
3520 1659 3591 1724 in
3628 1658 3860 1727 volam

2303 1758 2589 1827 interius
2625 1768 2934 1851 penetrat
2970 1769 3040 1830 et
3083 1760 3405 1831 dilatatur
3452 1788 3660 1856 super
3707 1790 3859 1835 eam

2302 1866 2389 1934 ad
2424 1865 2558 1936 hoc
2584 1875 2662 1935 ut
2688 1867 3024 1937 sentiendi
3068 1878 3341 1960 praestet
3387 1873 3747 1953 auxilium,
3792 1885 3861 1944 et

2300 1972 2601 2064 pilorum
2629 1974 2704 2043 in
2730 1999 2812 2045 ea
2837 1975 3199 2067 prohibeat
3225 1980 3766 2070 generationem,
3791 1991 3859 2052 et

2301 2082 2388 2150 ad
2422 2082 2959 2153 sustendandum
3006 2083 3175 2154 illud
3204 2087 3391 2177 quod
3420 2097 3522 2156 est
3557 2089 3630 2158 in
3668 2088 3859 2181 plan-

2301 2198 2386 2258 tte
2415 2213 2661 2259 manus
2707 2191 3170 2274 interioribus,
3203 2203 3270 2263 et
3316 2203 3391 2263 ut
3419 2195 3613 2265 fortis
3642 2196 3732 2265 sit
3773 2196 3858 2265 ad

2302 2320 2459 2366 suas
2505 2298 2971 2391 peragendum
3027 2301 3483 2391 operationes.
3538 2302 3627 2371 Ili
3694 2327 3858 2396 ergo

2301 2414 2462 2475 sunt
2499 2408 2617 2497 qui
2655 2428 2860 2496 super
2896 2416 3228 2476 rascetam
3253 2410 3583 2479 existunt.

2391 2512 2682 2581 Musculi
2721 2522 2949 2583 autem
3002 2516 3121 2606 qui
3177 2525 3337 2584 sunt
3391 2518 3464 2584 in
3509 2517 3667 2586 vola
3706 2541 3860 2610 quoe

2300 2628 2403 2687 est
2456 2619 2691 2710 planta
2754 2643 3024 2702 manus,
3066 2631 3227 2691 sunt
3281 2622 3516 2692 decem
3572 2635 3636 2694 et
3705 2634 3859 2694 octo

2299 2749 2451 2818 qua}
2506 2728 2576 2794 in
2622 2727 2887 2796 duabus
2925 2728 3200 2798 aciebus
3252 2730 3681 2811 ordinantur,
3731 2732 3859 2800 sibi

2296 2835 2592 2903 invicem
2631 2837 2989 2926 suppositi.
3025 2835 3178 2905 Una
3214 2837 3494 2928 quidem
3542 2841 3722 2908 acies
3760 2847 3860 2907 est

2296 2939 2381 3008 ad
2408 2941 2732 3010 inferiora
2759 2941 3043 3012 interius
3070 2942 3381 3022 tendens,
3409 2944 3719 3014 etaltera
3745 2970 3857 3014 su-

2292 3071 2414 3137 pra
2442 3056 2669 3119 cutem
2697 3050 3133 3120 exteriorem.
3170 3048 3450 3141 Septem
3499 3075 3664 3122 vero
3695 3063 3857 3124 sunt

2292 3157 2361 3226 in
2399 3159 2546 3229 acie
2579 3159 2925 3240 inferiore,
2975 3182 3267 3251 quorum
3307 3162 3614 3254 quinque
3652 3163 3850 3233 incli-

2290 3275 2458 3335 nant
2493 3266 2745 3358 digitos
2790 3267 2879 3336 ad
2924 3270 3280 3359 superiora
3311 3289 3329 3335 ε
3360 3277 3427 3337 et
3464 3269 3579 3339 ille
3608 3274 3728 3362 qui
3766 3295 3852 3341 ex

2288 3375 2387 3442 eis
2416 3372 2771 3465 delegatus
2813 3383 2918 3444 est
2948 3373 3209 3465 pollici,
3243 3377 3461 3444 oritur
3516 3399 3559 3444 a
3594 3379 3855 3469 princi-

2282 3481 2400 3571 pio
2429 3481 2608 3550 ossis
2634 3488 2934 3551 rascetae.
2969 3481 3227 3550 Sextus
3264 3489 3496 3551 autem
3538 3493 3640 3553 est
3687 3507 3852 3554 cur-

2282 3596 2394 3657 tus
2448 3595 2517 3659 et
2578 3587 2780 3671 latus,
2838 3587 3105 3659 nullum
3172 3587 3435 3659 habens
3496 3597 3851 3664 transver-

2280 3718 2436 3763 sum
2469 3719 2489 3765 ε
2520 3703 2591 3767 et
2625 3702 2828 3788 caput
2862 3695 3009 3787 ejus
3035 3695 3287 3789 pendet
3330 3707 3559 3767 ortum
3626 3722 3671 3769 a
3718 3724 3847 3793 pe-

2283 3804 2464 3873 ctine
2500 3826 2774 3884 manus,
2806 3811 2876 3874 et
2908 3805 3232 3896 pertingit
3264 3805 3334 3873 in
3367 3806 3841 3877 rectitudinem

2280 3912 2487 3981 medii
2544 3911 2736 4003 digiti
2769 3919 2888 3983 :et
2942 3910 3196 3981 chorda
3250 3913 3398 4002 ejus
3454 3937 3612 3984 cum
3684 3915 3843 4008 pol·

2278 4017 2406 4090 lice
2459 4018 2698 4107 haeret,
2745 4026 2814 4089 et
2867 4019 3149 4090 inclinat
3190 4041 3348 4090 eum
3398 4022 3483 4089 ad
3553 4023 3840 4093 inferio-

2276 4149 2376 4196 ra.
2453 4125 2804 4219 Septimus
2876 4136 3107 4197 autem
3172 4136 3274 4197 est
3318 4127 3509 4219 apud
3561 4132 3828 4201 auricu-

2275 4231 2518 4313 larem,
2567 4232 2897 4324 incipiens
2950 4232 3036 4303 ab
3093 4257 3247 4304 osse
3300 4236 3588 4327 pectinis
3645 4237 3833 4329 quod

2274 4349 2378 4411 est
2407 4341 2478 4411 in
2506 4340 2762 4411 directo
2792 4340 2966 4430 ejus,
2992 4347 3057 4412 et
3085 4339 3368 4413 inclinat
3386 4342 3704 4414 eumdem
3735 4344 3840 4415 di·

2271 4446 2496 4538 gitum
2522 4445 2606 4516 ad
2644 4445 2988 4542 inferiora.
3029 4443 3277 4516 Nullus
3304 4454 3535 4516 antem
3573 4445 3824 4519 horum

2271 4560 2536 4644 septem
2577 4549 3045 4622 musculorum
3075 4559 3177 4621 est
3214 4551 3300 4621 ad
3343 4554 3832 4648 constringen-

2268 4658 2433 4729 dum
2479 4681 2497 4730 ε
2537 4658 2656 4728 sed
2701 4660 3002 4752 quinque
3054 4667 3216 4728 sunt
3256 4658 3344 4729 ad
3385 4659 3828 4744 elevandum,

2267 4774 2334 4835 et
2377 4764 2518 4836 duo
2563 4765 2651 4836 ad
2695 4763 3105 4835 flectendum
3150 4764 3457 4836 inferius.
3514 4766 3623 4837 llli
3661 4791 3827 4839 vero

2265 4874 2376 4944 cui
2420 4882 2584 4946 sunt
2629 4874 2704 4945 in
2756 4875 2902 4946 acie
2945 4873 3283 4966 superiori
3331 4874 3460 4944 sub
3511 4877 3824 4948 musculo

2265 4982 2381 5074 qui
2447 4981 2859 5075 expanditur
2924 5004 3132 5074 super
3187 4979 3493 5074 plantam
3545 5005 3819 5065 manus,

2262 5114 2472 5183 quem
2511 5090 2739 5163 solum
2779 5089 3079 5171 ,Galenus
3118 5093 3466 5183 cognovit,
3529 5092 3825 5163 musculi

2260 5199 2580 5269 undecim
2606 5206 2789 5279 sunt,
2822 5221 2907 5268 ex
2944 5198 3195 5291 quibus
3231 5206 3386 5270 octo
3418 5208 3603 5281 sunt,
3651 5224 3827 5294 quo·

2259 5332 2413 5377 rum
2469 5307 2607 5380 duo
2661 5330 2820 5399 cum
2870 5309 3094 5402 prima
3145 5307 3471 5399 junctura
3519 5317 3819 5402 quatuor

2259 5415 2635 5509 digitorum
2693 5415 3182 5509 continuantur
3242 5437 3260 5484 ι
3321 5438 3500 5485 unus
3565 5416 3824 5489 scilicet

600 5524 805 5595 etiam
850 5532 1128 5597 nonest
1164 5525 1549 5603 exchorda
1584 5529 1757 5619 eJus,
1796 5526 1917 5596 sed
1961 5526 2155 5595 venit
2256 5549 2464 5619 super
2498 5525 2882 5625 *numum
2935 5524 3405 5621 constringant
3454 5548 3608 5597 eam
3641 5548 3659 5594 z
3695 5526 3817 5597 sed

599 5631 686 5702 ab
721 5630 856 5702 alio
898 5628 1079 5703 loco.
1109 5630 1200 5700 Et
1231 5633 1437 5726 primi
1476 5635 1767 5726 >quidem
1810 5633 2006 5724 origo
2045 5639 2150 5702 est
2254 5656 2526 5727 semper
2551 5632 2832 5705 inferior
2863 5633 3167 5727 ,duorum
3196 5633 3620 5727 constringit¹
3652 5656 3812 5705 cum

600 5749 759 5833 post
790 5738 1200 5833 principium
1254 5740 1445 5832 quod
1480 5741 1806 5824 diximus,
1844 5764 1889 5811 a
1920 5740 2140 5832 capite
2252 5741 2691 5833 depressione
2726 5749 2797 5813 et
2841 5732 3238 5824 reflexione,
3268 5738 3580 5831 superior
3625 5736 3811 5809 enim
