4919 6371
703 456 831 524 500
1703 431 1782 497 D.
1835 427 2031 495 ΑΕΒ.
2084 420 2299 492 MAG.

708 626 908 712 partu
938 614 1171 682 dolore
1202 629 1454 698 magno
1498 606 1859 695 plusquam
1912 600 2059 667 aliae
2092 621 2251 665 rnu-

707 727 909 794 lieres
940 745 954 791 z
985 717 1311 811 quoniam
1355 715 1424 781 in
1460 721 1659 804 partu
1708 711 1960 801 inguen
2003 705 2254 773 habent

702 836 936 924 spissae
967 838 1033 898 et
1061 826 1291 895 multae
1322 824 1584 893 carnis:
1619 827 1685 889 et
1721 818 1874 886 talis
1913 837 2066 884 caro
2114 833 2251 878 non

704 950 804 1010 est
840 936 1175 1014 laxabiliS,
1226 931 1345 1002 sed
1399 939 1499 999 est
1534 926 1895 996 constricta
1933 931 1997 989 et
2027 920 2252 988 clausa

703 1055 770 1115 et
793 1051 1102 1114 conserta
1127 1038 1605 1108 vehementer:
1641 1038 1707 1098 et
1743 1029 1894 1095 ideo
1933 1025 2252 1112 frequen-

702 1165 805 1224 ter
843 1153 1011 1222 tales
1044 1151 1430 1217 lacerantur
1466 1143 1537 1208 in
1568 1145 1786 1229 partu.

796 1258 868 1326 Si
909 1263 1138 1325 autem
1170 1257 1327 1318 ante
1367 1255 1634 1335 tempus
1691 1235 2000 1330 vigesimi
2050 1231 2249 1323 primi

703 1366 863 1434 anni
946 1359 1365 1447 concipiunt,
1446 1351 1618 1419 sicut
1710 1342 2249 1436 frequentissime

709 1470 979 1539 evenire
1010 1463 1206 1540 solet,
1272 1469 1437 1526 ωηο
1491 1456 1712 1545 major
1766 1449 2004 1519 accidit
2060 1446 2254 1514 dolor

705 1601 790 1645 ex
822 1573 1129 1664 corporis
1160 1564 1725 1656 incompletione:
1770 1558 2094 1651 quoniam
2126 1575 2255 1621 nec

705 1683 1064 1751 matricem
1131 1676 1387 1744 habent
1451 1668 1860 1760 completam
1913 1663 1996 1731 ad
2034 1661 2257 1729 conti-

712 1788 1041 1865 nendum,
1075 1806 1200 1852 nec
1236 1779 1460 1848 vulvae
1490 1776 1800 1843 fissuram
1848 1767 2253 1860 completam

706 1901 792 1969 ad
865 1891 1315 1965 emittendum
1354 1895 1669 1978 partum:
1707 1890 1773 1950 et
1838 1880 1989 1948 ideo
2045 1875 2256 1944 vehe-

704 2017 967 2078 menter
1022 2007 1093 2071 in
1124 2008 1325 2092 partu
1356 1997 1764 2066 cruciantur.

799 2113 1128 2183 Similiter
1191 2116 1420 2176 autem
1468 2125 1687 2170 mares
1744 2098 2032 2167 multum
2099 2117 2259 2164 coe-

708 2232 908 2291 untes
981 2220 1180 2288 citius
1236 2218 1621 2287 senescunt,
1683 2231 1763 2277 eo
1803 2205 1985 2296 quod
2014 2203 2258 2271 subtile

712 2342 776 2401 et
806 2329 1101 2398 calidum
1134 2348 1258 2416 per
1294 2322 1550 2391 coitum
1594 2318 1733 2387 exit
1788 2314 1872 2383 ab
1904 2316 1999 2382 eis
2037 2311 2259 2380 humi-

713 2440 902 2514 dum,
947 2445 1011 2502 et
1042 2439 1348 2502 remanet
1386 2429 1727 2495 viscosum
1769 2421 2081 2513 frigidum
2123 2417 2259 2485 hu-

710 2554 1038 2623 mectans,
1068 2550 1134 2610 et
1163 2563 1301 2608 non
1331 2558 1615 2628 augens,
1639 2542 1705 2601 et
1734 2530 1899 2598 illud
1928 2536 2027 2597 est
2056 2547 2259 2596 causa

712 2652 979 2721 canitiei
1012 2658 1078 2717 et
1116 2644 1503 2716 senectutis.

800 2758 1131 2826 Similiter
1163 2762 1391 2822 autem
1442 2748 1761 2817 mulieres
1818 2743 2067 2812 multos
2096 2764 2261 2832 por-

708 2875 931 2934 tantes
998 2862 1313 2936 infantes,
1401 2856 1600 2924 citius
1679 2854 2116 2941 antiquantur
2195 2855 2260 2915 et

712 2977 1122 3048 moriuntur,
1192 2974 1468 3058 propter
1557 2961 1866 3030 humoris
1939 2955 2261 3025 naturalis

714 3083 1000 3152 multam
1035 3080 1103 3144 in
1143 3084 1342 3167 partu
1375 3070 1836 3142 emissionem.
1880 3066 1995 3133 Est
2034 3074 2260 3132 autem

717 3193 950 3284 opinio
1035 3185 1346 3280 quaedam
1431 3179 1888 3275 quorumdam
1975 3176 2055 3245 dc
2105 3174 2257 3251 hoc.

717 3300 902 3394 quod
928 3296 1174 3366 mulier
1202 3314 1343 3361 non
1374 3287 1747 3380 augeturin
1771 3282 2260 3375 longitudinem

722 3409 1016 3500 amplius
1046 3413 1413 3497 postquam
1465 3398 1723 3490 peperit
1757 3404 1893 3464 tres
1950 3393 2260 3470 infantes,

717 3525 997 3611 propter
1067 3509 1331 3579 humidi
1416 3507 1600 3598 quod
1676 3506 1746 3571 in
1824 3509 2264 3593 augmentum

719 3623 891 3691 verti
922 3619 1249 3687 debuerat
1277 3611 1835 3707 deperditionem.
1873 3608 2034 3676 llaec
2061 3606 2264 3674 etiam

720 3740 821 3801 est
858 3749 1088 3805 causa,
1131 3723 1316 3816 quod
1355 3719 1672 3789 mulieres
1736 3740 1887 3809 quoe
1940 3716 2007 3782 in
2071 3714 2267 3782 annis

719 3835 1096 3931 pubertatis
1125 3830 1455 3901 ardebant
1501 3826 1719 3897 multo
1756 3824 1974 3894 coitus
2012 3821 2269 3891 deside·

724 3949 851 4026 rio,
903 3943 1227 4013 amittunt
1257 3936 1664 4006 desiderium
1721 3930 2007 4000 coeundi
2080 3936 2271 4019 post-

723 4076 930 4146 quam
970 4050 1199 4142 plures
1232 4047 1521 4115 infantes
1550 4046 1979 4135 pepererunt.
2010 4037 2084 4105 ln
2123 4059 2272 4126 par-

722 4173 796 4231 tu
828 4179 1150 4248 namque,
1219 4155 1395 4222 sicut
1449 4151 1772 4225 diximus,
1833 4148 1969 4215 exit
2023 4142 2272 4212 humor

721 4269 1083 4361 plurimus,
1125 4286 1282 4332 cum
1322 4282 1460 4352 quo
1488 4255 1760 4327 exhalat
1803 4254 2009 4334 calor,
2041 4262 2105 4320 et
2137 4253 2272 4319 hu-

724 4396 916 4445 more
981 4378 1049 4439 et
1103 4368 1327 4439 calore
1383 4363 1803 4435 naturalibus
1876 4361 2268 4430 destitutum

722 4501 968 4569 corpus
1008 4500 1145 4544 non
1177 4474 1383 4544 habet
1424 4470 1834 4541 desiderium
1866 4464 2175 4536 coeundi.

811 4584 900 4654 Ut
938 4585 1009 4651 in
1065 4580 1375 4674 pluribus
1438 4587 1666 4646 autem
1733 4573 2051 4642 mulieres
2116 4576 2268 4661 pust

721 4694 847 4765 tria
886 4691 1239 4784 septennia
1266 4687 1753 4758 convenientes
1778 4682 2157 4750 efficiuntur
2184 4676 2268 4744 ad

718 4808 1032 4893 partum:
1068 4821 1150 4867 eo
1191 4796 1375 4889 quod
1431 4815 1714 4884 corpora
1761 4811 1997 4858 earum
2037 4784 2270 4855 mollia

723 4912 792 4978 in
826 4915 1015 4976 tanto
1054 4915 1363 4997 tempore
1400 4908 1854 4980 maturantur,
1896 4895 2079 4989 quod
2110 4904 2270 4965 tunc

722 5023 825 5084 est
876 5014 1076 5104 spatii
1126 5008 1627 5100 conjunctionis
1665 5005 1861 5074 Jovis
1898 5012 1963 5071 et
1995 5000 2267 5070 Saturni

722 5133 790 5192 et
826 5123 1029 5191 unius
1059 5122 1221 5189 anni
1260 5118 1546 5187 solaris:
1580 5116 1740 5208 quia
1768 5116 1853 5182 in.
1896 5112 2269 5204 quantitate

719 5230 1048 5322 temporis
1085 5226 1587 5317 conjunctionis
1626 5224 1914 5291 duarum
1939 5219 2272 5310 ‘superio-

721 5359 873 5403 rum
929 5334 1281 5404 stellarum
1341 5329 1720 5400 infunditur
1753 5326 2077 5418 perfectio
2116 5347 2274 5393 cor-

718 5440 1000 5534 poribus
1075 5440 1587 5509 individuorum
1659 5433 2155 5526 perfectorum:
2205 5438 2274 5499 et

720 5548 867 5620 haec
894 5548 1190 5639 perfecta
1214 5549 1435 5616 virtus
1467 5544 1688 5613 infusa
1717 5565 1839 5633 per
1865 5561 2077 5607 unum
2107 5537 2272 5607 solis

716 5659 1073 5736 circulum,
1152 5658 1510 5751 signorum
1574 5653 1860 5724 circuitu
1934 5649 2274 5718 reducitur

719 5767 804 5838 ad
842 5766 1209 5858 agendum,
1244 5773 1313 5834 et
1337 5763 1678 5832 adunatur
1731 5759 1948 5827 virtus
2003 5757 2147 5846 ejus
2194 5765 2269 5823 ut

2356 595 2442 660 sit
2473 590 2810 658 efficacior
2844 610 2858 653 :
2903 583 3233 674 quoniam
3276 579 3435 644 licet
3464 571 3640 638 forte
3671 565 3918 656 aliquis

2356 706 2556 764 natus
2588 716 2725 761 non
2764 697 3077 757 nascatur
3105 689 3174 752 in
3205 679 3687 770 conjunctione
3718 672 3754 738 J
3766 673 3914 738 ovis

2358 813 2424 871 et
2465 801 2770 880 Saturni,
2812 805 2878 864 et
2914 795 3067 862 ideo
3098 814 3320 859 annus
3358 784 3731 854 vicesimus
3774 800 3919 845 non

2360 905 2763 973 terminetur
2800 897 2886 967 ad
2917 899 3227 965 iteratam
3252 887 3655 959 earumdem
3686 881 3916 950 stella-

2357 1034 2509 1079 rum
2540 1010 3114 1099 conjunctionem,
3150 1012 3382 1069 tamen
3414 1000 3483 1064 in
3513 1001 3706 1063 tanto
3736 998 3917 1057 tem-

2352 1144 2521 1214 pore
2576 1118 3019 1210 quantitatem
3078 1132 3318 1179 cursus
3369 1107 3576 1173 unius
3615 1099 3913 1189 conjun-

2358 1229 2601 1300 ctionis
2639 1226 2995 1317 perficiunt
3023 1241 3227 1309 super
3260 1219 3610 1307 generata,
3664 1216 3731 1276 et
3761 1207 3912 1274 ideo

2358 1346 2519 1406 tunc
2547 1342 2705 1403 sunt
2740 1330 3054 1422 perfecta.
3107 1326 3209 1392 De
3240 1324 3386 1391 istis
3408 1329 3642 1387 tamen
3673 1317 3747 1382 in
3778 1316 3916 1382 As-

2357 1439 2749 1512 tronomicis
2813 1442 2916 1504 est
2952 1430 3295 1501 reddenda
3337 1429 3537 1494 ratio.
3601 1421 3740 1490 Sed
3787 1418 3919 1486 hoc

2358 1550 2609 1618 dixisse
2675 1543 2922 1613 sufficit
2972 1539 3059 1607 ad
3107 1557 3433 1629 praesens,
3480 1528 3669 1621 quod
3709 1529 3778 1594 in
3806 1526 3921 1591 vi-

2359 1658 2622 1748 gesimo
2661 1653 2880 1744 primo
2925 1669 3106 1716 anno
3154 1643 3453 1736 perfecto
3515 1647 3788 1705 matura
3825 1640 3927 1699 est

2359 1765 2444 1835 ad
2526 1758 3046 1852 concipiendum
3102 1752 3375 1828 mulier,
3447 1755 3515 1815 et
3553 1766 3708 1835 quas
3772 1748 3928 1808 ante

2358 1871 2677 1961 concipit,
2713 1871 3070 1935 immature
3101 1858 3422 1947 concipit,
3467 1860 3624 1919 ante
3655 1859 3924 1937 tempus

2358 1979 2675 2048 videlicet
2703 1972 2948 2043 maturi
2972 1970 3278 2039 seminis.

2448 2086 2596 2153 Viri
2652 2091 2877 2152 autem
2934 2077 3243 2167 indigent
3298 2068 3544 2158 majori
3612 2074 3918 2153 tempore

2362 2217 2570 2286 quam
2594 2194 2682 2261 sit
2719 2189 2937 2258 istud:
2982 2185 3309 2277 quoniam
3342 2197 3635 2267 corpora
3677 2194 3916 2240 eorum

2360 2312 2520 2371 sunt
2593 2299 2797 2378 calori
2848 2296 3066 2385 magis
3133 2289 3543 2362 resistentia,
3635 2291 3701 2350 et
3761 2287 3918 2347 ante

2363 2421 2632 2502 ternpus
2670 2407 2833 2476 illud
2890 2426 3027 2495 quo
3084 2399 3375 2492 perfecte
3433 2401 3706 2461 matura
3763 2394 3923 2454 sunt

2362 2542 2650 2611 corpora
2675 2519 3005 2591 virorum,
3047 2519 3150 2578 est
3175 2525 3450 2597 sperma
3479 2521 3722 2570 eorum
3763 2494 3923 2562 sub-

2361 2629 2479 2697 tile
2518 2635 2583 2696 et
2612 2642 2987 2716 aquosum:
3030 2627 3098 2686 et
3136 2615 3271 2683 tale
3322 2630 3600 2701 sperma
3637 2627 3777 2672 non
3817 2607 3921 2670 est

2363 2745 2597 2827 aptum
2627 2728 3045 2824 generationi
3078 2722 3387 2816 perfectae
3418 2719 3486 2785 in
3510 2735 3761 2806 genere
3792 2709 3928 2777 hu-

2366 2865 2596 2912 mano.
2660 2839 2794 2908 Sed
2886 2840 3155 2927 oportet
3229 2827 3416 2919 quod
3471 2844 3747 2914 sperma
3827 2819 3916 2884 sit

2364 2948 2843 3041 glandulosum
2897 2950 2963 3012 et
3039 2937 3562 3031 gramlinosum,
3649 2924 3923 3018 quando

2367 3057 2689 3147 tangitur,
2730 3050 2913 3144 quod
2950 3049 3039 3117 sit
3066 3044 3260 3137 quasi
3318 3037 3781 3129 compositum
3839 3053 3926 3098 ex

2364 3162 2707 3257 glandulis
2733 3168 2802 3230 et
2830 3157 3131 3250 partibus
3162 3147 3516 3244 grandinis
3547 3139 3915 3212 mollibus:

2367 3273 2529 3364 quia
2585 3279 2744 3338 tunc
2809 3268 2875 3333 in
2953 3259 3391 3353 spissitudine
3458 3254 3607 3343 ejus
3705 3254 3929 3339 potest

2367 3377 2699 3447 contineri
2763 3373 2953 3441 fortis
3009 3377 3076 3437 et
3133 3363 3388 3433 multus
3437 3357 3719 3450 spiritus
3770 3375 3927 3422 cum

2365 3487 2618 3554 virtute
2649 3482 2981 3550 formante
3018 3473 3389 3567 perfectum
3421 3473 3491 3535 et
3525 3467 3928 3554 vigorosum

2368 3599 2664 3686 partum,
2697 3587 2811 3679 qui
2858 3584 3134 3676 spiritus
3170 3599 3328 3646 cum
3368 3575 3625 3641 virtute
3654 3590 3779 3636 sua
3811 3588 3927 3633 ne·

2370 3723 2503 3792 que
2541 3706 2642 3767 est
2696 3698 2764 3764 in
2794 3691 3022 3762 subtili
3068 3693 3408 3779 spermate
3452 3703 3468 3748 ε
3514 3688 3583 3748 et
3633 3678 3688 3744 si
3729 3682 3932 3758 esset,

2372 3811 2794 3898 evaporaret.
2846 3797 3006 3868 Tale
3063 3804 3292 3865 autem
3329 3809 3605 3882 sperma
3643 3781 3932 3875 grandi-

2374 3937 2617 3985 nosum
2677 3933 2813 3979 non
2871 3916 2970 3976 est
3018 3907 3087 3973 in
3140 3922 3428 3992 corpore
3465 3897 3624 3972 viri,
3670 3891 3800 3960 nisi
3846 3890 3937 3955 sit

2366 4023 2512 4113 jam
2554 4018 2960 4086 desiccatum
2990 4009 3215 4078 calore
3256 4001 3642 4096 juventutis
3672 4006 3734 4065 et
3768 4016 3939 4062 con-

2376 4130 2699 4198 fortatum
2755 4130 2822 4193 et
2873 4118 3312 4210 inspissatum
3393 4118 3462 4178 et
3518 4107 3935 4175 exsiccatum

2365 4233 2613 4324 jamin
2668 4230 2891 4319 seipso
2946 4223 3033 4291 ab
3071 4221 3366 4289 humore
3413 4211 3663 4306 puerili
3718 4209 3938 4277 aetatis

2366 4337 2716 4431 juvenilis.
2753 4335 3045 4423 Signum
3111 4336 3340 4393 autem
3390 4322 3539 4413 ejus
3605 4314 3791 4408 quod
3828 4312 3941 4380 di-

2375 4457 2565 4516 ctum
2630 4452 2758 4523 est,
2818 4437 3145 4532 quoniam
3194 4453 3468 4524 sperma
3507 4423 3760 4495 subtile
3790 4440 3933 4488 non

2373 4552 2669 4622 multum
2699 4548 2996 4623 illosum,
3031 4553 3129 4613 est
3171 4536 3584 4631 principium
3644 4550 3937 4621 genera-

2373 4663 2625 4731 tionis:
2667 4670 2936 4748 sperma
2987 4659 3214 4721 autem
3246 4642 3749 4737 grandinosum
3781 4633 3942 4702 filo-

2374 4790 2556 4847 sum,
2589 4773 2689 4833 est
2747 4785 2832 4831 ex
2887 4782 3026 4851 quo
3089 4759 3510 4847 generantur
3564 4766 3815 4814 mares.
3861 4738 3940 4807 Ιη

2378 4879 2508 4945 isto
2539 4873 2721 4942 enim
2753 4878 3056 4957 tempore
3112 4862 3429 4929 oriuntur
3485 4855 3558 4922 in
3612 4851 3764 4918 viro
3817 4844 3936 4937 pili

2375 4983 2644 5052 barbas:
2676 4976 2793 5047 sed
2823 4975 2907 5043 de
2935 4980 3088 5041 ortu
3122 4965 3346 5036 barbae
3375 4966 3446 5031 in
3474 4962 3653 5039 viro,
3679 4957 3826 5046 jam
3860 4954 3931 5022 in

2376 5086 2781 5160 anteliabitis
2821 5081 3011 5149 istius
3048 5075 3347 5145 scientiae
3386 5069 3581 5138 libris
3620 5063 3934 5133 dedimus

2377 5197 2699 5267 rationes.

2469 5322 2892 5391 Menstruum
2932 5313 3138 5382 etiam
3177 5305 3549 5375 mulierum
3589 5307 3938 5368 maturum

2378 5439 2481 5501 est
2525 5430 2592 5496 in
2633 5428 2760 5495 isto
2789 5431 3121 5512 tempore,
3164 5412 3345 5505 quod
3398 5418 3476 5478 ut
3506 5409 3578 5476 in
3624 5403 3935 5498 pluribus

2378 5534 2755 5607 secundum
2837 5523 3309 5596 fortitudinem
3365 5517 3596 5584 fluxus
3652 5512 3801 5580 fluit
3870 5509 3938 5575 in

2376 5646 2587 5716 finem
2651 5638 2901 5710 mensis
2962 5628 3252 5705 lunaris,
3341 5621 3622 5718 quando
3679 5617 3801 5687 Sol
3876 5624 3945 5683 et

2380 5753 2575 5822 Luna
2625 5756 2784 5817 sunt
2837 5745 2904 5813 in
2978 5735 3503 5827 conjunctione:
3540 5739 3704 5799 tunc
3760 5724 3944 5794 enim
