4919 6371
701 362 827 429 114
1697 353 1781 420 Π.
1839 353 2035 420 ALB.
2088 351 2306 419 MAG.
2362 354 2568 421 oRD.
2624 355 2919 423 PRAED.

2458 516 2588 582 llis‘
2619 519 2826 606 igitur
2878 520 2959 584 de
3031 520 3252 587 causis
3317 518 3677 586 umbilicus
3728 518 3914 585 radix

2363 624 2620 688 ventris
2649 631 2933 689 vocatur
2969 647 2984 690 :
3029 627 3237 692 nutrit
3276 628 3455 692 enim
3497 627 3681 693 omni
3734 635 3914 692 tcm-

2361 753 2525 820 pore
2558 753 2695 821 quo
2727 730 3010 818 embryo
3042 732 3248 797 modo
3278 732 3662 821 plantarum
3694 734 3914 825 nutri-

2362 847 2494 906 tur.
2550 838 2719 906 Cum
2771 845 2999 905 autem
3066 859 3188 927 per
3253 839 3477 926 ipsum
3545 843 3913 908 nutrimen·

2361 954 2506 1013 tum
2539 946 2743 1014 etiam
2774 947 2953 1036 capit
2983 952 3171 1013 extra
3199 969 3269 1012 se
3300 945 3661 1034 digestum,
3694 948 3812 1015 sed
3841 949 3911 1014 in

2226 1115 2232 1121 .
2360 1053 2581 1141 seipso
2613 1052 3088 1143 digerendum,
3131 1061 3292 1120 tunc
3332 1052 3693 1120 umbilicus
3737 1055 3914 1121 cadit

2357 1159 2440 1225 ab
2484 1158 2707 1225 officio
2757 1158 3023 1237 radicis,
3095 1169 3161 1227 et
3216 1166 3378 1226 tunc
3416 1160 3805 1250 praeciditur
3847 1168 3913 1228 et

1163 1270 1459 1340 CAPUT
1506 1271 1764 1339 XXIV.
2357 1264 2609 1354 ligatur
2647 1274 2711 1334 et
2757 1266 3052 1334 nodatur
3116 1268 3184 1333 in
3229 1267 3584 1358 superficie
3627 1268 3904 1345 ventris,

2355 1394 2437 1439 ne
2479 1395 2599 1462 per
2625 1373 2851 1464 ipsum
2898 1373 3242 1465 pinguedo
3299 1396 3449 1464 quoe
3490 1384 3587 1442 est
3632 1375 3703 1442 in
3734 1398 3908 1442 ven-

2353 1487 2454 1547 tre
2487 1480 2892 1572 egrediatur.
3553 1556 3560 1564 ,

2444 1587 2828 1657 Membrum
2857 1598 3084 1658 autem
3125 1589 3308 1680 quod
3346 1589 3431 1657 ab
3463 1590 3788 1658 umbilico
3818 1591 3904 1658 ad

2353 1703 2720 1786 utrumque
2745 1695 2924 1764 latus
2981 1696 3407 1776 distenditur,
3446 1698 3741 1788 inquina
3776 1721 3906 1765 vo-

2349 1810 2594 1869 cantur
2628 1802 3004 1871 secundum
3034 1803 3221 1893 quod
3247 1803 3382 1870 duo
3422 1802 3637 1870 latera
3683 1805 3904 1894 respi-

2348 1910 2538 1978 ciunt
2569 1932 2585 1978 ε
2629 1912 2700 1979 in
2729 1935 2802 1978 se
2839 1920 3069 1980 tamen
3098 1912 3599 1982 consideratum
3629 1921 3731 1981 est
3790 1914 3904 1980 in-

689 2024 795 2091 Dc
823 2020 1182 2091 anatomia
1228 2017 1587 2086 exterioris
1610 2016 1861 2107 fiqurae
1888 2014 2143 2082 ventris
2177 2022 2241 2081 et
2349 2041 2532 2107 guen
2559 2041 2801 2087 unum.
2841 2018 3133 2089 Inferius
3163 2022 3373 2091 etiam
3400 2020 3470 2087 in
3493 2029 3756 2101 ventre,
3783 2020 3900 2088 ubi

775 2130 1139 2219 inquinant
1180 2136 1243 2194 et
1281 2123 1745 2193 membrorum
1787 2121 2233 2213 qenitalium,
2348 2125 2424 2194 tit
2461 2127 2705 2197 divisio
2745 2129 3072 2211 crurium,
3114 2136 3215 2198 est
3260 2152 3415 2218 pars
3459 2151 3611 2219 quae
3655 2138 3896 2220 pecten

773 2245 838 2304 et
865 2236 1099 2326 fiqura
1126 2256 1365 2304 eorum
1393 2242 1459 2301 et
1487 2231 1799 2301 matricis
1826 2240 1892 2299 et
1929 2228 2183 2298 vestae.
2347 2232 2595 2303 dicitur
2633 2234 3089 2326 metaphorice
3130 2257 3148 2304 ε
3184 2236 3507 2326 quoniam
3533 2258 3692 2327 pars
3721 2259 3894 2306 con-

2345 2341 2558 2421 tinua,
2594 2363 2678 2410 ex
2717 2364 2850 2432 qua
2886 2340 3195 2433 plurima!
3239 2341 3385 2411 aliae
3423 2343 3885 2432 porriguntur,

2336 2459 2574 2538 pecten
2629 2455 2935 2530 vocatur,
2975 2448 3151 2517 sicut
3193 2456 3433 2539 pecten
3482 2471 3751 2528 manus,
3824 2457 3892 2517 et

2340 2563 2583 2645 pecten
2620 2556 2836 2646 pedis,
2870 2563 2937 2623 et
2970 2562 3210 2646 pecten
3258 2555 3584 2645 inguinis,
3636 2563 3703 2623 et
3739 2555 3888 2623 duze

2341 2660 2576 2732 anchae
2612 2670 2771 2733 sunt
2797 2666 3135 2754 posterius
3158 2672 3314 2754 post
3350 2663 3660 2753 inguina,
3716 2665 3893 2732 sicut

2340 2778 2526 2860 patet
2563 2769 2680 2839 ubi
2709 2769 2918 2841 locuti
2945 2793 3184 2841 sumus
3212 2770 3295 2838 de
3334 2772 3590 2838 ossium
3638 2782 3890 2838 analo-

2340 2876 2508 2943 mia.
2537 2874 2709 2944 Illud
2739 2885 2968 2944 autem
2995 2875 3181 2968 quod
3209 2900 3245 2944 e
3273 2876 3528 2944 directo
3550 2876 3885 2967 posterius

2338 2989 2440 3049 est
2480 2981 2652 3051 inter
2693 2981 2970 3061 anchas,
3022 2990 3311 3051 vocatur
3337 2982 3618 3050 dorsum
3656 2983 3887 3050 nutri-

767 3084 933 3154 l‘ost
958 3084 1302 3155 clibanum
1330 3084 1404 3151 in
1436 3082 1757 3152 anteriori
1785 3091 1980 3174 parte
2008 3079 2231 3149 homi·
2330 3098 2484 3156 tam
2515 3087 2600 3154 ad
2650 3087 3100 3158 differentiam
3147 3088 3330 3157 dorsi
3370 3089 3663 3180 pectoris
3696 3111 3712 3155 ε
3752 3112 3881 3156 an·

675 3195 781 3261 nis
809 3203 908 3263 est
937 3201 1200 3274 venter,
1242 3193 1360 3284 qui
1390 3194 1599 3262 etiam
1628 3201 1732 3260 est
1760 3215 1917 3284 pars
1944 3191 2221 3267 clibani,
2332 3203 2398 3262 te
2429 3218 2583 3263 ossa
2612 3196 2794 3266 enim
2843 3195 2958 3265 illa
2991 3196 3220 3286 jacent
3255 3193 3562 3266 membra
3606 3196 3882 3265 nutriti-

684 3303 985 3371 Ventrem
1032 3310 1260 3370 autem
1310 3299 1424 3369 hic
1480 3300 1770 3370 dicimus
1816 3300 2223 3367 exteriorem
2329 3321 2443 3379 va,
2476 3299 2868 3370 stomachus
2894 3300 3232 3383 videlicet,
3284 3309 3353 3369 et
3404 3302 3744 3371 intestina.
3795 3300 3882 3370 Et

666 3410 912 3501 pellem
964 3411 1271 3495 mollem,
1323 3434 1477 3501 qua·
1516 3411 1819 3478 continet
1868 3410 1937 3476 in
1971 3431 2041 3477 se
2068 3433 2226 3477 om-
2328 3404 2498 3473 illud
2548 3405 2832 3475 dorsum
2875 3414 2976 3477 est
3015 3407 3205 3477 locus
3251 3407 3507 3501 anguli.
3561 3406 3878 3475 Diximus

666 3518 777 3585 nia
806 3518 1111 3587 membra
1141 3519 1495 3597 nutritiva,
1538 3516 1622 3586 «le
1653 3516 1906 3609 quibus
1945 3538 2073 3583 nos
2112 3515 2223 3583 ln-
2326 3516 2513 3586 enim
2544 3518 2615 3587 in
2658 3518 2915 3589 ossium
2952 3519 3311 3588 anatomia
3352 3517 3733 3611 spondilem
3784 3518 3879 3586 ibi

664 3648 954 3717 quemur
1000 3626 1359 3718 posterius.
1407 3624 1485 3691 ln
1529 3623 1663 3693 hoc
1702 3633 1936 3693 autem
1985 3632 2220 3692 ventre
2324 3647 2473 3693 esse
2504 3644 2657 3717 quae
2683 3623 2830 3695 sine
2858 3625 3180 3696 auriculis
3217 3626 3288 3696 in
3316 3648 3451 3718 qua
3486 3634 3589 3694 est
3615 3649 3875 3695 curva-

662 3744 762 3801 est
791 3734 1179 3813 umbilicus,
1214 3733 1333 3824 qui
1374 3732 1585 3801 radis:
1612 3732 1887 3811 dicitur,
1918 3755 2002 3799 eo
2032 3729 2218 3821 quod
2323 3732 2421 3801 tio
2465 3729 2676 3814 domi.
2726 3753 2884 3802 cum
2931 3727 3143 3805 homo
3190 3731 3277 3803 ad
3325 3730 3605 3803 inferius
3643 3755 3885 3802 curva-

660 3843 960 3933 primum
1014 3842 1189 3910 inter
1235 3840 1567 3909 nutritiva
1604 3839 1919 3906 distinete
1960 3836 2221 3906 forma-
2319 3843 2434 3903 tur
2466 3857 2482 3903 ε
2516 3834 2866 3907 curvitatis
2894 3837 3078 3909 enim
3114 3831 3297 3907 illius
3326 3832 3622 3930 angulus
3663 3845 3766 3906 est
3810 3838 3880 3905 in

663 3957 775 4018 tus
828 3950 1197 4029 invenitur,
1266 3948 1443 4016 sicut
1499 3945 1693 4016 radix
1758 3947 2061 4037 primum
2117 3952 2215 4012 est
2320 3941 2471 4012 loco
2521 3941 2850 4038 spondilis
2886 3942 3095 4031 illius,
3151 3954 3215 4014 et
3270 3946 3417 4040 ipsa
3465 3946 3676 4015 estin
3715 3945 3869 4015 loco

662 4057 1051 4126 distinctum
1099 4057 1169 4124 in
1228 4056 1462 4147 planta
1508 4054 1879 4125 formatum
1928 4076 1944 4121 :
1992 4061 2055 4121 et
2095 4075 2216 4143 per
2320 4049 2828 4122 nutritivorum.
2861 4048 2943 4121 Et
2983 4050 3111 4121 sub
3157 4076 3311 4122 osso
3357 4052 3592 4146 anguli
3640 4061 3743 4125 est
3790 4077 3871 4123 os

659 4165 882 4255 ipsum
919 4161 1124 4232 trahit
1163 4163 1451 4254 embryo
1482 4162 1977 4230 nutrimentum
2023 4169 2212 4227 extra
2316 4158 2503 4252 quod
2556 4157 2843 4228 Arabice
2888 4157 3111 4228 caltab
3140 4166 3448 4241 vocatur,
3482 4157 3720 4230 Latine
3747 4185 3867 4229 au·

652 4292 725 4339 se
771 4269 1132 4339 formatum
1178 4276 1246 4337 et
1305 4267 1648 4360 digestum
1702 4289 1721 4335 ε
1763 4267 1938 4334 sicut
2003 4265 2209 4334 etiam
2312 4273 2452 4336 tem
2484 4263 2832 4337 dicituro:
2857 4288 3125 4348 rentum,
3157 4275 3226 4336 et
3261 4274 3364 4337 est
3408 4268 3865 4359 compositum

649 4377 879 4470 planta
916 4375 1120 4447 trabit
1159 4400 1281 4468 per
1310 4374 1635 4445 radicem.
1690 4372 1778 4443 Et
1831 4372 1988 4441 ideo
2034 4372 2210 4442 sicut
2311 4370 2655 4443 extribus
2700 4372 2998 4459 ossibus,
3065 4375 3240 4446 sicut
3283 4373 3354 4444 in
3402 4381 3560 4445 ante
3613 4371 3864 4445 habitis

650 4483 819 4554 nihil
857 4486 1175 4574 abjicitur
1200 4484 1285 4552 de
1328 4482 1748 4551 nutrimento
1777 4485 2079 4549 attracto'
2087 4504 2209 4572 per
2308 4476 2838 4551 determinatum
2866 4487 2993 4555 est.
3028 4481 3089 4553 A
3118 4479 3328 4552 latere
3357 4490 3589 4551 autem
3616 4505 3857 4553 versus

648 4590 967 4668 radicem,
1002 4592 1130 4659 nisi
1177 4591 1527 4682 superflua
1583 4587 1934 4681 aquositas
1988 4610 2206 4679 pauca
2305 4587 2425 4658 ilia
2451 4597 2556 4658 cst
2572 4610 2653 4657 os
2679 4589 2865 4681 quod
2893 4598 2998 4660 est
3024 4597 3230 4682 caput
3261 4589 3407 4660 sive
3438 4589 3660 4662 nodus
3686 4589 3862 4661 ossis

646 4721 795 4792 quae
830 4698 1116 4767 exsudat
1154 4698 1222 4765 in
1273 4697 1577 4787 gummis
1623 4695 2014 4788 plantarum
2049 4716 2066 4763 ε
2110 4697 2202 4764 ita
2302 4717 2516 4776 coxo,
2567 4695 2756 4790 quod
2797 4695 3179 4769 vertebram
3219 4720 3408 4769 cate
3446 4706 3733 4768 vocatur
3787 4699 3856 4767 in

641 4805 811 4875 nihil
840 4805 1109 4895 ejicitur
1137 4804 1429 4872 omnino
1478 4801 1562 4870 de
1607 4805 1946 4894 sanguine
1981 4810 2200 4872 attra-
2301 4824 2455 4871 osse
2493 4801 2727 4873 anchae
2753 4803 2885 4874 sibi
2913 4803 3389 4897 respondente,
3422 4805 3607 4898 quod
3644 4828 3857 4875 voca-

640 4922 750 4983 cto
777 4937 897 5006 per
935 4910 1361 4992 umbilicum,
1396 4910 1527 4978 nisi
1558 4933 1774 5002 pauca
1814 4919 1877 4978 et
1926 4909 2194 4978 modica
2299 4915 2412 4979 tur
2458 4910 2605 4980 scia
2646 4910 2793 4981 sive
2824 4912 3067 5007 pyxis.
3108 4909 3400 4994 Quidam
3444 4921 3674 4983 autem
3719 4936 3854 4983 vo-

638 5023 1007 5113 aquositas,
1040 5042 1192 5112 quae
1223 5018 1530 5108 rejicitur
1566 5040 1708 5086 non
1739 5040 1863 5109 per
1896 5016 2195 5086 vesicam
2296 5025 2453 5088 cant
2498 5016 2890 5089 vertebrum
2939 5041 3129 5095 coxae
3173 5042 3458 5113 pomum
3512 5044 3731 5105 coxae,
3782 5029 3850 5091 et

637 5129 1050 5221 embryonis,
1086 5126 1204 5195 sed
1234 5149 1362 5219 per
1386 5124 1710 5194 sudorem
1740 5134 1806 5194 et
1847 5148 1927 5194 os
1957 5123 2192 5193 umbi·
2295 5121 2573 5217 quidem
2598 5130 2847 5198 vocant
2872 5125 3099 5220 ipsum
3128 5127 3416 5199 Arabica
3442 5129 3845 5214 han-emach,

635 5236 773 5315 liri,
824 5248 890 5305 et
935 5237 1258 5328 recipitur
1312 5236 1381 5304 in
1437 5257 1598 5302 vase
1656 5231 2060 5315 secundino,
2124 5243 2190 5303 et
2292 5233 2478 5327 quod
2515 5241 2714 5303 sonat
2738 5233 3124 5315 vertebram
3151 5234 3441 5307 Latine:
3484 5235 3695 5317 ethic
3749 5244 3854 5307 est

635 5343 899 5435 ejicitur
939 5346 1007 5412 in
1063 5344 1172 5412 «lie
1212 5342 1590 5411 nativitatis
1642 5339 1946 5421 infantis,
2014 5341 2187 5410 sicut
2288 5341 2482 5414 locus
2511 5341 2581 5412 in
2618 5362 2755 5436 quo
2791 5327 3114 5417 movetur
3157 5366 3331 5416 coxa
3374 5346 3448 5414 in
3493 5341 3851 5414 ambulan-

634 5448 1194 5519 determinabitur
1289 5450 1356 5517 in
1453 5446 1899 5541 sequentibus
1990 5449 2184 5517 istius
2289 5449 2402 5520 do.
2438 5448 2761 5519 Foeminae
2807 5459 3036 5522 autem
3071 5449 3330 5522 habeut
3371 5474 3451 5520 os
3484 5451 3842 5545 proprium

629 5559 950 5642 scientiae,
989 5581 1147 5627 cum
1180 5559 1263 5628 de
1296 5558 1738 5650 qeneratione
1763 5566 1829 5625 et
1858 5557 2185 5649 impr-eq·
2287 5555 2476 5651 quod
2492 5557 2676 5649 jacet
2701 5579 2910 5651 super
2933 5580 3014 5629 os
3037 5556 3341 5639 femoris,
3377 5558 3564 5652 quod
3627 5581 3843 5630 voca·-

623 5667 902 5738 natione
936 5665 1353 5735 animalium
1381 5664 1804 5735 tractabitur.
2284 5674 2401 5733 tur
2435 5665 2724 5746 matt-it,
2775 5665 2847 5733 in
2885 5686 3024 5758 quo
3062 5667 3385 5758 recipitur
3428 5688 3727 5760 sperma,
3767 5675 3839 5738 et
