<?xml version="1.0" encoding="UTF-8"?>
<!DOCTYPE html PUBLIC "-//W3C//DTD XHTML 1.0 Transitional//EN"
    "http://www.w3.org/TR/xhtml1/DTD/xhtml1-transitional.dtd">
<html xmlns="http://www.w3.org/1999/xhtml" xml:lang="en" lang="en">
 <head>
  <title>
</title>
<meta http-equiv="Content-Type" content="text/html;charset=utf-8" />
  <meta name='ocr-system' content='tesseract 3.04.00' />
  <meta name='ocr-capabilities' content='ocr_page ocr_carea ocr_par ocr_line ocrx_word'/>
</head>
<body>
  <div class='ocr_page' id='page_1' title='image "balbertimagnira01chgoog_0342.png"; bbox 0 0 4919 6371; ppageno 0'>
   <div class='ocr_carea' id='block_1_1' title="bbox 582 380 2202 5809">
    <p class='ocr_par' dir='ltr' id='par_1_1' title="bbox 582 380 2202 3738">
     <span class='ocr_line' id='line_1_1' title="bbox 605 380 2202 453; baseline -0.003 -1"><span class='ocrx_word' id='word_1_1' title='bbox 605 388 732 453; x_wconf 63' lang='lat'>314</span> <span class='ocrx_word' id='word_1_2' title='bbox 1603 381 1686 447; x_wconf 89' lang='grc'>1).</span> <span class='ocrx_word' id='word_1_3' title='bbox 1738 380 1935 448; x_wconf 64' lang='lat' dir='ltr'>Ami.</span> <span class='ocrx_word' id='word_1_4' title='bbox 1990 381 2202 448; x_wconf 86' lang='lat' dir='ltr'><strong>MAG.</strong></span> 
     </span>
     <span class='ocr_line' id='line_1_2' title="bbox 600 550 2147 642; baseline -0.001 -20"><span class='ocrx_word' id='word_1_5' title='bbox 600 555 886 622; x_wconf 77' lang='lat' dir='ltr'><strong>debilior</strong></span> <span class='ocrx_word' id='word_1_6' title='bbox 916 560 981 618; x_wconf 89' lang='lat' dir='ltr'>et</span> <span class='ocrx_word' id='word_1_7' title='bbox 1025 550 1298 616; x_wconf 86' lang='lat' dir='ltr'>mollior</span> <span class='ocrx_word' id='word_1_8' title='bbox 1328 557 1425 614; x_wconf 84' lang='lat' dir='ltr'>est</span> <span class='ocrx_word' id='word_1_9' title='bbox 1459 551 1911 638; x_wconf 68' lang='lat' dir='ltr'>voxjuvenis,</span> <span class='ocrx_word' id='word_1_10' title='bbox 1947 575 2147 642; x_wconf 78' lang='lat' dir='ltr'>quain</span> 
     </span>
     <span class='ocr_line' id='line_1_3' title="bbox 600 658 2142 750; baseline -0.001 -23"><span class='ocrx_word' id='word_1_11' title='bbox 600 665 744 750; x_wconf 88' lang='lat' dir='ltr'>ejus</span> <span class='ocrx_word' id='word_1_12' title='bbox 786 661 901 749; x_wconf 87' lang='lat' dir='ltr'>qui</span> <span class='ocrx_word' id='word_1_13' title='bbox 922 660 1068 745; x_wconf 84' lang='lat' dir='ltr'>jam</span> <span class='ocrx_word' id='word_1_14' title='bbox 1103 658 1170 722; x_wconf 91' lang='lat' dir='ltr'>in</span> <span class='ocrx_word' id='word_1_15' title='bbox 1241 664 1416 723; x_wconf 85' lang='lat' dir='ltr'>statu</span> <span class='ocrx_word' id='word_1_16' title='bbox 1452 668 1720 726; x_wconf 88' lang='lat' dir='ltr'>maturo</span> <span class='ocrx_word' id='word_1_17' title='bbox 1754 667 1848 727; x_wconf 88' lang='lat' dir='ltr'>est</span> <span class='ocrx_word' id='word_1_18' title='bbox 1881 663 2094 728; x_wconf 59' lang='lat' dir='ltr'>(etatis</span> <span class='ocrx_word' id='word_1_19' title='bbox 2129 685 2142 726; x_wconf 92' lang='lat'>:</span> 
     </span>
     <span class='ocr_line' id='line_1_4' title="bbox 599 765 2148 838; baseline 0 -2"><span class='ocrx_word' id='word_1_20' title='bbox 599 771 848 836; x_wconf 65' lang='lat' dir='ltr'>stricta}</span> <span class='ocrx_word' id='word_1_21' title='bbox 897 768 1079 832; x_wconf 91' lang='lat' dir='ltr'>enim</span> <span class='ocrx_word' id='word_1_22' title='bbox 1104 773 1170 831; x_wconf 87' lang='lat' dir='ltr'>et</span> <span class='ocrx_word' id='word_1_23' title='bbox 1197 765 1497 835; x_wconf 85' lang='lat' dir='ltr'>humidae</span> <span class='ocrx_word' id='word_1_24' title='bbox 1520 777 1684 837; x_wconf 89' lang='lat' dir='ltr'>sunt</span> <span class='ocrx_word' id='word_1_25' title='bbox 1712 772 1837 838; x_wconf 75' lang='lat' dir='ltr'>viae</span> <span class='ocrx_word' id='word_1_26' title='bbox 1868 774 2051 838; x_wconf 88' lang='lat' dir='ltr'>vocis</span> <span class='ocrx_word' id='word_1_27' title='bbox 2083 772 2148 837; x_wconf 93' lang='lat' dir='ltr'>in</span> 
     </span>
     <span class='ocr_line' id='line_1_5' title="bbox 590 874 2153 965; baseline 0.001 -23"><span class='ocrx_word' id='word_1_28' title='bbox 590 874 986 965; x_wconf 70' lang='lat' dir='ltr'>juvenibuS,</span> <span class='ocrx_word' id='word_1_29' title='bbox 1023 885 1081 941; x_wconf 90' lang='lat' dir='ltr'>et</span> <span class='ocrx_word' id='word_1_30' title='bbox 1117 874 1354 965; x_wconf 89' lang='lat' dir='ltr'>pulmo</span> <span class='ocrx_word' id='word_1_31' title='bbox 1390 877 1615 944; x_wconf 78' lang='lat' dir='ltr'>mollis</span> <span class='ocrx_word' id='word_1_32' title='bbox 1666 887 1734 946; x_wconf 86' lang='lat' dir='ltr'>et</span> <span class='ocrx_word' id='word_1_33' title='bbox 1765 878 2024 946; x_wconf 80' lang='lat' dir='ltr'>debilis,</span> <span class='ocrx_word' id='word_1_34' title='bbox 2071 878 2153 943; x_wconf 85' lang='lat' dir='ltr'>Et</span> 
     </span>
     <span class='ocr_line' id='line_1_6' title="bbox 601 982 2149 1073; baseline -0.003 -23"><span class='ocrx_word' id='word_1_35' title='bbox 601 982 835 1050; x_wconf 83' lang='lat' dir='ltr'>eadem</span> <span class='ocrx_word' id='word_1_36' title='bbox 876 988 977 1049; x_wconf 86' lang='lat' dir='ltr'>est</span> <span class='ocrx_word' id='word_1_37' title='bbox 1013 1004 1217 1049; x_wconf 85' lang='lat' dir='ltr'>causa</span> <span class='ocrx_word' id='word_1_38' title='bbox 1266 985 1447 1073; x_wconf 90' lang='lat' dir='ltr'>quod</span> <span class='ocrx_word' id='word_1_39' title='bbox 1476 1007 1614 1050; x_wconf 88' lang='lat' dir='ltr'>vox</span> <span class='ocrx_word' id='word_1_40' title='bbox 1665 983 2149 1050; x_wconf 84' lang='lat' dir='ltr'>infirmantium</span> 
     </span>
     <span class='ocr_line' id='line_1_7' title="bbox 599 1090 2152 1180; baseline -0.001 -24"><span class='ocrx_word' id='word_1_41' title='bbox 599 1090 884 1167; x_wconf 87' lang='lat' dir='ltr'>acuitur,</span> <span class='ocrx_word' id='word_1_42' title='bbox 950 1093 1109 1180; x_wconf 88' lang='lat' dir='ltr'>quia</span> <span class='ocrx_word' id='word_1_43' title='bbox 1174 1090 1441 1157; x_wconf 79' lang='lat' dir='ltr'>siccitas</span> <span class='ocrx_word' id='word_1_44' title='bbox 1506 1090 1778 1178; x_wconf 86' lang='lat' dir='ltr'>stringit</span> <span class='ocrx_word' id='word_1_45' title='bbox 1829 1090 1995 1167; x_wconf 77' lang='lat' dir='ltr'>viaS,</span> <span class='ocrx_word' id='word_1_46' title='bbox 2037 1098 2152 1154; x_wconf 81' lang='lat' dir='ltr'>aut</span> 
     </span>
     <span class='ocr_line' id='line_1_8' title="bbox 597 1193 2151 1286; baseline -0.003 -23"><span class='ocrx_word' id='word_1_47' title='bbox 597 1197 768 1265; x_wconf 91' lang='lat' dir='ltr'>forte</span> <span class='ocrx_word' id='word_1_48' title='bbox 799 1198 1247 1286; x_wconf 84' lang='lat' dir='ltr'>intemperata</span> <span class='ocrx_word' id='word_1_49' title='bbox 1277 1196 1607 1285; x_wconf 76' lang='lat' dir='ltr'><strong>frigiditas</strong></span> <span class='ocrx_word' id='word_1_50' title='bbox 1645 1203 1761 1261; x_wconf 89' lang='lat' dir='ltr'>aut</span> <span class='ocrx_word' id='word_1_51' title='bbox 1790 1193 2151 1260; x_wconf 79' lang='lat' dir='ltr'>humiditas</span> 
     </span>
     <span class='ocr_line' id='line_1_9' title="bbox 595 1300 2150 1397; baseline -0.005 -24"><span class='ocrx_word' id='word_1_52' title='bbox 595 1306 1009 1397; x_wconf 82' lang='lat' dir='ltr'>opprimens.</span> <span class='ocrx_word' id='word_1_53' title='bbox 1049 1302 1133 1368; x_wconf 88' lang='lat' dir='ltr'>Et</span> <span class='ocrx_word' id='word_1_54' title='bbox 1156 1301 1307 1387; x_wconf 60' lang='lat' dir='ltr'>⁶hoc</span> <span class='ocrx_word' id='word_1_55' title='bbox 1348 1300 1625 1390; x_wconf 84' lang='lat' dir='ltr'>quidem</span> <span class='ocrx_word' id='word_1_56' title='bbox 1684 1302 1880 1367; x_wconf 86' lang='lat' dir='ltr'>estin</span> <span class='ocrx_word' id='word_1_57' title='bbox 1921 1301 2150 1367; x_wconf 85' lang='lat' dir='ltr'>multis</span> 
     </span>
     <span class='ocr_line' id='line_1_10' title="bbox 598 1407 2151 1486; baseline -0.005 -6"><span class='ocrx_word' id='word_1_58' title='bbox 598 1410 1029 1486; x_wconf 79' lang='lat' dir='ltr'>animalibuS,</span> <span class='ocrx_word' id='word_1_59' title='bbox 1077 1431 1213 1476; x_wconf 89' lang='lat' dir='ltr'>non</span> <span class='ocrx_word' id='word_1_60' title='bbox 1244 1416 1473 1475; x_wconf 89' lang='lat' dir='ltr'>tamen</span> <span class='ocrx_word' id='word_1_61' title='bbox 1522 1408 1593 1474; x_wconf 88' lang='lat' dir='ltr'>in</span> <span class='ocrx_word' id='word_1_62' title='bbox 1624 1407 1940 1474; x_wconf 86' lang='lat' dir='ltr'>omnibus</span> <span class='ocrx_word' id='word_1_63' title='bbox 1968 1431 1982 1474; x_wconf 88' lang='lat'>:</span> <span class='ocrx_word' id='word_1_64' title='bbox 2016 1431 2151 1474; x_wconf 71' lang='lat' dir='ltr'>vox</span> 
     </span>
     <span class='ocr_line' id='line_1_11' title="bbox 598 1514 2151 1605; baseline -0.004 -18"><span class='ocrx_word' id='word_1_65' title='bbox 598 1520 779 1587; x_wconf 88' lang='lat' dir='ltr'>enim</span> <span class='ocrx_word' id='word_1_66' title='bbox 811 1538 1167 1584; x_wconf 89' lang='lat' dir='ltr'>cervorum</span> <span class='ocrx_word' id='word_1_67' title='bbox 1213 1514 1679 1583; x_wconf 86' lang='lat' dir='ltr'>masculorum</span> <span class='ocrx_word' id='word_1_68' title='bbox 1718 1524 1819 1582; x_wconf 89' lang='lat' dir='ltr'>est</span> <span class='ocrx_word' id='word_1_69' title='bbox 1855 1516 2151 1605; x_wconf 78' lang='lat' dir='ltr'>grossior</span> 
     </span>
     <span class='ocr_line' id='line_1_12' title="bbox 597 1622 2142 1692; baseline -0.003 0"><span class='ocrx_word' id='word_1_70' title='bbox 597 1633 661 1692; x_wconf 87' lang='lat' dir='ltr'>et</span> <span class='ocrx_word' id='word_1_71' title='bbox 700 1625 901 1691; x_wconf 86' lang='lat' dir='ltr'>altior</span> <span class='ocrx_word' id='word_1_72' title='bbox 951 1622 1234 1691; x_wconf 86' lang='lat' dir='ltr'>vocibus</span> <span class='ocrx_word' id='word_1_73' title='bbox 1293 1646 1649 1691; x_wconf 84' lang='lat' dir='ltr'>cervarum</span> <span class='ocrx_word' id='word_1_74' title='bbox 1691 1623 2142 1691; x_wconf 85' lang='lat' dir='ltr'>foeminarum.</span> 
     </span>
     <span class='ocr_line' id='line_1_13' title="bbox 594 1730 2148 1820; baseline -0.003 -20"><span class='ocrx_word' id='word_1_75' title='bbox 594 1732 678 1800; x_wconf 87' lang='lat' dir='ltr'>Et</span> <span class='ocrx_word' id='word_1_76' title='bbox 706 1754 928 1799; x_wconf 84' lang='lat' dir='ltr'>mares</span> <span class='ocrx_word' id='word_1_77' title='bbox 960 1731 1237 1820; x_wconf 85' lang='lat' dir='ltr'>quidem</span> <span class='ocrx_word' id='word_1_78' title='bbox 1269 1740 1576 1820; x_wconf 89' lang='lat' dir='ltr'>tempore</span> <span class='ocrx_word' id='word_1_79' title='bbox 1606 1733 1827 1798; x_wconf 87' lang='lat' dir='ltr'>coitus</span> <span class='ocrx_word' id='word_1_80' title='bbox 1858 1730 2148 1797; x_wconf 90' lang='lat' dir='ltr'>multum</span> 
     </span>
     <span class='ocr_line' id='line_1_14' title="bbox 590 1837 2147 1907; baseline -0.002 -1"><span class='ocrx_word' id='word_1_81' title='bbox 590 1838 1070 1907; x_wconf 85' lang='lat' dir='ltr'>vociferantur.</span> <span class='ocrx_word' id='word_1_82' title='bbox 1136 1837 1462 1905; x_wconf 77' lang='lat' dir='ltr'>Foeminae</span> <span class='ocrx_word' id='word_1_83' title='bbox 1528 1846 1756 1904; x_wconf 88' lang='lat' dir='ltr'>autem</span> <span class='ocrx_word' id='word_1_84' title='bbox 1797 1859 2147 1904; x_wconf 79' lang='lat' dir='ltr'>cervorum</span> 
     </span>
     <span class='ocr_line' id='line_1_15' title="bbox 594 1942 2150 2034; baseline -0.001 -22"><span class='ocrx_word' id='word_1_85' title='bbox 594 1944 885 2012; x_wconf 90' lang='lat' dir='ltr'>multum</span> <span class='ocrx_word' id='word_1_86' title='bbox 915 1942 1312 2020; x_wconf 76' lang='lat' dir='ltr'>vociferant,</span> <span class='ocrx_word' id='word_1_87' title='bbox 1368 1942 1643 2034; x_wconf 86' lang='lat' dir='ltr'>quando</span> <span class='ocrx_word' id='word_1_88' title='bbox 1698 1945 1960 2010; x_wconf 89' lang='lat' dir='ltr'>timent.</span> <span class='ocrx_word' id='word_1_89' title='bbox 2018 1942 2150 2010; x_wconf 71' lang='lat' dir='ltr'>Yo-</span> 
     </span>
     <span class='ocr_line' id='line_1_16' title="bbox 593 2049 2147 2140; baseline -0.003 -19"><span class='ocrx_word' id='word_1_90' title='bbox 593 2077 702 2122; x_wconf 90' lang='lat' dir='ltr'>ces</span> <span class='ocrx_word' id='word_1_91' title='bbox 767 2053 970 2119; x_wconf 86' lang='lat' dir='ltr'>etiam</span> <span class='ocrx_word' id='word_1_92' title='bbox 1001 2074 1248 2119; x_wconf 87' lang='lat' dir='ltr'>canum</span> <span class='ocrx_word' id='word_1_93' title='bbox 1283 2050 1557 2140; x_wconf 88' lang='lat' dir='ltr'>quando</span> <span class='ocrx_word' id='word_1_94' title='bbox 1616 2052 2017 2140; x_wconf 85' lang='lat' dir='ltr'>perveniunt</span> <span class='ocrx_word' id='word_1_95' title='bbox 2064 2049 2147 2118; x_wconf 88' lang='lat' dir='ltr'>ad</span> 
     </span>
     <span class='ocr_line' id='line_1_17' title="bbox 594 2156 2148 2238; baseline -0.003 -11"><span class='ocrx_word' id='word_1_96' title='bbox 594 2159 940 2227; x_wconf 81' lang='lat' dir='ltr'>robustam</span> <span class='ocrx_word' id='word_1_97' title='bbox 965 2165 1261 2238; x_wconf 62' lang='lat' dir='ltr'>aetatem,</span> <span class='ocrx_word' id='word_1_98' title='bbox 1286 2156 1562 2225; x_wconf 73' lang='lat' dir='ltr'>altiores</span> <span class='ocrx_word' id='word_1_99' title='bbox 1592 2158 1735 2225; x_wconf 76' lang='lat' dir='ltr'>sive</span> <span class='ocrx_word' id='word_1_100' title='bbox 1768 2158 2148 2224; x_wconf 80' lang='lat' dir='ltr'>sonoriores</span> 
     </span>
     <span class='ocr_line' id='line_1_18' title="bbox 591 2263 2148 2355; baseline -0.003 -21"><span class='ocrx_word' id='word_1_101' title='bbox 591 2268 765 2334; x_wconf 83' lang='lat' dir='ltr'>siunt</span> <span class='ocrx_word' id='word_1_102' title='bbox 794 2273 861 2332; x_wconf 91' lang='lat' dir='ltr'>et</span> <span class='ocrx_word' id='word_1_103' title='bbox 897 2267 1274 2355; x_wconf 73' lang='lat' dir='ltr'>grossiores</span> <span class='ocrx_word' id='word_1_104' title='bbox 1313 2288 1328 2332; x_wconf 88' lang='grc'>;</span> <span class='ocrx_word' id='word_1_105' title='bbox 1364 2272 1429 2331; x_wconf 92' lang='lat' dir='ltr'>et</span> <span class='ocrx_word' id='word_1_106' title='bbox 1484 2263 1661 2332; x_wconf 86' lang='lat' dir='ltr'>hanc</span> <span class='ocrx_word' id='word_1_107' title='bbox 1700 2263 2008 2330; x_wconf 78' lang='lat' dir='ltr'>similiter</span> <span class='ocrx_word' id='word_1_108' title='bbox 2044 2265 2148 2331; x_wconf 89' lang='lat' dir='ltr'>di-</span> 
     </span>
     <span class='ocr_line' id='line_1_19' title="bbox 589 2371 2150 2461; baseline -0.003 -19"><span class='ocrx_word' id='word_1_109' title='bbox 589 2374 976 2442; x_wconf 83' lang='lat' dir='ltr'>versitatem</span> <span class='ocrx_word' id='word_1_110' title='bbox 1052 2371 1302 2439; x_wconf 88' lang='lat' dir='ltr'>habent</span> <span class='ocrx_word' id='word_1_111' title='bbox 1391 2395 1590 2439; x_wconf 80' lang='lat' dir='ltr'>voces</span> <span class='ocrx_word' id='word_1_112' title='bbox 1669 2394 2000 2461; x_wconf 84' lang='lat' dir='ltr'>equorum</span> <span class='ocrx_word' id='word_1_113' title='bbox 2083 2380 2150 2439; x_wconf 84' lang='lat' dir='ltr'>et</span> 
     </span>
     <span class='ocr_line' id='line_1_20' title="bbox 588 2481 2148 2571; baseline -0.003 -21"><span class='ocrx_word' id='word_1_114' title='bbox 588 2482 895 2550; x_wconf 82' lang='lat' dir='ltr'>hinnitus</span> <span class='ocrx_word' id='word_1_115' title='bbox 960 2503 1240 2548; x_wconf 89' lang='lat' dir='ltr'>eorum:</span> <span class='ocrx_word' id='word_1_116' title='bbox 1281 2504 1474 2571; x_wconf 68' lang='lat' dir='ltr'>equae</span> <span class='ocrx_word' id='word_1_117' title='bbox 1507 2481 1690 2547; x_wconf 90' lang='lat' dir='ltr'>enim</span> <span class='ocrx_word' id='word_1_118' title='bbox 1740 2481 1974 2547; x_wconf 79' lang='lat' dir='ltr'>vicina·</span> <span class='ocrx_word' id='word_1_119' title='bbox 2025 2504 2148 2546; x_wconf 85' lang='lat' dir='ltr'>na-</span> 
     </span>
     <span class='ocr_line' id='line_1_21' title="bbox 588 2585 2148 2679; baseline -0.002 -22"><span class='ocrx_word' id='word_1_120' title='bbox 588 2590 832 2660; x_wconf 82' lang='lat' dir='ltr'>tivitati</span> <span class='ocrx_word' id='word_1_121' title='bbox 891 2595 953 2658; x_wconf 91' lang='lat' dir='ltr'>et</span> <span class='ocrx_word' id='word_1_122' title='bbox 1011 2589 1365 2679; x_wconf 86' lang='lat' dir='ltr'>spermati,</span> <span class='ocrx_word' id='word_1_123' title='bbox 1415 2588 1792 2656; x_wconf 74' lang='lat' dir='ltr'>vociferant</span> <span class='ocrx_word' id='word_1_124' title='bbox 1844 2585 2148 2654; x_wconf 69' lang='lat' dir='ltr'>debiliter</span> 
     </span>
     <span class='ocr_line' id='line_1_22' title="bbox 592 2694 2147 2774; baseline -0.005 -8"><span class='ocrx_word' id='word_1_125' title='bbox 592 2707 659 2766; x_wconf 88' lang='lat' dir='ltr'>et</span> <span class='ocrx_word' id='word_1_126' title='bbox 721 2695 1064 2774; x_wconf 89' lang='lat' dir='ltr'>hinniunt,</span> <span class='ocrx_word' id='word_1_127' title='bbox 1152 2703 1219 2762; x_wconf 87' lang='lat' dir='ltr'>et</span> <span class='ocrx_word' id='word_1_128' title='bbox 1286 2719 1507 2762; x_wconf 62' lang='lat' dir='ltr'>mares·</span> <span class='ocrx_word' id='word_1_129' title='bbox 1578 2694 1891 2762; x_wconf 86' lang='lat' dir='ltr'>similiter</span> <span class='ocrx_word' id='word_1_130' title='bbox 1955 2718 1969 2760; x_wconf 91' lang='lat'><strong>:</strong></span> <span class='ocrx_word' id='word_1_131' title='bbox 2033 2694 2147 2759; x_wconf 84' lang='lat' dir='ltr'>sed</span> 
     </span>
     <span class='ocr_line' id='line_1_23' title="bbox 593 2803 2146 2896; baseline -0.003 -24"><span class='ocrx_word' id='word_1_132' title='bbox 593 2804 864 2896; x_wconf 87' lang='lat' dir='ltr'>quando</span> <span class='ocrx_word' id='word_1_133' title='bbox 935 2805 1003 2870; x_wconf 91' lang='lat' dir='ltr'>in</span> <span class='ocrx_word' id='word_1_134' title='bbox 1069 2826 1390 2894; x_wconf 78' lang='lat' dir='ltr'>processu</span> <span class='ocrx_word' id='word_1_135' title='bbox 1439 2804 1821 2890; x_wconf 77' lang='lat' dir='ltr'>juventutis</span> <span class='ocrx_word' id='word_1_136' title='bbox 1880 2803 2146 2868; x_wconf 78' lang='lat' dir='ltr'>lii-man-</span> 
     </span>
     <span class='ocr_line' id='line_1_24' title="bbox 588 2909 2146 3001; baseline -0.004 -20"><span class='ocrx_word' id='word_1_137' title='bbox 588 2923 723 2997; x_wconf 88' lang='lat' dir='ltr'>tur,</span> <span class='ocrx_word' id='word_1_138' title='bbox 756 2935 892 2980; x_wconf 84' lang='lat' dir='ltr'>vox</span> <span class='ocrx_word' id='word_1_139' title='bbox 924 2912 1146 3000; x_wconf 87' lang='lat' dir='ltr'>major</span> <span class='ocrx_word' id='word_1_140' title='bbox 1173 2912 1317 2978; x_wconf 77' lang='lat' dir='ltr'>sive</span> <span class='ocrx_word' id='word_1_141' title='bbox 1349 2911 1655 3001; x_wconf 82' lang='lat' dir='ltr'>grossior</span> <span class='ocrx_word' id='word_1_142' title='bbox 1692 2909 1978 2977; x_wconf 79' lang='lat' dir='ltr'>eflicitur</span> <span class='ocrx_word' id='word_1_143' title='bbox 2021 2931 2034 2974; x_wconf 91' lang='lat'>:</span> <span class='ocrx_word' id='word_1_144' title='bbox 2081 2918 2146 2975; x_wconf 84' lang='lat' dir='ltr'>et</span> 
     </span>
     <span class='ocr_line' id='line_1_25' title="bbox 582 3017 2142 3109; baseline -0.003 -21"><span class='ocrx_word' id='word_1_145' title='bbox 582 3021 710 3089; x_wconf 80' lang='lat' dir='ltr'>hoc</span> <span class='ocrx_word' id='word_1_146' title='bbox 751 3028 852 3088; x_wconf 84' lang='lat' dir='ltr'>est</span> <span class='ocrx_word' id='word_1_147' title='bbox 896 3028 1201 3109; x_wconf 80' lang='lat' dir='ltr'>tempore</span> <span class='ocrx_word' id='word_1_148' title='bbox 1242 3020 1485 3098; x_wconf 76' lang='lat' dir='ltr'>coituS,</span> <span class='ocrx_word' id='word_1_149' title='bbox 1548 3019 1640 3086; x_wconf 86' lang='lat' dir='ltr'>ita</span> <span class='ocrx_word' id='word_1_150' title='bbox 1697 3017 1875 3107; x_wconf 83' lang='lat' dir='ltr'>quod</span> <span class='ocrx_word' id='word_1_151' title='bbox 1942 3018 2142 3084; x_wconf 85' lang='lat' dir='ltr'>etiam</span> 
     </span>
     <span class='ocr_line' id='line_1_26' title="bbox 588 3127 2144 3222; baseline -0.004 -23"><span class='ocrx_word' id='word_1_152' title='bbox 588 3140 855 3222; x_wconf 76' lang='lat' dir='ltr'>tempus</span> <span class='ocrx_word' id='word_1_153' title='bbox 911 3130 1131 3198; x_wconf 83' lang='lat' dir='ltr'>coitus</span> <span class='ocrx_word' id='word_1_154' title='bbox 1170 3127 1485 3196; x_wconf 78' lang='lat' dir='ltr'>clarificat</span> <span class='ocrx_word' id='word_1_155' title='bbox 1531 3128 1631 3194; x_wconf 77' lang='lat' dir='ltr'>eis</span> <span class='ocrx_word' id='word_1_156' title='bbox 1677 3149 1928 3195; x_wconf 80' lang='lat' dir='ltr'>voces:</span> <span class='ocrx_word' id='word_1_157' title='bbox 1980 3149 2144 3217; x_wconf 85' lang='lat' dir='ltr'>pra·-</span> 
     </span>
     <span class='ocr_line' id='line_1_27' title="bbox 587 3237 2139 3332; baseline -0.004 -23"><span class='ocrx_word' id='word_1_158' title='bbox 587 3242 782 3332; x_wconf 86' lang='lat' dir='ltr'>cipue</span> <span class='ocrx_word' id='word_1_159' title='bbox 814 3249 1042 3309; x_wconf 85' lang='lat' dir='ltr'>tamen</span> <span class='ocrx_word' id='word_1_160' title='bbox 1081 3237 1209 3307; x_wconf 77' lang='lat' dir='ltr'>hor</span> <span class='ocrx_word' id='word_1_161' title='bbox 1239 3239 1482 3308; x_wconf 87' lang='lat' dir='ltr'>accidit</span> <span class='ocrx_word' id='word_1_162' title='bbox 1513 3260 1705 3329; x_wconf 81' lang='lat' dir='ltr'>equae</span> <span class='ocrx_word' id='word_1_163' title='bbox 1747 3247 1822 3306; x_wconf 90' lang='lat' dir='ltr'>ut</span> <span class='ocrx_word' id='word_1_164' title='bbox 1865 3238 2139 3305; x_wconf 78' lang='lat' dir='ltr'>excoitu</span> 
     </span>
     <span class='ocr_line' id='line_1_28' title="bbox 589 3345 2136 3438; baseline -0.004 -22"><span class='ocrx_word' id='word_1_165' title='bbox 589 3348 989 3417; x_wconf 79' lang='lat' dir='ltr'>clarificetur</span> <span class='ocrx_word' id='word_1_166' title='bbox 1017 3371 1153 3415; x_wconf 83' lang='lat' dir='ltr'>vox</span> <span class='ocrx_word' id='word_1_167' title='bbox 1182 3348 1327 3437; x_wconf 84' lang='lat' dir='ltr'>ejus</span> <span class='ocrx_word' id='word_1_168' title='bbox 1355 3356 1511 3438; x_wconf 89' lang='lat' dir='ltr'>post</span> <span class='ocrx_word' id='word_1_169' title='bbox 1539 3345 1891 3414; x_wconf 84' lang='lat' dir='ltr'>infantiam</span> <span class='ocrx_word' id='word_1_170' title='bbox 1921 3368 2136 3411; x_wconf 90' lang='lat' dir='ltr'>suam.</span> 
     </span>
     <span class='ocr_line' id='line_1_29' title="bbox 589 3452 2140 3547; baseline -0.004 -24"><span class='ocrx_word' id='word_1_171' title='bbox 589 3455 907 3547; x_wconf 82' lang='lat' dir='ltr'>Amplius</span> <span class='ocrx_word' id='word_1_172' title='bbox 971 3462 1199 3523; x_wconf 84' lang='lat' dir='ltr'>autem</span> <span class='ocrx_word' id='word_1_173' title='bbox 1237 3455 1398 3544; x_wconf 88' lang='lat' dir='ltr'>equi</span> <span class='ocrx_word' id='word_1_174' title='bbox 1443 3453 1768 3544; x_wconf 80' lang='lat' dir='ltr'>periodus</span> <span class='ocrx_word' id='word_1_175' title='bbox 1840 3452 1996 3519; x_wconf 73' lang='lat' dir='ltr'>vita·</span> <span class='ocrx_word' id='word_1_176' title='bbox 2047 3459 2140 3517; x_wconf 86' lang='lat' dir='ltr'>est</span> 
     </span>
     <span class='ocr_line' id='line_1_30' title="bbox 591 3558 2145 3653; baseline -0.003 -23"><span class='ocrx_word' id='word_1_177' title='bbox 591 3564 836 3653; x_wconf 80' lang='lat' dir='ltr'>viginti</span> <span class='ocrx_word' id='word_1_178' title='bbox 867 3583 1235 3641; x_wconf 80' lang='lat' dir='ltr'>annorum,</span> <span class='ocrx_word' id='word_1_179' title='bbox 1278 3569 1344 3629; x_wconf 90' lang='lat' dir='ltr'>et</span> <span class='ocrx_word' id='word_1_180' title='bbox 1392 3570 1545 3651; x_wconf 88' lang='lat' dir='ltr'>post</span> <span class='ocrx_word' id='word_1_181' title='bbox 1585 3560 1916 3651; x_wconf 89' lang='lat' dir='ltr'>incipiunt</span> <span class='ocrx_word' id='word_1_182' title='bbox 1948 3558 2145 3625; x_wconf 74' lang='lat' dir='ltr'>desti·</span> 
     </span>
     <span class='ocr_line' id='line_1_31' title="bbox 589 3667 1177 3738; baseline -0.007 0"><span class='ocrx_word' id='word_1_183' title='bbox 589 3670 687 3738; x_wconf 86' lang='lat' dir='ltr'>tui</span> <span class='ocrx_word' id='word_1_184' title='bbox 717 3676 784 3738; x_wconf 84' lang='lat' dir='ltr'>et</span> <span class='ocrx_word' id='word_1_185' title='bbox 813 3667 1177 3738; x_wconf 88' lang='lat' dir='ltr'>debilitari.</span> 
     </span>
    </p>

    <p class='ocr_par' dir='ltr' id='par_1_2' title="bbox 586 3785 2167 5809">
     <span class='ocr_line' id='line_1_32' title="bbox 683 3785 2140 3878; baseline -0.003 -24"><span class='ocrx_word' id='word_1_186' title='bbox 683 3787 863 3855; x_wconf 76' lang='lat' dir='ltr'>Licet</span> <span class='ocrx_word' id='word_1_187' title='bbox 902 3788 1029 3856; x_wconf 88' lang='lat' dir='ltr'>ista</span> <span class='ocrx_word' id='word_1_188' title='bbox 1056 3807 1263 3878; x_wconf 81' lang='lat' dir='ltr'>quam</span> <span class='ocrx_word' id='word_1_189' title='bbox 1305 3786 1736 3854; x_wconf 85' lang='lat' dir='ltr'>narravimus</span> <span class='ocrx_word' id='word_1_190' title='bbox 1775 3785 1861 3852; x_wconf 89' lang='lat' dir='ltr'>sit</span> <span class='ocrx_word' id='word_1_191' title='bbox 1898 3807 2140 3852; x_wconf 79' lang='lat' dir='ltr'>vocum</span> 
     </span>
     <span class='ocr_line' id='line_1_33' title="bbox 593 3893 2138 3984; baseline -0.004 -19"><span class='ocrx_word' id='word_1_192' title='bbox 593 3897 947 3966; x_wconf 83' lang='lat' dir='ltr'>diversitas</span> <span class='ocrx_word' id='word_1_193' title='bbox 1002 3897 1072 3963; x_wconf 91' lang='lat' dir='ltr'>in</span> <span class='ocrx_word' id='word_1_194' title='bbox 1147 3916 1397 3984; x_wconf 77' lang='lat' dir='ltr'>genere</span> <span class='ocrx_word' id='word_1_195' title='bbox 1472 3893 1873 3962; x_wconf 85' lang='lat' dir='ltr'>animalium</span> <span class='ocrx_word' id='word_1_196' title='bbox 1911 3917 1925 3960; x_wconf 73' lang='grc' dir='ltr'>ε</span> <span class='ocrx_word' id='word_1_197' title='bbox 2006 3915 2138 3959; x_wconf 78' lang='lat' dir='ltr'>nnn</span> 
     </span>
     <span class='ocr_line' id='line_1_34' title="bbox 591 4003 2140 4090; baseline -0.004 -16"><span class='ocrx_word' id='word_1_198' title='bbox 591 4016 819 4074; x_wconf 86' lang='lat' dir='ltr'>tamen</span> <span class='ocrx_word' id='word_1_199' title='bbox 887 4005 956 4073; x_wconf 91' lang='lat' dir='ltr'>in</span> <span class='ocrx_word' id='word_1_200' title='bbox 1020 4004 1343 4073; x_wconf 88' lang='lat' dir='ltr'>omnihus</span> <span class='ocrx_word' id='word_1_201' title='bbox 1416 4003 1788 4071; x_wconf 74' lang='lat' dir='ltr'>individuis</span> <span class='ocrx_word' id='word_1_202' title='bbox 1843 4004 2140 4090; x_wconf 71' lang='lat' dir='ltr'>ejusdem</span> 
     </span>
     <span class='ocr_line' id='line_1_35' title="bbox 594 4110 2141 4205; baseline -0.004 -23"><span class='ocrx_word' id='word_1_203' title='bbox 594 4115 842 4205; x_wconf 87' lang='lat' dir='ltr'>speciei</span> <span class='ocrx_word' id='word_1_204' title='bbox 882 4113 986 4181; x_wconf 81' lang='lat' dir='ltr'>vel</span> <span class='ocrx_word' id='word_1_205' title='bbox 1029 4112 1300 4204; x_wconf 88' lang='lat' dir='ltr'>generis</span> <span class='ocrx_word' id='word_1_206' title='bbox 1357 4119 1457 4180; x_wconf 83' lang='lat' dir='ltr'>est</span> <span class='ocrx_word' id='word_1_207' title='bbox 1506 4110 1881 4178; x_wconf 85' lang='lat' dir='ltr'>secundum</span> <span class='ocrx_word' id='word_1_208' title='bbox 1929 4133 2141 4177; x_wconf 87' lang='lat' dir='ltr'>unum</span> 
     </span>
     <span class='ocr_line' id='line_1_36' title="bbox 589 4217 2143 4287; baseline -0.003 0"><span class='ocrx_word' id='word_1_209' title='bbox 589 4228 652 4287; x_wconf 92' lang='lat' dir='ltr'>et</span> <span class='ocrx_word' id='word_1_210' title='bbox 683 4219 1008 4287; x_wconf 88' lang='lat' dir='ltr'>eumdum</span> <span class='ocrx_word' id='word_1_211' title='bbox 1040 4218 1321 4286; x_wconf 87' lang='lat' dir='ltr'>modum</span> <span class='ocrx_word' id='word_1_212' title='bbox 1364 4239 1380 4285; x_wconf 73' lang='grc' dir='ltr'><em>τ</em></span> <span class='ocrx_word' id='word_1_213' title='bbox 1415 4217 1534 4286; x_wconf 83' lang='lat' dir='ltr'>sed</span> <span class='ocrx_word' id='word_1_214' title='bbox 1562 4227 1624 4284; x_wconf 91' lang='lat' dir='ltr'>et</span> <span class='ocrx_word' id='word_1_215' title='bbox 1668 4239 1793 4285; x_wconf 88' lang='lat' dir='ltr'>nec</span> <span class='ocrx_word' id='word_1_216' title='bbox 1826 4218 1892 4284; x_wconf 92' lang='lat' dir='ltr'>in</span> <span class='ocrx_word' id='word_1_217' title='bbox 1916 4218 2143 4284; x_wconf 86' lang='lat' dir='ltr'>omni-</span> 
     </span>
     <span class='ocr_line' id='line_1_37' title="bbox 589 4323 2139 4417; baseline -0.001 -24"><span class='ocrx_word' id='word_1_218' title='bbox 589 4327 717 4395; x_wconf 89' lang='lat' dir='ltr'>hus</span> <span class='ocrx_word' id='word_1_219' title='bbox 771 4325 1134 4417; x_wconf 85' lang='lat' dir='ltr'>generibus</span> <span class='ocrx_word' id='word_1_220' title='bbox 1189 4333 1257 4393; x_wconf 86' lang='lat' dir='ltr'>et</span> <span class='ocrx_word' id='word_1_221' title='bbox 1313 4323 1670 4416; x_wconf 75' lang='lat' dir='ltr'>speciebus</span> <span class='ocrx_word' id='word_1_222' title='bbox 1717 4323 1958 4391; x_wconf 85' lang='lat' dir='ltr'>accidit</span> <span class='ocrx_word' id='word_1_223' title='bbox 2015 4323 2139 4391; x_wconf 79' lang='lat' dir='ltr'>hnc</span> 
     </span>
     <span class='ocr_line' id='line_1_38' title="bbox 590 4432 2139 4527; baseline -0.003 -25"><span class='ocrx_word' id='word_1_224' title='bbox 590 4433 775 4527; x_wconf 78' lang='lat' dir='ltr'>quod</span> <span class='ocrx_word' id='word_1_225' title='bbox 829 4434 1152 4512; x_wconf 75' lang='lat' dir='ltr'>diximuS,</span> <span class='ocrx_word' id='word_1_226' title='bbox 1209 4453 1432 4501; x_wconf 79' lang='lat' dir='ltr'>vacca·</span> <span class='ocrx_word' id='word_1_227' title='bbox 1499 4432 1684 4500; x_wconf 85' lang='lat' dir='ltr'>enim</span> <span class='ocrx_word' id='word_1_228' title='bbox 1732 4432 2139 4523; x_wconf 76' lang='lat' dir='ltr'>grossiorem</span> 
     </span>
     <span class='ocr_line' id='line_1_39' title="bbox 588 4539 2142 4632; baseline -0.003 -23"><span class='ocrx_word' id='word_1_229' title='bbox 588 4564 828 4610; x_wconf 78' lang='lat' dir='ltr'>vocem</span> <span class='ocrx_word' id='word_1_230' title='bbox 850 4540 1105 4608; x_wconf 83' lang='lat' dir='ltr'>habent</span> <span class='ocrx_word' id='word_1_231' title='bbox 1142 4562 1354 4632; x_wconf 87' lang='lat' dir='ltr'>quam</span> <span class='ocrx_word' id='word_1_232' title='bbox 1394 4539 1736 4608; x_wconf 83' lang='lat' dir='ltr'>taurinen</span> <span class='ocrx_word' id='word_1_233' title='bbox 1757 4539 2048 4614; x_wconf 68' lang='lat' dir='ltr'>castrati,</span> <span class='ocrx_word' id='word_1_234' title='bbox 2079 4546 2142 4605; x_wconf 78' lang='lat' dir='ltr'>et</span> 
     </span>
     <span class='ocr_line' id='line_1_40' title="bbox 590 4643 2142 4740; baseline -0.004 -25"><span class='ocrx_word' id='word_1_235' title='bbox 590 4651 927 4740; x_wconf 63' lang='lat' dir='ltr'>praecipue</span> <span class='ocrx_word' id='word_1_236' title='bbox 980 4646 1255 4714; x_wconf 67' lang='lat' dir='ltr'>vac-cula</span> <span class='ocrx_word' id='word_1_237' title='bbox 1307 4647 1451 4714; x_wconf 77' lang='lat' dir='ltr'>sive</span> <span class='ocrx_word' id='word_1_238' title='bbox 1500 4644 1716 4713; x_wconf 78' lang='lat' dir='ltr'>vitula</span> <span class='ocrx_word' id='word_1_239' title='bbox 1778 4668 1793 4712; x_wconf 76' lang='grc' dir='ltr'>ε</span> <span class='ocrx_word' id='word_1_240' title='bbox 1855 4643 2142 4713; x_wconf 77' lang='lat' dir='ltr'>hovnlus</span> 
     </span>
     <span class='ocr_line' id='line_1_41' title="bbox 586 4752 2142 4848; baseline -0.004 -24"><span class='ocrx_word' id='word_1_241' title='bbox 586 4756 1001 4848; x_wconf 79' lang='lat' dir='ltr'>grossiorem</span> <span class='ocrx_word' id='word_1_242' title='bbox 1049 4753 1253 4822; x_wconf 81' lang='lat' dir='ltr'>habet</span> <span class='ocrx_word' id='word_1_243' title='bbox 1312 4762 1513 4822; x_wconf 84' lang='lat' dir='ltr'>tauro</span> <span class='ocrx_word' id='word_1_244' title='bbox 1589 4776 1869 4843; x_wconf 87' lang='lat' dir='ltr'>magno.</span> <span class='ocrx_word' id='word_1_245' title='bbox 1926 4752 2142 4819; x_wconf 68' lang='lat' dir='ltr'>Voces</span> 
     </span>
     <span class='ocr_line' id='line_1_42' title="bbox 589 4868 2145 4951; baseline -0.004 -19"><span class='ocrx_word' id='word_1_246' title='bbox 589 4873 818 4932; x_wconf 87' lang='lat' dir='ltr'>autem</span> <span class='ocrx_word' id='word_1_247' title='bbox 866 4870 1220 4930; x_wconf 87' lang='lat' dir='ltr'>taurorum</span> <span class='ocrx_word' id='word_1_248' title='bbox 1274 4868 1631 4929; x_wconf 87' lang='lat' dir='ltr'>mutantur</span> <span class='ocrx_word' id='word_1_249' title='bbox 1703 4869 1772 4929; x_wconf 81' lang='lat' dir='ltr'>et</span> <span class='ocrx_word' id='word_1_250' title='bbox 1825 4881 2145 4951; x_wconf 78' lang='lat' dir='ltr'>grossan-</span> 
     </span>
     <span class='ocr_line' id='line_1_43' title="bbox 594 4966 2141 5061; baseline -0.005 -22"><span class='ocrx_word' id='word_1_251' title='bbox 594 4981 726 5050; x_wconf 89' lang='lat' dir='ltr'>tur,</span> <span class='ocrx_word' id='word_1_252' title='bbox 805 4968 1081 5061; x_wconf 87' lang='lat' dir='ltr'>quando</span> <span class='ocrx_word' id='word_1_253' title='bbox 1138 4967 1698 5036; x_wconf 87' lang='lat' dir='ltr'>ementulantur:</span> <span class='ocrx_word' id='word_1_254' title='bbox 1770 4974 1835 5033; x_wconf 78' lang='lat' dir='ltr'>et</span> <span class='ocrx_word' id='word_1_255' title='bbox 1902 4966 2141 5033; x_wconf 83' lang='lat' dir='ltr'>horum</span> 
     </span>
     <span class='ocr_line' id='line_1_44' title="bbox 595 5075 2153 5167; baseline -0.003 -21"><span class='ocrx_word' id='word_1_256' title='bbox 595 5100 799 5146; x_wconf 87' lang='lat' dir='ltr'>causa</span> <span class='ocrx_word' id='word_1_257' title='bbox 843 5098 1049 5167; x_wconf 86' lang='lat' dir='ltr'>supra</span> <span class='ocrx_word' id='word_1_258' title='bbox 1107 5084 1209 5144; x_wconf 86' lang='lat' dir='ltr'>est</span> <span class='ocrx_word' id='word_1_259' title='bbox 1273 5075 1647 5165; x_wconf 86' lang='lat' dir='ltr'>assignata,</span> <span class='ocrx_word' id='word_1_260' title='bbox 1709 5097 1833 5143; x_wconf 90' lang='lat' dir='ltr'>nec</span> <span class='ocrx_word' id='word_1_261' title='bbox 1885 5081 2153 5166; x_wconf 86' lang='lat' dir='ltr'>oportet</span> 
     </span>
     <span class='ocr_line' id='line_1_45' title="bbox 593 5180 2167 5274; baseline -0.003 -22"><span class='ocrx_word' id='word_1_262' title='bbox 593 5184 704 5253; x_wconf 88' lang='lat' dir='ltr'>hic</span> <span class='ocrx_word' id='word_1_263' title='bbox 732 5182 894 5262; x_wconf 87' lang='lat' dir='ltr'>dici,</span> <span class='ocrx_word' id='word_1_264' title='bbox 936 5183 1066 5250; x_wconf 88' lang='lat' dir='ltr'>nisi</span> <span class='ocrx_word' id='word_1_265' title='bbox 1116 5183 1280 5274; x_wconf 86' lang='lat' dir='ltr'>quia</span> <span class='ocrx_word' id='word_1_266' title='bbox 1336 5180 1796 5251; x_wconf 78' lang='lat' dir='ltr'>melancholia</span> <span class='ocrx_word' id='word_1_267' title='bbox 1841 5180 2167 5259; x_wconf 78' lang='lat' dir='ltr'>animalis,</span> 
     </span>
     <span class='ocr_line' id='line_1_46' title="bbox 592 5290 2152 5382; baseline -0.003 -23"><span class='ocrx_word' id='word_1_268' title='bbox 592 5300 692 5359; x_wconf 90' lang='lat' dir='ltr'>est</span> <span class='ocrx_word' id='word_1_269' title='bbox 731 5292 802 5360; x_wconf 82' lang='lat' dir='ltr'>in</span> <span class='ocrx_word' id='word_1_270' title='bbox 841 5312 1073 5370; x_wconf 85' lang='lat' dir='ltr'>causa,</span> <span class='ocrx_word' id='word_1_271' title='bbox 1118 5313 1273 5381; x_wconf 83' lang='lat' dir='ltr'>qua·</span> <span class='ocrx_word' id='word_1_272' title='bbox 1318 5292 1540 5382; x_wconf 79' lang='lat' dir='ltr'>inagis</span> <span class='ocrx_word' id='word_1_273' title='bbox 1586 5292 1884 5359; x_wconf 86' lang='lat' dir='ltr'>vincitur</span> <span class='ocrx_word' id='word_1_274' title='bbox 1928 5292 1996 5357; x_wconf 91' lang='lat' dir='ltr'>in</span> <span class='ocrx_word' id='word_1_275' title='bbox 2034 5290 2152 5378; x_wconf 88' lang='lat' dir='ltr'>ju·-</span> 
     </span>
     <span class='ocr_line' id='line_1_47' title="bbox 593 5397 2155 5490; baseline -0.001 -25"><span class='ocrx_word' id='word_1_276' title='bbox 593 5420 767 5467; x_wconf 85' lang='lat' dir='ltr'>vene</span> <span class='ocrx_word' id='word_1_277' title='bbox 825 5420 1032 5490; x_wconf 90' lang='lat' dir='ltr'>quam</span> <span class='ocrx_word' id='word_1_278' title='bbox 1082 5399 1155 5465; x_wconf 89' lang='lat' dir='ltr'>in</span> <span class='ocrx_word' id='word_1_279' title='bbox 1201 5398 1499 5490; x_wconf 80' lang='lat' dir='ltr'>perfecto</span> <span class='ocrx_word' id='word_1_280' title='bbox 1548 5397 1853 5479; x_wconf 83' lang='lat' dir='ltr'>animali,</span> <span class='ocrx_word' id='word_1_281' title='bbox 1914 5407 1973 5465; x_wconf 82' lang='lat' dir='ltr'>et</span> <span class='ocrx_word' id='word_1_282' title='bbox 2014 5419 2155 5465; x_wconf 89' lang='lat' dir='ltr'>ma·</span> 
     </span>
     <span class='ocr_line' id='line_1_48' title="bbox 597 5505 2151 5601; baseline -0.003 -25"><span class='ocrx_word' id='word_1_283' title='bbox 597 5510 702 5601; x_wconf 87' lang='lat' dir='ltr'>gis</span> <span class='ocrx_word' id='word_1_284' title='bbox 774 5506 1073 5574; x_wconf 86' lang='lat' dir='ltr'>vincitur</span> <span class='ocrx_word' id='word_1_285' title='bbox 1144 5505 1435 5574; x_wconf 87' lang='lat' dir='ltr'>humore</span> <span class='ocrx_word' id='word_1_286' title='bbox 1515 5507 1812 5575; x_wconf 86' lang='lat' dir='ltr'>foemina·</span> <span class='ocrx_word' id='word_1_287' title='bbox 1888 5505 2151 5574; x_wconf 88' lang='lat' dir='ltr'>laxante</span> 
     </span>
     <span class='ocr_line' id='line_1_49' title="bbox 595 5610 2147 5708; baseline -0.003 -26"><span class='ocrx_word' id='word_1_288' title='bbox 595 5636 804 5708; x_wconf 84' lang='lat' dir='ltr'>quam</span> <span class='ocrx_word' id='word_1_289' title='bbox 867 5610 1091 5681; x_wconf 84' lang='lat' dir='ltr'>calore</span> <span class='ocrx_word' id='word_1_290' title='bbox 1158 5614 1367 5680; x_wconf 89' lang='lat' dir='ltr'>maris</span> <span class='ocrx_word' id='word_1_291' title='bbox 1431 5614 1658 5703; x_wconf 89' lang='lat' dir='ltr'>potius</span> <span class='ocrx_word' id='word_1_292' title='bbox 1723 5612 2080 5681; x_wconf 85' lang='lat' dir='ltr'>indurante</span> <span class='ocrx_word' id='word_1_293' title='bbox 2132 5634 2147 5677; x_wconf 74' lang='grc' dir='ltr'>ε</span> 
     </span>
     <span class='ocr_line' id='line_1_50' title="bbox 596 5717 2152 5809; baseline -0.002 -20"><span class='ocrx_word' id='word_1_294' title='bbox 596 5720 862 5789; x_wconf 74' lang='lat' dir='ltr'>siccitas</span> <span class='ocrx_word' id='word_1_295' title='bbox 901 5717 1083 5785; x_wconf 88' lang='lat' dir='ltr'>enim</span> <span class='ocrx_word' id='word_1_296' title='bbox 1135 5718 1409 5809; x_wconf 90' lang='lat' dir='ltr'>stringit</span> <span class='ocrx_word' id='word_1_297' title='bbox 1439 5719 1585 5785; x_wconf 89' lang='lat' dir='ltr'>vias</span> <span class='ocrx_word' id='word_1_298' title='bbox 1621 5719 1835 5797; x_wconf 79' lang='lat' dir='ltr'>vocis,</span> <span class='ocrx_word' id='word_1_299' title='bbox 1892 5727 1954 5785; x_wconf 88' lang='lat' dir='ltr'>et</span> <span class='ocrx_word' id='word_1_300' title='bbox 2004 5717 2152 5786; x_wconf 68' lang='lat' dir='ltr'>idn-o</span> 
     </span>
    </p>
   </div>
   <div class='ocr_carea' id='block_1_2' title="bbox 2258 383 2811 455">
    <p class='ocr_par' dir='ltr' id='par_1_3' title="bbox 2258 383 2811 455">
     <span class='ocr_line' id='line_1_51' title="bbox 2258 383 2811 455; baseline 0.004 -4"><span class='ocrx_word' id='word_1_301' title='bbox 2258 383 2463 455; x_wconf 75' lang='lat' dir='ltr'>om).</span> <span class='ocrx_word' id='word_1_302' title='bbox 2517 386 2811 454; x_wconf 80' lang='lat' dir='ltr'>PRAEn.</span> 
     </span>
    </p>
   </div>
   <div class='ocr_carea' id='block_1_3' title="bbox 2244 557 3822 5805">
    <p class='ocr_par' dir='ltr' id='par_1_4' title="bbox 2260 557 3822 940">
     <span class='ocr_line' id='line_1_52' title="bbox 2263 557 3822 630; baseline 0.001 -8"><span class='ocrx_word' id='word_1_303' title='bbox 2263 557 2333 623; x_wconf 87' lang='lat' dir='ltr'>tit</span> <span class='ocrx_word' id='word_1_304' title='bbox 2385 559 2602 625; x_wconf 87' lang='lat' dir='ltr'>exilis.</span> <span class='ocrx_word' id='word_1_305' title='bbox 2657 558 3105 627; x_wconf 78' lang='lat' dir='ltr'>Ementulatis·</span> <span class='ocrx_word' id='word_1_306' title='bbox 3155 572 3386 630; x_wconf 81' lang='lat' dir='ltr'>autem</span> <span class='ocrx_word' id='word_1_307' title='bbox 3436 560 3650 627; x_wconf 85' lang='lat' dir='ltr'>tauris</span> <span class='ocrx_word' id='word_1_308' title='bbox 3710 582 3822 625; x_wconf 90' lang='lat' dir='ltr'>re·-</span> 
     </span>
     <span class='ocr_line' id='line_1_53' title="bbox 2263 662 3818 758; baseline 0.001 -29"><span class='ocrx_word' id='word_1_309' title='bbox 2263 662 2357 729; x_wconf 90' lang='lat' dir='ltr'>dit</span> <span class='ocrx_word' id='word_1_310' title='bbox 2416 665 2742 732; x_wconf 89' lang='lat' dir='ltr'>inducens</span> <span class='ocrx_word' id='word_1_311' title='bbox 2791 665 3150 733; x_wconf 90' lang='lat' dir='ltr'>humidum</span> <span class='ocrx_word' id='word_1_312' title='bbox 3219 668 3554 758; x_wconf 82' lang='lat' dir='ltr'>frigiditas</span> <span class='ocrx_word' id='word_1_313' title='bbox 3620 687 3818 731; x_wconf 85' lang='lat' dir='ltr'>com-</span> 
     </span>
     <span class='ocr_line' id='line_1_54' title="bbox 2260 768 3818 862; baseline 0.003 -29"><span class='ocrx_word' id='word_1_314' title='bbox 2260 768 2661 857; x_wconf 84' lang='lat' dir='ltr'>plexionalis</span> <span class='ocrx_word' id='word_1_315' title='bbox 2707 794 2720 836; x_wconf 92' lang='lat'>:</span> <span class='ocrx_word' id='word_1_316' title='bbox 2766 779 2829 837; x_wconf 89' lang='lat' dir='ltr'>et</span> <span class='ocrx_word' id='word_1_317' title='bbox 2863 780 3023 839; x_wconf 91' lang='lat' dir='ltr'>tunc</span> <span class='ocrx_word' id='word_1_318' title='bbox 3069 795 3270 840; x_wconf 74' lang='lat' dir='ltr'>voces</span> <span class='ocrx_word' id='word_1_319' title='bbox 3314 775 3485 839; x_wconf 84' lang='lat' dir='ltr'>liunt</span> <span class='ocrx_word' id='word_1_320' title='bbox 3525 771 3818 862; x_wconf 89' lang='lat' dir='ltr'>grossio-</span> 
     </span>
     <span class='ocr_line' id='line_1_55' title="bbox 2263 897 2387 940; baseline 0.008 -2"><span class='ocrx_word' id='word_1_321' title='bbox 2263 897 2387 940; x_wconf 72' lang='lat' dir='ltr'>res.</span> 
     </span>
    </p>

    <p class='ocr_par' dir='ltr' id='par_1_5' title="bbox 2250 980 3817 2899">
     <span class='ocr_line' id='line_1_56' title="bbox 2348 980 3817 1075; baseline 0.004 -30"><span class='ocrx_word' id='word_1_322' title='bbox 2348 980 2660 1070; x_wconf 73' lang='lat' dir='ltr'>Amplius</span> <span class='ocrx_word' id='word_1_323' title='bbox 2698 991 2926 1049; x_wconf 85' lang='lat' dir='ltr'>autem</span> <span class='ocrx_word' id='word_1_324' title='bbox 2957 988 3198 1051; x_wconf 85' lang='lat' dir='ltr'>arietes</span> <span class='ocrx_word' id='word_1_325' title='bbox 3247 995 3312 1051; x_wconf 86' lang='lat' dir='ltr'>et</span> <span class='ocrx_word' id='word_1_326' title='bbox 3343 987 3524 1075; x_wconf 88' lang='lat' dir='ltr'>capri</span> <span class='ocrx_word' id='word_1_327' title='bbox 3568 992 3817 1053; x_wconf 88' lang='lat' dir='ltr'>coeunt</span> 
     </span>
     <span class='ocr_line' id='line_1_57' title="bbox 2263 1086 3816 1179; baseline 0.003 -28"><span class='ocrx_word' id='word_1_328' title='bbox 2263 1086 2532 1174; x_wconf 85' lang='lat' dir='ltr'>quando</span> <span class='ocrx_word' id='word_1_329' title='bbox 2572 1095 2732 1152; x_wconf 87' lang='lat' dir='ltr'>sunt</span> <span class='ocrx_word' id='word_1_330' title='bbox 2768 1089 2969 1153; x_wconf 86' lang='lat' dir='ltr'>unius</span> <span class='ocrx_word' id='word_1_331' title='bbox 3008 1090 3192 1165; x_wconf 74' lang='lat' dir='ltr'>utini,</span> <span class='ocrx_word' id='word_1_332' title='bbox 3232 1098 3298 1156; x_wconf 91' lang='lat' dir='ltr'>et</span> <span class='ocrx_word' id='word_1_333' title='bbox 3329 1092 3665 1179; x_wconf 86' lang='lat' dir='ltr'>praecipue</span> <span class='ocrx_word' id='word_1_334' title='bbox 3697 1113 3816 1157; x_wconf 87' lang='lat' dir='ltr'>cn-</span> 
     </span>
     <span class='ocr_line' id='line_1_58' title="bbox 2258 1195 3814 1286; baseline 0.004 -29"><span class='ocrx_word' id='word_1_335' title='bbox 2258 1215 2535 1280; x_wconf 88' lang='lat' dir='ltr'>prorum</span> <span class='ocrx_word' id='word_1_336' title='bbox 2575 1216 2795 1261; x_wconf 84' lang='lat' dir='ltr'>mares</span> <span class='ocrx_word' id='word_1_337' title='bbox 2826 1195 2895 1261; x_wconf 94' lang='lat' dir='ltr'>in</span> <span class='ocrx_word' id='word_1_338' title='bbox 2946 1195 3059 1262; x_wconf 90' lang='lat' dir='ltr'>illo</span> <span class='ocrx_word' id='word_1_339' title='bbox 3099 1205 3409 1286; x_wconf 84' lang='lat' dir='ltr'>tempore</span> <span class='ocrx_word' id='word_1_340' title='bbox 3443 1206 3814 1265; x_wconf 85' lang='lat' dir='ltr'>moventur</span> 
     </span>
     <span class='ocr_line' id='line_1_59' title="bbox 2259 1302 3817 1373; baseline 0.003 -7"><span class='ocrx_word' id='word_1_341' title='bbox 2259 1302 2342 1367; x_wconf 89' lang='lat' dir='ltr'>ad</span> <span class='ocrx_word' id='word_1_342' title='bbox 2371 1303 2777 1370; x_wconf 77' lang='lat' dir='ltr'>coeundum.</span> <span class='ocrx_word' id='word_1_343' title='bbox 2814 1305 2932 1372; x_wconf 83' lang='lat' dir='ltr'>Est</span> <span class='ocrx_word' id='word_1_344' title='bbox 2969 1313 3198 1372; x_wconf 85' lang='lat' dir='ltr'>autem</span> <span class='ocrx_word' id='word_1_345' title='bbox 3238 1305 3597 1373; x_wconf 79' lang='lat' dir='ltr'>diversitas</span> <span class='ocrx_word' id='word_1_346' title='bbox 3640 1308 3817 1371; x_wconf 88' lang='lat' dir='ltr'>inter</span> 
     </span>
     <span class='ocr_line' id='line_1_60' title="bbox 2258 1411 3808 1502; baseline 0.001 -26"><span class='ocrx_word' id='word_1_347' title='bbox 2258 1411 2430 1479; x_wconf 86' lang='lat' dir='ltr'>filios</span> <span class='ocrx_word' id='word_1_348' title='bbox 2478 1434 2835 1502; x_wconf 89' lang='lat' dir='ltr'>caprorum</span> <span class='ocrx_word' id='word_1_349' title='bbox 2892 1421 2959 1480; x_wconf 91' lang='lat' dir='ltr'>et</span> <span class='ocrx_word' id='word_1_350' title='bbox 3017 1414 3309 1480; x_wconf 88' lang='lat' dir='ltr'>aliorum</span> <span class='ocrx_word' id='word_1_351' title='bbox 3351 1413 3808 1480; x_wconf 86' lang='lat' dir='ltr'>animalium:</span> 
     </span>
     <span class='ocr_line' id='line_1_61' title="bbox 2258 1519 3812 1609; baseline -0.001 -23"><span class='ocrx_word' id='word_1_352' title='bbox 2258 1519 2579 1608; x_wconf 89' lang='lat' dir='ltr'>quoniam</span> <span class='ocrx_word' id='word_1_353' title='bbox 2629 1543 2711 1586; x_wconf 86' lang='lat' dir='ltr'>eo</span> <span class='ocrx_word' id='word_1_354' title='bbox 2750 1520 2935 1609; x_wconf 89' lang='lat' dir='ltr'>quod</span> <span class='ocrx_word' id='word_1_355' title='bbox 2995 1521 3121 1588; x_wconf 89' lang='lat' dir='ltr'>hoc</span> <span class='ocrx_word' id='word_1_356' title='bbox 3159 1520 3415 1588; x_wconf 86' lang='lat' dir='ltr'>animal</span> <span class='ocrx_word' id='word_1_357' title='bbox 3474 1530 3577 1588; x_wconf 89' lang='lat' dir='ltr'>est</span> <span class='ocrx_word' id='word_1_358' title='bbox 3616 1521 3812 1588; x_wconf 69' lang='lat' dir='ltr'>sicem</span> 
     </span>
     <span class='ocr_line' id='line_1_62' title="bbox 2256 1623 3815 1716; baseline 0.001 -27"><span class='ocrx_word' id='word_1_359' title='bbox 2256 1623 2771 1713; x_wconf 84' lang='lat' dir='ltr'>complexionis,</span> <span class='ocrx_word' id='word_1_360' title='bbox 2814 1624 2992 1691; x_wconf 80' lang='lat' dir='ltr'>silius</span> <span class='ocrx_word' id='word_1_361' title='bbox 3058 1649 3261 1716; x_wconf 90' lang='lat' dir='ltr'>quem</span> <span class='ocrx_word' id='word_1_362' title='bbox 3311 1629 3537 1716; x_wconf 89' lang='lat' dir='ltr'>primo</span> <span class='ocrx_word' id='word_1_363' title='bbox 3595 1647 3815 1715; x_wconf 89' lang='lat' dir='ltr'>gene-</span> 
     </span>
     <span class='ocr_line' id='line_1_63' title="bbox 2258 1733 3807 1821; baseline 0.001 -26"><span class='ocrx_word' id='word_1_364' title='bbox 2258 1739 2359 1797; x_wconf 85' lang='lat' dir='ltr'>rat</span> <span class='ocrx_word' id='word_1_365' title='bbox 2394 1738 2759 1821; x_wconf 89' lang='lat' dir='ltr'>antequam</span> <span class='ocrx_word' id='word_1_366' title='bbox 2811 1733 2992 1799; x_wconf 90' lang='lat' dir='ltr'>coitu</span> <span class='ocrx_word' id='word_1_367' title='bbox 3032 1741 3098 1799; x_wconf 91' lang='lat' dir='ltr'>et</span> <span class='ocrx_word' id='word_1_368' title='bbox 3153 1742 3353 1799; x_wconf 67' lang='lat' dir='ltr'>{etate</span> <span class='ocrx_word' id='word_1_369' title='bbox 3404 1733 3807 1810; x_wconf 82' lang='lat' dir='ltr'>exsiccetur,</span> 
     </span>
     <span class='ocr_line' id='line_1_64' title="bbox 2256 1838 3813 1930; baseline 0.001 -27"><span class='ocrx_word' id='word_1_370' title='bbox 2256 1848 2353 1905; x_wconf 82' lang='lat' dir='ltr'>est</span> <span class='ocrx_word' id='word_1_371' title='bbox 2384 1838 2677 1920; x_wconf 88' lang='lat' dir='ltr'>mollior,</span> <span class='ocrx_word' id='word_1_372' title='bbox 2713 1849 2773 1905; x_wconf 91' lang='lat' dir='ltr'>et</span> <span class='ocrx_word' id='word_1_373' title='bbox 2815 1838 2888 1905; x_wconf 80' lang='lat' dir='ltr'>fii</span> <span class='ocrx_word' id='word_1_374' title='bbox 2934 1838 3172 1907; x_wconf 87' lang='lat' dir='ltr'>fortior</span> <span class='ocrx_word' id='word_1_375' title='bbox 3210 1848 3278 1907; x_wconf 91' lang='lat' dir='ltr'>et</span> <span class='ocrx_word' id='word_1_376' title='bbox 3318 1843 3622 1930; x_wconf 75' lang='lat' dir='ltr'>grossior</span> <span class='ocrx_word' id='word_1_377' title='bbox 3651 1862 3813 1908; x_wconf 90' lang='lat' dir='ltr'>cor-</span> 
     </span>
     <span class='ocr_line' id='line_1_65' title="bbox 2254 1944 3804 2036; baseline -0.001 -24"><span class='ocrx_word' id='word_1_378' title='bbox 2254 1969 2415 2036; x_wconf 88' lang='lat' dir='ltr'>pore</span> <span class='ocrx_word' id='word_1_379' title='bbox 2455 1944 2773 2012; x_wconf 83' lang='lat' dir='ltr'>omnibus</span> <span class='ocrx_word' id='word_1_380' title='bbox 2812 1954 3047 2035; x_wconf 84' lang='lat' dir='ltr'>postea</span> <span class='ocrx_word' id='word_1_381' title='bbox 3101 1949 3468 2036; x_wconf 85' lang='lat' dir='ltr'>generatis.</span> <span class='ocrx_word' id='word_1_382' title='bbox 3536 1947 3612 2012; x_wconf 91' lang='lat' dir='ltr'>In</span> <span class='ocrx_word' id='word_1_383' title='bbox 3652 1945 3804 2013; x_wconf 85' lang='lat' dir='ltr'>aliis</span> 
     </span>
     <span class='ocr_line' id='line_1_66' title="bbox 2254 2051 3816 2122; baseline 0.001 -3"><span class='ocrx_word' id='word_1_384' title='bbox 2254 2061 2481 2119; x_wconf 81' lang='lat' dir='ltr'>autem</span> <span class='ocrx_word' id='word_1_385' title='bbox 2513 2051 2805 2119; x_wconf 84' lang='lat' dir='ltr'>multum</span> <span class='ocrx_word' id='word_1_386' title='bbox 2846 2051 3140 2121; x_wconf 83' lang='lat' dir='ltr'>humidis</span> <span class='ocrx_word' id='word_1_387' title='bbox 3179 2052 3621 2122; x_wconf 86' lang='lat' dir='ltr'>animalibus.</span> <span class='ocrx_word' id='word_1_388' title='bbox 3677 2053 3816 2120; x_wconf 88' lang='lat' dir='ltr'>sic·</span> 
     </span>
     <span class='ocr_line' id='line_1_67' title="bbox 2256 2159 3812 2250; baseline 0 -22"><span class='ocrx_word' id='word_1_389' title='bbox 2256 2162 2422 2228; x_wconf 88' lang='lat' dir='ltr'>utin</span> <span class='ocrx_word' id='word_1_390' title='bbox 2463 2159 2730 2238; x_wconf 80' lang='lat' dir='ltr'>ovibus,</span> <span class='ocrx_word' id='word_1_391' title='bbox 2773 2168 2839 2227; x_wconf 86' lang='lat' dir='ltr'>et</span> <span class='ocrx_word' id='word_1_392' title='bbox 2868 2161 3116 2249; x_wconf 85' lang='lat' dir='ltr'>porcis,</span> <span class='ocrx_word' id='word_1_393' title='bbox 3160 2163 3553 2250; x_wconf 92' lang='lat' dir='ltr'>oppositum</span> <span class='ocrx_word' id='word_1_394' title='bbox 3582 2170 3711 2238; x_wconf 86' lang='lat' dir='ltr'>est,</span> <span class='ocrx_word' id='word_1_395' title='bbox 3744 2168 3812 2228; x_wconf 86' lang='lat' dir='ltr'>et</span> 
     </span>
     <span class='ocr_line' id='line_1_68' title="bbox 2253 2267 3809 2359; baseline -0.001 -22"><span class='ocrx_word' id='word_1_396' title='bbox 2253 2271 2452 2337; x_wconf 85' lang='lat' dir='ltr'>etiam</span> <span class='ocrx_word' id='word_1_397' title='bbox 2490 2270 2554 2334; x_wconf 91' lang='lat' dir='ltr'>in</span> <span class='ocrx_word' id='word_1_398' title='bbox 2587 2267 3018 2336; x_wconf 85' lang='lat' dir='ltr'>hominibus:</span> <span class='ocrx_word' id='word_1_399' title='bbox 3056 2268 3185 2337; x_wconf 86' lang='lat' dir='ltr'>hoc</span> <span class='ocrx_word' id='word_1_400' title='bbox 3215 2270 3399 2336; x_wconf 89' lang='lat' dir='ltr'>enim</span> <span class='ocrx_word' id='word_1_401' title='bbox 3432 2269 3591 2337; x_wconf 90' lang='lat' dir='ltr'>dato</span> <span class='ocrx_word' id='word_1_402' title='bbox 3624 2268 3809 2359; x_wconf 87' lang='lat' dir='ltr'>quod</span> 
     </span>
     <span class='ocr_line' id='line_1_69' title="bbox 2251 2378 3809 2469; baseline 0.001 -23"><span class='ocrx_word' id='word_1_403' title='bbox 2251 2402 2450 2469; x_wconf 85' lang='lat' dir='ltr'>caper</span> <span class='ocrx_word' id='word_1_404' title='bbox 2478 2380 2739 2447; x_wconf 85' lang='lat' dir='ltr'>venerit</span> <span class='ocrx_word' id='word_1_405' title='bbox 2772 2378 2855 2445; x_wconf 85' lang='lat' dir='ltr'>ad</span> <span class='ocrx_word' id='word_1_406' title='bbox 2887 2386 3156 2447; x_wconf 78' lang='lat' dir='ltr'>aetatem</span> <span class='ocrx_word' id='word_1_407' title='bbox 3209 2382 3277 2446; x_wconf 92' lang='lat' dir='ltr'>in</span> <span class='ocrx_word' id='word_1_408' title='bbox 3311 2402 3448 2469; x_wconf 89' lang='lat' dir='ltr'>qua</span> <span class='ocrx_word' id='word_1_409' title='bbox 3478 2401 3809 2463; x_wconf 73' lang='lat' dir='ltr'>generare</span> 
     </span>
     <span class='ocr_line' id='line_1_70' title="bbox 2250 2487 3812 2580; baseline 0.001 -27"><span class='ocrx_word' id='word_1_410' title='bbox 2250 2496 2493 2580; x_wconf 71' lang='lat' dir='ltr'>potest,</span> <span class='ocrx_word' id='word_1_411' title='bbox 2535 2488 2662 2554; x_wconf 85' lang='lat' dir='ltr'>erit</span> <span class='ocrx_word' id='word_1_412' title='bbox 2697 2488 3135 2577; x_wconf 82' lang='lat' dir='ltr'>temperatius</span> <span class='ocrx_word' id='word_1_413' title='bbox 3164 2489 3234 2554; x_wconf 91' lang='lat' dir='ltr'>in</span> <span class='ocrx_word' id='word_1_414' title='bbox 3266 2488 3415 2577; x_wconf 89' lang='lat' dir='ltr'>ipso</span> <span class='ocrx_word' id='word_1_415' title='bbox 3447 2487 3633 2579; x_wconf 90' lang='lat' dir='ltr'>quod</span> <span class='ocrx_word' id='word_1_416' title='bbox 3663 2489 3812 2577; x_wconf 89' lang='lat' dir='ltr'>pri-</span> 
     </span>
     <span class='ocr_line' id='line_1_71' title="bbox 2250 2592 3812 2684; baseline -0.003 -21"><span class='ocrx_word' id='word_1_417' title='bbox 2250 2619 2361 2663; x_wconf 91' lang='lat' dir='ltr'>mo</span> <span class='ocrx_word' id='word_1_418' title='bbox 2390 2593 2754 2672; x_wconf 87' lang='lat' dir='ltr'>descendit,</span> <span class='ocrx_word' id='word_1_419' title='bbox 2792 2617 2995 2684; x_wconf 88' lang='lat' dir='ltr'>quam</span> <span class='ocrx_word' id='word_1_420' title='bbox 3044 2595 3227 2684; x_wconf 89' lang='lat' dir='ltr'>quod</span> <span class='ocrx_word' id='word_1_421' title='bbox 3266 2602 3526 2683; x_wconf 82' lang='lat' dir='ltr'>postea.</span> <span class='ocrx_word' id='word_1_422' title='bbox 3566 2593 3641 2660; x_wconf 90' lang='lat' dir='ltr'>ln</span> <span class='ocrx_word' id='word_1_423' title='bbox 3684 2592 3812 2660; x_wconf 89' lang='lat' dir='ltr'>hu-</span> 
     </span>
     <span class='ocr_line' id='line_1_72' title="bbox 2252 2699 3801 2790; baseline -0.003 -21"><span class='ocrx_word' id='word_1_424' title='bbox 2252 2703 2447 2770; x_wconf 86' lang='lat' dir='ltr'>midis</span> <span class='ocrx_word' id='word_1_425' title='bbox 2513 2711 2741 2769; x_wconf 83' lang='lat' dir='ltr'>autem</span> <span class='ocrx_word' id='word_1_426' title='bbox 2807 2727 2842 2766; x_wconf 89' lang='lat' dir='ltr'>e</span> <span class='ocrx_word' id='word_1_427' title='bbox 2911 2725 3239 2769; x_wconf 78' lang='lat' dir='ltr'>converso</span> <span class='ocrx_word' id='word_1_428' title='bbox 3295 2710 3397 2768; x_wconf 89' lang='lat' dir='ltr'>est</span> <span class='ocrx_word' id='word_1_429' title='bbox 3454 2723 3670 2790; x_wconf 79' lang='lat' dir='ltr'>usque</span> <span class='ocrx_word' id='word_1_430' title='bbox 3719 2699 3801 2766; x_wconf 88' lang='lat' dir='ltr'>ad</span> 
     </span>
     <span class='ocr_line' id='line_1_73' title="bbox 2251 2806 3547 2899; baseline 0 -25"><span class='ocrx_word' id='word_1_431' title='bbox 2251 2817 2516 2877; x_wconf 68' lang='lat' dir='ltr'>aetatem</span> <span class='ocrx_word' id='word_1_432' title='bbox 2548 2810 2617 2874; x_wconf 90' lang='lat' dir='ltr'>in</span> <span class='ocrx_word' id='word_1_433' title='bbox 2648 2830 2782 2899; x_wconf 86' lang='lat' dir='ltr'>qua</span> <span class='ocrx_word' id='word_1_434' title='bbox 2811 2806 3143 2876; x_wconf 84' lang='lat' dir='ltr'>declinare</span> <span class='ocrx_word' id='word_1_435' title='bbox 3187 2809 3547 2897; x_wconf 89' lang='lat' dir='ltr'>incipiunt.</span> 
     </span>
    </p>

    <p class='ocr_par' dir='ltr' id='par_1_6' title="bbox 2244 2915 3812 5141">
     <span class='ocr_line' id='line_1_74' title="bbox 2335 2915 3812 3006; baseline -0.001 -23"><span class='ocrx_word' id='word_1_436' title='bbox 2335 2915 2649 3006; x_wconf 82' lang='lat' dir='ltr'>Amplius</span> <span class='ocrx_word' id='word_1_437' title='bbox 2691 2938 2935 3006; x_wconf 87' lang='lat' dir='ltr'>porcus</span> <span class='ocrx_word' id='word_1_438' title='bbox 2964 2915 3209 2983; x_wconf 86' lang='lat' dir='ltr'>saltare</span> <span class='ocrx_word' id='word_1_439' title='bbox 3239 2938 3396 2983; x_wconf 90' lang='lat' dir='ltr'>cum</span> <span class='ocrx_word' id='word_1_440' title='bbox 3430 2916 3676 2983; x_wconf 61' lang='lat' dir='ltr'>ellectu</span> <span class='ocrx_word' id='word_1_441' title='bbox 3710 2918 3812 2982; x_wconf 91' lang='lat' dir='ltr'>in-</span> 
     </span>
     <span class='ocr_line' id='line_1_75' title="bbox 2249 3023 3811 3116; baseline 0.002 -29"><span class='ocrx_word' id='word_1_442' title='bbox 2249 3028 2408 3115; x_wconf 69' lang='lat' dir='ltr'>ripit</span> <span class='ocrx_word' id='word_1_443' title='bbox 2446 3046 2747 3116; x_wconf 85' lang='lat' dir='ltr'>porcam,</span> <span class='ocrx_word' id='word_1_444' title='bbox 2795 3031 2946 3114; x_wconf 90' lang='lat' dir='ltr'>post</span> <span class='ocrx_word' id='word_1_445' title='bbox 3004 3034 3156 3090; x_wconf 91' lang='lat' dir='ltr'>octo</span> <span class='ocrx_word' id='word_1_446' title='bbox 3216 3046 3511 3090; x_wconf 80' lang='lat' dir='ltr'>menses.</span> <span class='ocrx_word' id='word_1_447' title='bbox 3589 3023 3811 3091; x_wconf 80' lang='lat' dir='ltr'>l&#39;orca</span> 
     </span>
     <span class='ocr_line' id='line_1_76' title="bbox 2248 3131 3805 3224; baseline -0.001 -25"><span class='ocrx_word' id='word_1_448' title='bbox 2248 3142 2474 3200; x_wconf 73' lang='lat' dir='ltr'>autem</span> <span class='ocrx_word' id='word_1_449' title='bbox 2513 3156 2663 3224; x_wconf 84' lang='lat' dir='ltr'>qua·</span> <span class='ocrx_word' id='word_1_450' title='bbox 2705 3142 2806 3201; x_wconf 88' lang='lat' dir='ltr'>est</span> <span class='ocrx_word' id='word_1_451' title='bbox 2861 3132 3063 3199; x_wconf 87' lang='lat' dir='ltr'>unius</span> <span class='ocrx_word' id='word_1_452' title='bbox 3119 3132 3308 3215; x_wconf 86' lang='lat' dir='ltr'>anni,</span> <span class='ocrx_word' id='word_1_453' title='bbox 3369 3131 3693 3221; x_wconf 86' lang='lat' dir='ltr'>concipit,</span> <span class='ocrx_word' id='word_1_454' title='bbox 3739 3138 3805 3198; x_wconf 87' lang='lat' dir='ltr'>et</span> 
     </span>
     <span class='ocr_line' id='line_1_77' title="bbox 2247 3239 3809 3332; baseline -0.003 -24"><span class='ocrx_word' id='word_1_455' title='bbox 2247 3243 2419 3332; x_wconf 83' lang='lat' dir='ltr'>parit</span> <span class='ocrx_word' id='word_1_456' title='bbox 2465 3263 2480 3309; x_wconf 91' lang='lat'><strong>:</strong></span> <span class='ocrx_word' id='word_1_457' title='bbox 2541 3241 2865 3330; x_wconf 86' lang='lat' dir='ltr'>quoniam</span> <span class='ocrx_word' id='word_1_458' title='bbox 2929 3240 3126 3307; x_wconf 74' lang='lat' dir='ltr'>eitius</span> <span class='ocrx_word' id='word_1_459' title='bbox 3199 3239 3594 3330; x_wconf 89' lang='lat' dir='ltr'>completur</span> <span class='ocrx_word' id='word_1_460' title='bbox 3658 3261 3809 3306; x_wconf 81' lang='lat' dir='ltr'>mas</span> 
     </span>
     <span class='ocr_line' id='line_1_78' title="bbox 2247 3345 3801 3438; baseline -0.001 -23"><span class='ocrx_word' id='word_1_461' title='bbox 2247 3346 2773 3438; x_wconf 70' lang='lat' dir='ltr'>quamfinmina,</span> <span class='ocrx_word' id='word_1_462' title='bbox 2818 3356 3094 3437; x_wconf 87' lang='lat' dir='ltr'>propter</span> <span class='ocrx_word' id='word_1_463' title='bbox 3119 3345 3419 3414; x_wconf 83' lang='lat' dir='ltr'>calorem</span> <span class='ocrx_word' id='word_1_464' title='bbox 3488 3346 3604 3437; x_wconf 86' lang='lat' dir='ltr'>qui</span> <span class='ocrx_word' id='word_1_465' title='bbox 3647 3367 3801 3413; x_wconf 86' lang='lat' dir='ltr'>me·-</span> 
     </span>
     <span class='ocr_line' id='line_1_79' title="bbox 2247 3453 3811 3546; baseline -0.003 -22"><span class='ocrx_word' id='word_1_466' title='bbox 2247 3458 2377 3524; x_wconf 91' lang='lat' dir='ltr'>lius</span> <span class='ocrx_word' id='word_1_467' title='bbox 2408 3455 2723 3546; x_wconf 80' lang='lat' dir='ltr'>phlegma</span> <span class='ocrx_word' id='word_1_468' title='bbox 2754 3454 3096 3523; x_wconf 83' lang='lat' dir='ltr'>viscosum</span> <span class='ocrx_word' id='word_1_469' title='bbox 3126 3454 3313 3546; x_wconf 86' lang='lat' dir='ltr'>quod</span> <span class='ocrx_word' id='word_1_470' title='bbox 3343 3455 3413 3521; x_wconf 89' lang='lat' dir='ltr'>in</span> <span class='ocrx_word' id='word_1_471' title='bbox 3446 3453 3632 3521; x_wconf 87' lang='lat' dir='ltr'>illius</span> <span class='ocrx_word' id='word_1_472' title='bbox 3661 3453 3811 3521; x_wconf 89' lang='lat' dir='ltr'>ani-</span> 
     </span>
     <span class='ocr_line' id='line_1_80' title="bbox 2249 3560 3808 3652; baseline -0.001 -22"><span class='ocrx_word' id='word_1_473' title='bbox 2249 3562 2443 3630; x_wconf 80' lang='lat' dir='ltr'>malis</span> <span class='ocrx_word' id='word_1_474' title='bbox 2494 3561 2885 3629; x_wconf 83' lang='lat' dir='ltr'>dominatur</span> <span class='ocrx_word' id='word_1_475' title='bbox 2929 3561 3434 3652; x_wconf 77' lang='lat' dir='ltr'>complexione,</span> <span class='ocrx_word' id='word_1_476' title='bbox 3489 3560 3808 3628; x_wconf 77' lang='lat' dir='ltr'>dissolvit</span> 
     </span>
     <span class='ocr_line' id='line_1_81' title="bbox 2257 3666 3797 3758; baseline -0.001 -23"><span class='ocrx_word' id='word_1_477' title='bbox 2257 3672 2321 3735; x_wconf 93' lang='lat' dir='ltr'>in</span> <span class='ocrx_word' id='word_1_478' title='bbox 2400 3666 2703 3736; x_wconf 85' lang='lat' dir='ltr'>masculo</span> <span class='ocrx_word' id='word_1_479' title='bbox 2772 3688 2977 3758; x_wconf 89' lang='lat' dir='ltr'>quam</span> <span class='ocrx_word' id='word_1_480' title='bbox 3043 3667 3110 3736; x_wconf 90' lang='lat' dir='ltr'>in</span> <span class='ocrx_word' id='word_1_481' title='bbox 3161 3666 3444 3735; x_wconf 57' lang='lat' dir='ltr'>faemina</span> <span class='ocrx_word' id='word_1_482' title='bbox 3486 3689 3502 3734; x_wconf 73' lang='grc' dir='ltr'>ε</span> <span class='ocrx_word' id='word_1_483' title='bbox 3568 3673 3797 3734; x_wconf 88' lang='lat' dir='ltr'>tamen</span> 
     </span>
     <span class='ocr_line' id='line_1_82' title="bbox 2249 3774 3803 3867; baseline -0.001 -24"><span class='ocrx_word' id='word_1_484' title='bbox 2249 3775 2427 3867; x_wconf 89' lang='lat' dir='ltr'>quod</span> <span class='ocrx_word' id='word_1_485' title='bbox 2486 3799 2566 3842; x_wconf 82' lang='lat' dir='ltr'>ex</span> <span class='ocrx_word' id='word_1_486' title='bbox 2606 3782 2941 3866; x_wconf 84' lang='lat' dir='ltr'>spermate</span> <span class='ocrx_word' id='word_1_487' title='bbox 2971 3776 3153 3865; x_wconf 88' lang='lat' dir='ltr'>porci</span> <span class='ocrx_word' id='word_1_488' title='bbox 3189 3774 3474 3844; x_wconf 86' lang='lat' dir='ltr'>masculi</span> <span class='ocrx_word' id='word_1_489' title='bbox 3506 3796 3803 3863; x_wconf 79' lang='lat' dir='ltr'>genera·-</span> 
     </span>
     <span class='ocr_line' id='line_1_83' title="bbox 2247 3882 3804 3973; baseline -0.002 -22"><span class='ocrx_word' id='word_1_490' title='bbox 2247 3895 2355 3951; x_wconf 87' lang='lat' dir='ltr'>tur</span> <span class='ocrx_word' id='word_1_491' title='bbox 2391 3894 2546 3950; x_wconf 81' lang='lat' dir='ltr'>ante</span> <span class='ocrx_word' id='word_1_492' title='bbox 2577 3905 2858 3959; x_wconf 89' lang='lat' dir='ltr'>annum,</span> <span class='ocrx_word' id='word_1_493' title='bbox 2905 3892 3005 3950; x_wconf 88' lang='lat' dir='ltr'>est</span> <span class='ocrx_word' id='word_1_494' title='bbox 3035 3883 3253 3951; x_wconf 83' lang='lat' dir='ltr'>debile</span> <span class='ocrx_word' id='word_1_495' title='bbox 3280 3882 3483 3950; x_wconf 84' lang='lat' dir='ltr'>valde</span> <span class='ocrx_word' id='word_1_496' title='bbox 3524 3889 3804 3973; x_wconf 82' lang='lat' dir='ltr'>propter</span> 
     </span>
     <span class='ocr_line' id='line_1_84' title="bbox 2246 3988 3801 4083; baseline -0.003 -21"><span class='ocrx_word' id='word_1_497' title='bbox 2246 3994 2601 4083; x_wconf 81' lang='lat' dir='ltr'>spermatis</span> <span class='ocrx_word' id='word_1_498' title='bbox 2649 3992 3047 4081; x_wconf 76' lang='lat' dir='ltr'>parvitatem</span> <span class='ocrx_word' id='word_1_499' title='bbox 3102 4001 3165 4058; x_wconf 84' lang='lat' dir='ltr'>et</span> <span class='ocrx_word' id='word_1_500' title='bbox 3223 3994 3665 4083; x_wconf 77' lang='lat' dir='ltr'>aqueitutein.</span> <span class='ocrx_word' id='word_1_501' title='bbox 3726 3988 3801 4057; x_wconf 89' lang='lat' dir='ltr'>lu</span> 
     </span>
     <span class='ocr_line' id='line_1_85' title="bbox 2246 4097 3804 4193; baseline -0.003 -24"><span class='ocrx_word' id='word_1_502' title='bbox 2246 4101 2650 4193; x_wconf 83' lang='lat' dir='ltr'>quibusdam</span> <span class='ocrx_word' id='word_1_503' title='bbox 2691 4109 2919 4167; x_wconf 77' lang='lat' dir='ltr'>tamen</span> <span class='ocrx_word' id='word_1_504' title='bbox 2950 4100 3346 4189; x_wconf 79' lang='lat' dir='ltr'>regionibus</span> <span class='ocrx_word' id='word_1_505' title='bbox 3402 4098 3601 4166; x_wconf 82' lang='lat' dir='ltr'>valde</span> <span class='ocrx_word' id='word_1_506' title='bbox 3630 4097 3804 4166; x_wconf 86' lang='lat' dir='ltr'>cali-</span> 
     </span>
     <span class='ocr_line' id='line_1_86' title="bbox 2244 4208 3807 4300; baseline -0.001 -23"><span class='ocrx_word' id='word_1_507' title='bbox 2244 4210 2346 4277; x_wconf 82' lang='lat' dir='ltr'>dis</span> <span class='ocrx_word' id='word_1_508' title='bbox 2392 4218 2452 4277; x_wconf 86' lang='lat' dir='ltr'>et</span> <span class='ocrx_word' id='word_1_509' title='bbox 2486 4208 2679 4276; x_wconf 85' lang='lat' dir='ltr'>siccis</span> <span class='ocrx_word' id='word_1_510' title='bbox 2706 4230 2952 4298; x_wconf 88' lang='lat' dir='ltr'>porcus</span> <span class='ocrx_word' id='word_1_511' title='bbox 2992 4218 3140 4299; x_wconf 91' lang='lat' dir='ltr'>post</span> <span class='ocrx_word' id='word_1_512' title='bbox 3183 4214 3480 4300; x_wconf 80' lang='lat' dir='ltr'>quatuor</span> <span class='ocrx_word' id='word_1_513' title='bbox 3536 4230 3807 4275; x_wconf 78' lang='lat' dir='ltr'>nienses</span> 
     </span>
     <span class='ocr_line' id='line_1_87' title="bbox 2244 4315 3804 4407; baseline -0.001 -23"><span class='ocrx_word' id='word_1_514' title='bbox 2244 4317 2465 4392; x_wconf 85' lang='lat' dir='ltr'>saltat,</span> <span class='ocrx_word' id='word_1_515' title='bbox 2501 4321 2565 4383; x_wconf 88' lang='lat' dir='ltr'>et</span> <span class='ocrx_word' id='word_1_516' title='bbox 2602 4337 2805 4406; x_wconf 81' lang='lat' dir='ltr'>porca</span> <span class='ocrx_word' id='word_1_517' title='bbox 2836 4316 3011 4406; x_wconf 82' lang='lat' dir='ltr'>parit</span> <span class='ocrx_word' id='word_1_518' title='bbox 3049 4325 3204 4407; x_wconf 84' lang='lat' dir='ltr'>post</span> <span class='ocrx_word' id='word_1_519' title='bbox 3241 4338 3363 4384; x_wconf 88' lang='lat' dir='ltr'>sex</span> <span class='ocrx_word' id='word_1_520' title='bbox 3399 4338 3691 4384; x_wconf 76' lang='lat' dir='ltr'>menses.</span> <span class='ocrx_word' id='word_1_521' title='bbox 3730 4315 3804 4382; x_wconf 89' lang='lat' dir='ltr'>ln</span> 
     </span>
     <span class='ocr_line' id='line_1_88' title="bbox 2248 4421 3807 4515; baseline -0.001 -25"><span class='ocrx_word' id='word_1_522' title='bbox 2248 4423 2654 4515; x_wconf 82' lang='lat' dir='ltr'>quibusdam</span> <span class='ocrx_word' id='word_1_523' title='bbox 2686 4430 2912 4491; x_wconf 86' lang='lat' dir='ltr'>autem</span> <span class='ocrx_word' id='word_1_524' title='bbox 2941 4421 3203 4513; x_wconf 83' lang='lat' dir='ltr'>frigidis</span> <span class='ocrx_word' id='word_1_525' title='bbox 3242 4429 3308 4492; x_wconf 89' lang='lat' dir='ltr'>et</span> <span class='ocrx_word' id='word_1_526' title='bbox 3353 4422 3656 4491; x_wconf 81' lang='lat' dir='ltr'>humidis</span> <span class='ocrx_word' id='word_1_527' title='bbox 3697 4424 3807 4489; x_wconf 89' lang='lat' dir='ltr'>iu·-</span> 
     </span>
     <span class='ocr_line' id='line_1_89' title="bbox 2246 4533 3803 4627; baseline -0.003 -25"><span class='ocrx_word' id='word_1_528' title='bbox 2246 4538 2504 4627; x_wconf 87' lang='lat' dir='ltr'>‹·.ipiunt</span> <span class='ocrx_word' id='word_1_529' title='bbox 2534 4533 2776 4601; x_wconf 84' lang='lat' dir='ltr'>saltare</span> <span class='ocrx_word' id='word_1_530' title='bbox 2804 4533 2989 4624; x_wconf 89' lang='lat' dir='ltr'>porci</span> <span class='ocrx_word' id='word_1_531' title='bbox 3039 4541 3191 4623; x_wconf 89' lang='lat' dir='ltr'>post</span> <span class='ocrx_word' id='word_1_532' title='bbox 3229 4554 3349 4600; x_wconf 82' lang='lat' dir='ltr'>sex</span> <span class='ocrx_word' id='word_1_533' title='bbox 3393 4553 3692 4604; x_wconf 76' lang='lat' dir='ltr'>meuses,</span> <span class='ocrx_word' id='word_1_534' title='bbox 3735 4539 3803 4598; x_wconf 84' lang='lat' dir='ltr'>et</span> 
     </span>
     <span class='ocr_line' id='line_1_90' title="bbox 2251 4638 3801 4733; baseline -0.004 -21"><span class='ocrx_word' id='word_1_535' title='bbox 2251 4645 2540 4712; x_wconf 79' lang='lat' dir='ltr'>l&#39;wmina·</span> <span class='ocrx_word' id='word_1_536' title='bbox 2574 4650 2723 4733; x_wconf 80' lang='lat' dir='ltr'>post</span> <span class='ocrx_word' id='word_1_537' title='bbox 2753 4639 3263 4733; x_wconf 87' lang='lat' dir='ltr'>quatuordecim</span> <span class='ocrx_word' id='word_1_538' title='bbox 3311 4638 3679 4728; x_wconf 87' lang='lat' dir='ltr'>concipere</span> <span class='ocrx_word' id='word_1_539' title='bbox 3736 4647 3801 4706; x_wconf 76' lang='lat' dir='ltr'>et</span> 
     </span>
     <span class='ocr_line' id='line_1_91' title="bbox 2253 4744 3800 4843; baseline -0.003 -26"><span class='ocrx_word' id='word_1_540' title='bbox 2253 4774 2511 4843; x_wconf 81' lang='lat' dir='ltr'>parere,</span> <span class='ocrx_word' id='word_1_541' title='bbox 2563 4757 2630 4818; x_wconf 87' lang='lat' dir='ltr'>et</span> <span class='ocrx_word' id='word_1_542' title='bbox 2669 4750 2736 4817; x_wconf 91' lang='lat' dir='ltr'>in</span> <span class='ocrx_word' id='word_1_543' title='bbox 2792 4757 2967 4816; x_wconf 86' lang='lat' dir='ltr'>statu</span> <span class='ocrx_word' id='word_1_544' title='bbox 2999 4747 3247 4815; x_wconf 72' lang='lat' dir='ltr'>virium</span> <span class='ocrx_word' id='word_1_545' title='bbox 3305 4755 3371 4814; x_wconf 86' lang='lat' dir='ltr'>et</span> <span class='ocrx_word' id='word_1_546' title='bbox 3399 4744 3800 4816; x_wconf 85' lang='lat' dir='ltr'>substantia·</span> 
     </span>
     <span class='ocr_line' id='line_1_92' title="bbox 2250 4853 3804 4948; baseline -0.004 -21"><span class='ocrx_word' id='word_1_547' title='bbox 2250 4861 2494 4929; x_wconf 89' lang='lat' dir='ltr'>durant</span> <span class='ocrx_word' id='word_1_548' title='bbox 2541 4880 2756 4948; x_wconf 87' lang='lat' dir='ltr'>usque</span> <span class='ocrx_word' id='word_1_549' title='bbox 2803 4856 2888 4924; x_wconf 90' lang='lat' dir='ltr'>ad</span> <span class='ocrx_word' id='word_1_550' title='bbox 2924 4866 3060 4925; x_wconf 82' lang='lat' dir='ltr'>tres</span> <span class='ocrx_word' id='word_1_551' title='bbox 3098 4877 3317 4923; x_wconf 81' lang='lat' dir='ltr'>annos</span> <span class='ocrx_word' id='word_1_552' title='bbox 3357 4877 3374 4923; x_wconf 75' lang='grc' dir='ltr'><strong><em>ε</em></strong></span> <span class='ocrx_word' id='word_1_553' title='bbox 3439 4863 3506 4923; x_wconf 91' lang='lat' dir='ltr'>et</span> <span class='ocrx_word' id='word_1_554' title='bbox 3554 4856 3622 4923; x_wconf 89' lang='lat' dir='ltr'>in</span> <span class='ocrx_word' id='word_1_555' title='bbox 3671 4853 3804 4921; x_wconf 87' lang='lat' dir='ltr'>hoc</span> 
     </span>
     <span class='ocr_line' id='line_1_93' title="bbox 2250 4962 3806 5057; baseline -0.002 -24"><span class='ocrx_word' id='word_1_556' title='bbox 2250 4976 2554 5057; x_wconf 87' lang='lat' dir='ltr'>tempore</span> <span class='ocrx_word' id='word_1_557' title='bbox 2593 4965 2923 5033; x_wconf 81' lang='lat' dir='ltr'>desiccato</span> <span class='ocrx_word' id='word_1_558' title='bbox 2950 4962 3294 5052; x_wconf 84' lang='lat' dir='ltr'>superfluo</span> <span class='ocrx_word' id='word_1_559' title='bbox 3325 4962 3615 5031; x_wconf 89' lang='lat' dir='ltr'>humore</span> <span class='ocrx_word' id='word_1_560' title='bbox 3646 4967 3806 5030; x_wconf 68' lang='lat' dir='ltr'>sunt</span> 
     </span>
     <span class='ocr_line' id='line_1_94' title="bbox 2254 5072 2752 5141; baseline -0.002 0"><span class='ocrx_word' id='word_1_561' title='bbox 2254 5073 2370 5141; x_wconf 87' lang='lat' dir='ltr'>tilii</span> <span class='ocrx_word' id='word_1_562' title='bbox 2413 5072 2752 5141; x_wconf 87' lang='lat' dir='ltr'>meliores.</span> 
     </span>
    </p>

    <p class='ocr_par' dir='ltr' id='par_1_7' title="bbox 2252 5174 3806 5805">
     <span class='ocr_line' id='line_1_95' title="bbox 2339 5174 3806 5257; baseline -0.001 -11"><span class='ocrx_word' id='word_1_563' title='bbox 2339 5180 2540 5249; x_wconf 67' lang='lat' dir='ltr'>(lanis</span> <span class='ocrx_word' id='word_1_564' title='bbox 2613 5189 2866 5257; x_wconf 88' lang='lat' dir='ltr'>autem,</span> <span class='ocrx_word' id='word_1_565' title='bbox 2952 5178 3127 5246; x_wconf 88' lang='lat' dir='ltr'>sicut</span> <span class='ocrx_word' id='word_1_566' title='bbox 3200 5178 3535 5255; x_wconf 86' lang='lat' dir='ltr'>diximus,</span> <span class='ocrx_word' id='word_1_567' title='bbox 3604 5174 3806 5245; x_wconf 81' lang='lat' dir='ltr'>saltat</span> 
     </span>
     <span class='ocr_line' id='line_1_96' title="bbox 2252 5283 3806 5379; baseline -0.001 -26"><span class='ocrx_word' id='word_1_568' title='bbox 2252 5287 2419 5355; x_wconf 81' lang='lat' dir='ltr'>forte</span> <span class='ocrx_word' id='word_1_569' title='bbox 2449 5294 2605 5379; x_wconf 85' lang='lat' dir='ltr'>post</span> <span class='ocrx_word' id='word_1_570' title='bbox 2633 5292 2787 5354; x_wconf 87' lang='lat' dir='ltr'>octo</span> <span class='ocrx_word' id='word_1_571' title='bbox 2838 5308 3131 5364; x_wconf 85' lang='lat' dir='ltr'>menses,</span> <span class='ocrx_word' id='word_1_572' title='bbox 3185 5283 3609 5375; x_wconf 88' lang='lat' dir='ltr'>frequentius</span> <span class='ocrx_word' id='word_1_573' title='bbox 3656 5294 3806 5374; x_wconf 85' lang='lat' dir='ltr'>post</span> 
     </span>
     <span class='ocr_line' id='line_1_97' title="bbox 2255 5391 3801 5463; baseline -0.001 -2"><span class='ocrx_word' id='word_1_574' title='bbox 2255 5420 2464 5463; x_wconf 70' lang='lat' dir='ltr'>ninum</span> <span class='ocrx_word' id='word_1_575' title='bbox 2525 5416 2780 5462; x_wconf 88' lang='lat' dir='ltr'>annum</span> <span class='ocrx_word' id='word_1_576' title='bbox 2850 5391 3197 5463; x_wconf 87' lang='lat' dir='ltr'>:masculi</span> <span class='ocrx_word' id='word_1_577' title='bbox 3257 5399 3493 5459; x_wconf 87' lang='lat' dir='ltr'>tamen</span> <span class='ocrx_word' id='word_1_578' title='bbox 3551 5414 3801 5460; x_wconf 90' lang='lat' dir='ltr'>canum</span> 
     </span>
     <span class='ocr_line' id='line_1_98' title="bbox 2256 5500 3801 5596; baseline -0.001 -26"><span class='ocrx_word' id='word_1_579' title='bbox 2256 5513 2524 5596; x_wconf 87' lang='lat' dir='ltr'>propter</span> <span class='ocrx_word' id='word_1_580' title='bbox 2551 5501 2844 5570; x_wconf 89' lang='lat' dir='ltr'>calorem</span> <span class='ocrx_word' id='word_1_581' title='bbox 2882 5500 3375 5592; x_wconf 83' lang='lat' dir='ltr'>complexionis</span> <span class='ocrx_word' id='word_1_582' title='bbox 3416 5508 3484 5568; x_wconf 87' lang='lat' dir='ltr'>et</span> <span class='ocrx_word' id='word_1_583' title='bbox 3537 5501 3801 5570; x_wconf 85' lang='lat' dir='ltr'>siccita-</span> 
     </span>
     <span class='ocr_line' id='line_1_99' title="bbox 2252 5606 3800 5680; baseline -0.003 0"><span class='ocrx_word' id='word_1_584' title='bbox 2252 5622 2388 5680; x_wconf 89' lang='lat' dir='ltr'>tem</span> <span class='ocrx_word' id='word_1_585' title='bbox 2429 5618 2791 5680; x_wconf 82' lang='lat' dir='ltr'>moventur</span> <span class='ocrx_word' id='word_1_586' title='bbox 2836 5609 2920 5677; x_wconf 81' lang='lat' dir='ltr'>ad</span> <span class='ocrx_word' id='word_1_587' title='bbox 2959 5607 3344 5678; x_wconf 83' lang='lat' dir='ltr'>coeundum</span> <span class='ocrx_word' id='word_1_588' title='bbox 3383 5616 3543 5676; x_wconf 73' lang='lat' dir='ltr'>ante</span> <span class='ocrx_word' id='word_1_589' title='bbox 3580 5606 3800 5677; x_wconf 82' lang='lat' dir='ltr'>foemi-</span> 
     </span>
     <span class='ocr_line' id='line_1_100' title="bbox 2258 5715 3801 5805; baseline -0.003 -19"><span class='ocrx_word' id='word_1_590' title='bbox 2258 5742 2402 5787; x_wconf 86' lang='lat' dir='ltr'>nas.</span> <span class='ocrx_word' id='word_1_591' title='bbox 2437 5718 2738 5786; x_wconf 81' lang='lat' dir='ltr'>Foemina</span> <span class='ocrx_word' id='word_1_592' title='bbox 2783 5723 3012 5785; x_wconf 86' lang='lat' dir='ltr'>autem</span> <span class='ocrx_word' id='word_1_593' title='bbox 3061 5737 3104 5782; x_wconf 83' lang='lat' dir='ltr'>a</span> <span class='ocrx_word' id='word_1_594' title='bbox 3138 5722 3446 5805; x_wconf 87' lang='lat' dir='ltr'>tempore</span> <span class='ocrx_word' id='word_1_595' title='bbox 3486 5715 3801 5805; x_wconf 65' lang='lat' dir='ltr'>impreg-</span> 
     </span>
    </p>
   </div>
  </div>
 </body>
</html>
