4919 6371
588 380 723 451 546

588 555 739 625 lum
808 546 1120 621 matricis
1178 546 1252 616 in
1337 546 1533 642 quod
1609 548 1894 640 ejiciant
1948 547 2211 642 ipsum,

592 662 786 760 quod
862 657 1243 731 conveniat
1299 667 1382 729 ut
1450 661 1523 731 in
1603 662 1839 756 ipsum
1900 659 2219 751 ejiciatur

592 798 900 871 sperma.
941 771 1125 844 Aliae
1167 783 1407 845 autem
1451 774 1867 845 animalium
1913 772 2219 843 l'oeminae

592 888 952 985 projicunt
979 888 1055 959 in
1085 886 1351 959 collum
1383 912 1529 959 suae
1572 888 1885 960 matricis
1920 910 1936 955 :
2004 892 2075 956 et
2130 908 2220 953 ex

593 1002 718 1074 illo
776 1001 1119 1097 paulatim
1159 1002 1429 1086 effluit,
1502 1009 1571 1072 et
1620 1024 1766 1071 non
1835 1020 2220 1093 congrega-

596 1124 739 1187 tur.

687 1228 1018 1324 Amplius
1117 1235 1359 1297 autem
1466 1247 1698 1295 mares
1800 1221 2216 1293 animalium

598 1341 884 1439 quando
925 1363 1073 1412 non
1101 1338 1371 1409 habent
1417 1337 1783 1409 foeminam
1842 1360 2006 1408 cum
2075 1359 2218 1430 qua

598 1462 874 1536 coeant,
920 1460 990 1523 et
1016 1451 1281 1522 suntin
1311 1450 1591 1523 fervore
1617 1450 1954 1533 libidinis,
2028 1472 2216 1544 saepe

595 1568 980 1665 projiciunt
1007 1587 1291 1659 sperma
1320 1589 1537 1662 super
1572 1574 1860 1648 terram,
1888 1573 2214 1636 ettamen

594 1678 772 1750 illud
807 1701 974 1750 vere
1013 1686 1119 1750 est
1147 1701 1454 1772 sperma.
1502 1678 1585 1749 In
1642 1678 2215 1774 quadrupedibus

597 1793 789 1864 enim
856 1791 1166 1864 foeminis
1230 1793 1593 1864 invenitur
1658 1791 1858 1865 locus
1915 1792 2215 1864 coeundi

599 1905 1037 1977 extrinsecus
1067 1904 1188 2001 qui
1220 1913 1329 1977 est
1382 1903 1649 1976 vulva:
1722 1913 1792 1976 et
1841 1904 1958 1976 ille
2017 1904 2216 1976 locus

603 2019 1158 2089 conveniensest
1220 2018 1602 2110 spermatis
1662 2018 2072 2112 receptioni,
2146 2024 2217 2086 et

600 2132 675 2201 in
706 2129 908 2201 illum
939 2130 1177 2200 locum
1216 2130 1407 2222 ejicit
1445 2153 1728 2226 sperma
1783 2154 1993 2202 suum
2062 2154 2217 2201 mas

602 2242 888 2339 quando
918 2244 1061 2314 coit
1098 2242 1312 2312 simul
1369 2251 1440 2314 et
1506 2242 1819 2314 l'oemina.
1894 2244 1981 2314 Et
2048 2245 2217 2339 quia

592 2356 1001 2452 frequenter
1030 2356 1103 2426 in
1141 2354 1301 2426 loco
1332 2355 1457 2427 illo
1489 2365 1658 2428 sunt
1692 2356 1849 2428 aliae
1907 2354 2218 2429 humidi-

590 2477 795 2552 tateS,
832 2469 992 2541 ideo
1013 2476 1370 2565 spermata
1398 2469 1803 2567 frequenter
1825 2470 2217 2543 admiscen-

589 2590 706 2653 tur
743 2606 905 2655 cum
938 2584 1091 2654 eis:
1141 2584 1237 2654 ita
1297 2581 1492 2679 quod
1548 2583 1928 2679 aliquando
2000 2585 2212 2656 etiam

586 2704 835 2768 natant
863 2697 936 2766 in
997 2697 1227 2766 urina.
1282 2696 1563 2768 Gallina
1629 2706 1867 2770 autem
1926 2706 1996 2770 et
2054 2698 2211 2770 aliae

586 2834 755 2881 aves
815 2808 1162 2903 recipiunt
1230 2818 1592 2905 spermata
1678 2811 1753 2881 in
1842 2813 2208 2882 matricem

587 2946 817 3005 suam,
893 2931 963 2993 et
1039 2946 1186 2992 non
1255 2921 1524 2994 habent
1589 2922 2001 3017 hujusmodi
2053 2924 2210 2997 loca

589 3045 813 3120 extra,
852 3042 921 3106 et
950 3045 1309 3130 receptum
1370 3038 1444 3107 in
1512 3039 1878 3109 matricem
1946 3037 2209 3109 calefa-

591 3150 786 3222 ciunt
823 3171 840 3219 :
874 3155 944 3219 et
1001 3150 1058 3218 si
1119 3170 1403 3243 sperma
1479 3148 1692 3221 fuerit
1756 3173 1845 3223 ex
1902 3159 2207 3249 utroque

590 3284 784 3332 mare
825 3268 895 3331 et
960 3261 1276 3345 immina,
1326 3261 1794 3357 pullifioabit:
1848 3264 1907 3334 si
1967 3274 2204 3336 autem

592 3398 734 3446 non
768 3397 856 3444 ex
887 3382 1189 3468 utroque
1238 3373 1471 3457 suerit,
1545 3399 1688 3446 non
1759 3375 2197 3470 pullilicabit.

1628 366 1716 438 D.
1774 366 1978 439 ALB.
2033 361 2260 436 MAG.
2318 360 2536 435 ORD.
2594 364 2907 437 PRAED.

2909 1448 3216 1522 CAPUT
3265 1447 3391 1517 IV.

2326 2262 2425 2330 De
2475 2260 2982 2355 impedimento
3022 2263 3531 2355 qmzerationis,
3595 2264 3797 2358 quod
3861 2275 3964 2336 est

2654 2372 2848 2445 mola
2898 2375 3210 2446 matricis
3253 2386 3615 2446 vocatum.

2414 3258 2537 3330 Est
2575 3267 2816 3330 autem
2859 3259 3395 3354 inquirendum,
3467 3269 3712 3332 utrum
3785 3285 3952 3331 mu-

2318 3377 2527 3446 lieres
2558 3373 2797 3444 dicant
2835 3397 3088 3444 verum
3129 3376 3202 3445 in
3273 3398 3358 3445 eo
3419 3376 3613 3471 quod
3673 3376 3945 3460 dicunt,

2318 3489 2512 3586 quod
2541 3511 2735 3585 saepe
2764 3496 2927 3584 post
2981 3488 3455 3585 pollutionem
3524 3491 3598 3562 in
3659 3491 3948 3562 somnio

2319 3603 2605 3683 factam,
2643 3601 2717 3672 in
2755 3601 3003 3697 vigilia
3033 3625 3107 3674 se
3143 3603 3528 3674 inveniunt
3574 3603 3801 3675 siccas
3878 3603 3952 3672 in

2320 3713 2753 3812 genitalibus
2782 3714 3063 3793 nullum
3094 3714 3477 3788 humorem
3509 3714 3609 3787 ibi
3649 3717 3961 3788 sentien-

2320 3838 2450 3900 tes.
2502 3826 2580 3900 Si
2622 3828 2817 3899 enim
2885 3827 3240 3924 contingit
3293 3826 3713 3925 aliquandO.
3787 3838 3961 3901 tunc

2324 3949 2575 4014 notum
2607 3947 2715 4012 est
2745 3963 2875 4035 pro
2917 3947 3138 4028 certo,
3183 3940 3379 4036 quod
3411 3943 3676 4013 matrix
3724 3964 3814 4012 ex
3848 3940 3959 4012 sui

2321 4051 2678 4127 caliditate
2712 4060 2781 4124 et
2810 4052 3126 4124 siccitate
3165 4055 3457 4124 attraxit
3499 4054 3762 4149 ipsum,
3818 4054 3962 4123 sic-

2322 4178 2399 4238 ut
2431 4164 2726 4238 attrahit
2781 4164 3071 4261 quando
3129 4164 3486 4238 adunatur
3540 4189 3708 4238 cum
3759 4187 3955 4261 sper-

2320 4287 2511 4352 mate
2550 4278 2686 4350 viri
2732 4301 2749 4349 :
2785 4278 3074 4350 divisim
3105 4279 3296 4349 enim
3329 4279 3584 4351 accidit
3609 4277 3966 4351 attrahere

2319 4401 2620 4488 utraque
2669 4399 3054 4487 spermata,
3116 4392 3301 4463 sicut
3376 4392 3706 4488 superius
3774 4387 3964 4462 dixi-

2320 4527 2508 4575 mus.
2554 4501 2833 4574 Accidit
2862 4502 3126 4574 etenim
3158 4499 3295 4574 hoc
3328 4501 3762 4599 quibusdam
3804 4526 3966 4573 mu-

2320 4615 2640 4698 lieribus,
2687 4612 2882 4711 quod
2920 4623 3086 4712 post
3121 4615 3394 4688 coitum
3426 4618 3563 4688 viri
3627 4640 3773 4689 non
3808 4625 3964 4688 tra-

2320 4731 2502 4803 hunt
2527 4730 2668 4801 nisi
2706 4750 2993 4823 sperma
3020 4729 3182 4813 viri,
3237 4737 3305 4800 et
3372 4739 3632 4826 putant
3684 4753 3776 4802 ex
3826 4727 3966 4800 hoc

2320 4845 2539 4942 longo
2580 4852 2931 4938 tempore,
2994 4842 3188 4938 quod
3254 4842 3399 4914 sint
3465 4842 3960 4939 impraegnatae

2319 4955 2609 5053 quando
2641 4956 2905 5027 matrix
2937 4954 3182 5027 clausa
3229 4961 3340 5027 est
3393 4979 3612 5050 super
3675 4976 3966 5051 sperma

2319 5077 2727 5153 attractum,
2775 5077 2848 5140 et
2934 5069 3007 5138 in
3084 5067 3381 5139 veritate
3449 5067 3826 5164 patiuntur
3893 5065 3967 5138 id

2319 5180 2513 5279 quod
2544 5180 2787 5253 Graece
2832 5179 3086 5263 melin,
3132 5178 3382 5252 Latine
3452 5189 3694 5255 autem
3761 5179 3964 5252 mola

2319 5296 2642 5367 matricis
2671 5301 2998 5367 vocatur.
3042 5291 3217 5364 Visa
3249 5302 3357 5366 est
3397 5295 3593 5366 enim
3671 5291 3960 5379 mulier,

2318 5434 2480 5508 quae
2511 5432 2676 5482 cum
2707 5408 2866 5480 viro
2897 5408 3141 5492 coivit,
3194 5417 3267 5480 et
3327 5410 3610 5505 putavit
3681 5431 3759 5479 se
3820 5409 3967 5479 im-

2316 5533 2759 5624 praegnatam
2790 5546 2974 5614 esse,
3019 5548 3106 5598 eo
3138 5523 3335 5621 quod
3384 5533 3631 5597 tumor
3685 5523 3964 5597 ventris

2316 5641 2471 5736 ejus
2502 5638 2704 5711 omni
2753 5635 2868 5708 die
2919 5635 3521 5734 augmentabatur
3564 5660 3581 5707 ε
3648 5645 3722 5710 et
3795 5659 3960 5708 cum

2316 5749 2640 5848 pervenit
2667 5746 2759 5821 ad
2796 5756 3082 5844 tempus
3130 5756 3404 5847 partus,
3467 5773 3617 5822 non
3682 5748 3964 5845 peperit

2313 5887 2447 5937 nec
2483 5860 2798 5936 decrevit
2827 5869 3094 5948 tumor,
3136 5868 3208 5934 et
3254 5862 3356 5934 ita
3407 5863 3757 5936 remansit
3823 5883 3956 5957 per

2312 5987 2454 6051 tres
2484 5984 2610 6050 aut
2639 5980 2949 6073 quatuor
2971 5979 3201 6047 annos
3237 5999 3256 6049 ε
3299 5985 3372 6051 et
3399 5986 3652 6074 postea
3698 5972 3953 6049 accidit
