4919 6371
647 352 776 418 252

641 521 804 597 atio,
840 526 1066 584 tamen
1097 513 1237 578 haec
1269 534 1405 577 non
1437 516 1536 576 est
1567 510 1634 574 in
1676 510 1821 598 ipso
1856 509 1982 575 nisi
2023 510 2193 576 sieut

641 624 922 692 confusa
965 618 1308 686 inchoatio
1352 618 1582 684 lormae
1624 625 1724 684 est
1780 616 1849 683 in
1880 619 2184 693 materia,

639 739 703 797 et
735 729 887 796 ideo
917 725 1291 795 secundum
1323 727 1664 815 passivam
1695 725 2065 815 potentiam
2090 734 2190 792 est

639 837 709 901 in
741 835 911 923 ipso,
950 839 1016 901 et
1045 855 1184 900 non
1214 832 1587 900 secundum
1620 832 1935 898 activam.

729 943 877 1012 Hoc
903 943 1073 1011 vidit
1122 941 1547 1033 Pythagoras
1575 939 1876 1014 confuse,
1920 935 2189 1026 quando

640 1051 712 1117 in
753 1050 883 1120 alia
920 1049 1193 1142 systicia
1233 1048 1720 1139 principiorum
1764 1050 2019 1108 naturae
2056 1062 2189 1129 po-

638 1163 775 1227 suit
802 1157 1208 1233 masculum,
1244 1163 1311 1222 et
1339 1156 1407 1219 in
1448 1156 1575 1219 alia
1609 1150 1979 1216 foeminam.
2025 1146 2188 1213 Haec

636 1270 842 1338 etiam
901 1274 1004 1336 est
1043 1286 1272 1340 causa,
1308 1259 1490 1351 quod
1538 1256 1992 1347 antiquissimi
2029 1255 2191 1322 Ari-

637 1374 896 1442 stotelis
940 1366 1278 1458 discipuli,
1336 1367 1509 1434 sicut
1560 1361 2066 1453 Theophrastus
2124 1369 2188 1429 et

635 1477 1083 1569 Porphyriu5‚
1137 1474 1594 1542 distinxerunt
1651 1472 1826 1540 inter
1866 1472 2182 1539 virtutem

630 1588 1140 1655 informativam
1170 1591 1237 1652 et
1263 1585 1581 1652 virtutem
1604 1581 2058 1657 formativam,
2084 1579 2182 1645 di·

633 1703 862 1764 centes
881 1694 1063 1788 quod
1085 1695 1301 1761 virtus
1336 1691 1794 1766 inl'ortimava,
1832 1687 1976 1753 sive
2003 1685 2185 1775 quod

628 1806 872 1875 melius
902 1806 1169 1878 dicitur.
1206 1797 1680 1876 informabilis,
1713 1804 1815 1863 est
1858 1795 2072 1863 virtus
2113 1795 2180 1860 in

625 1937 763 2005 qua
808 1914 1028 1982 forma
1086 1911 1444 1985 formatur,
1502 1915 1572 1975 et
1621 1914 1720 1973 est
1760 1906 1828 1970 in
1869 1905 2173 1970 materia.

625 2022 873 2088 Forma
912 2029 1141 2088 autem
1183 2015 1557 2084 secundum
1588 2035 1659 2080 se
1712 2010 1915 2078 habet
1954 2011 2177 2076 virtu-

623 2136 762 2195 tem
793 2126 1228 2195 formativam
1278 2123 1421 2191 sive
1471 2122 1836 2188 formatam
1872 2140 1886 2184 ε
1924 2125 1990 2184 et
2033 2117 2177 2183 for-

625 2237 950 2303 mativam
984 2230 1261 2323 quidem
1304 2229 1635 2297 dederunt
1688 2226 2008 2315 spermati
2035 2246 2173 2291 ma-

620 2340 814 2420 sculi,
841 2339 1349 2409 informativam
1372 2344 1598 2404 autem
1621 2332 1951 2400 dederunt
1980 2353 2172 2421 sper-

618 2451 784 2518 mati
818 2450 1109 2519 l'oeminae
1151 2469 1168 2514 ε
1221 2468 1377 2514 cum
1426 2453 1654 2514 tamen
1712 2450 1997 2530 utraque
2042 2438 2171 2508 ha-

619 2555 775 2625 beat
829 2556 1148 2632 tonnam,
1203 2552 1316 2620 sed
1377 2573 1516 2618 una
1581 2546 2168 2616 determinativam

619 2673 933 2756 agentem
965 2687 1089 2753 per
1125 2659 1419 2751 speciem
1479 2679 1699 2733 suam,
1744 2653 1877 2721 alia
1940 2662 2167 2720 autem

620 2770 789 2839 nihil
829 2772 1113 2839 omnino
1153 2767 1267 2834 dat
1298 2764 1595 2832 materia}
1647 2761 1773 2828 nisi
1815 2759 1945 2828 hoe
1985 2758 2167 2850 quod

617 2905 704 2948 ex
763 2881 908 2970 ipsa
963 2878 1099 2946 hoc
1153 2875 1337 2966 quod
1379 2873 1715 2940 formatur
1756 2869 1966 2960 possit
2022 2868 2165 2936 lieri

617 2987 919 3079 potentia
967 2983 1279 3053 ordinata
1335 2989 1400 3048 et
1454 2975 1794 3047 inchoata.
1839 2975 1922 3042 Et
1966 2975 2167 3064 hujus

615 3095 1008 3187 exemplum
1049 3093 1387 3182 optimum
1418 3095 1521 3155 est
1566 3085 1633 3152 in
1676 3083 2007 3174 exemplis
2036 3083 2168 3174 Py-

618 3203 948 3295 thagorae,
983 3200 1100 3293 qui
1131 3221 1287 3266 cum
1319 3193 1626 3264 masculo
1668 3193 2020 3283 conjungit
2049 3190 2168 3259 bo·

618 3333 783 3379 num
824 3317 889 3377 et
919 3306 1351 3399 quadratum,
1401 3324 1559 3372 cum
1607 3300 1885 3368 l'oemina
1939 3308 2164 3366 autem

617 3417 874 3485 malum
903 3425 970 3484 et
1006 3413 1221 3482 altera
1255 3419 1443 3503 parte
1502 3407 1775 3498 longius
1821 3405 2167 3497 quadran-

607 3523 876 3614 gulum.
938 3519 1200 3590 Malum
1241 3516 1424 3585 enim
1477 3537 1603 3584 nec
1659 3512 1917 3581 malum
1962 3521 2160 3588 esset,

609 3631 739 3699 nisi
773 3653 893 3722 per
920 3624 1178 3718 aliquid
1212 3624 1373 3692 boni
1407 3620 1589 3714 quod
1629 3628 1726 3689 est
1757 3642 2067 3710 sparsum
2098 3628 2163 3686 et

605 3738 964 3806 confusum
1005 3742 1071 3802 et
1131 3732 1416 3801 omnino
1455 3728 1926 3819 imperfectum
1968 3728 2036 3794 in
2068 3727 2165 3817 ip·

605 3867 709 3922 so,
761 3852 829 3914 et
866 3841 1206 3934 praecipue
1254 3836 1632 3905 secundum
1676 3833 1864 3926 quod
1905 3832 2160 3900 malum

606 3950 811 4019 hahet
842 3950 1175 4017 rationem
1200 3944 1439 4035 turpis.
1477 3940 1814 4010 Similiter
1839 3949 2065 4008 autem
2098 3949 2163 4009 et

601 4057 812 4126 altera
866 4063 1056 4147 parte
1104 4052 1378 4143 longius
1438 4047 2158 4142 parallelogrammum

599 4188 739 4236 non
768 4163 970 4233 habet
1019 4157 1614 4254 quadrilateralem
1667 4155 1985 4247 liguram,
2031 4156 2156 4222 nisi

599 4295 722 4366 per
794 4268 1050 4362 aliquid
1116 4267 1430 4358 quadrati
1499 4262 1684 4356 quod
1751 4270 1852 4329 est
1893 4263 1961 4330 in
2015 4263 2158 4354 ipsa

598 4380 960 4451 confusum
990 4386 1057 4448 et
1099 4373 1572 4467 imperfectum
1615 4380 1678 4439 vt
1730 4372 2151 4439 distractum.

602 4490 801 4558 Ratio
851 4498 1082 4556 tamt-n
1113 4507 1248 4577 qua
1281 4482 1538 4551 nuatum
1582 4480 1656 4548 tit
1695 4478 1981 4554 bonum,
2017 4487 2157 4546 tota

600 4598 820 4666 estin
873 4594 1059 4663 bono
1094 4615 1110 4660 ε
1146 4602 1215 4661 et
1280 4592 1453 4660 ratio
1510 4612 1645 4680 qua
1702 4587 1913 4656 altera
1969 4595 2154 4679 part«-

595 4704 871 4796 longius
907 4700 1254 4773 reducitur
1279 4699 1366 4767 ad
1404 4696 1841 4789 quadratum,
1887 4703 2027 4762 tota
2056 4703 2156 4762 est

598 4815 665 4882 in
697 4811 1055 4905 quadrato.
1101 4807 1215 4877 Sie
1256 4808 1464 4899 igitur
1509 4804 1799 4873 dicimus
1846 4804 2156 4894 aequivo-

596 4944 673 4989 ce
711 4920 845 4990 dici
875 4938 1129 4988 nomen
1168 4914 1527 5007 spermatis
1556 4912 1639 4979 de
1673 4908 1938 4978 duobus
1974 4933 2156 5001 sper-

598 5025 920 5096 ruatibus.

685 5152 772 5220 Et
817 5158 921 5220 est
971 5149 1226 5216 mirum
1271 5146 1354 5214 de
1407 5144 1744 5213 Platone:
1806 5143 1966 5235 quia
2020 5142 2153 5214 hoc

592 5259 962 5352 aliquando
990 5258 1274 5327 confuse
1312 5254 1507 5330 vidit,
1542 5260 1610 5320 et
1641 5262 1877 5343 postea
1906 5253 2009 5320 sui
2041 5253 2151 5319 di-

589 5366 680 5435 cti
751 5365 1005 5434 oblitus
1061 5362 1195 5431 hoc
1268 5363 1515 5430 iterum
1587 5360 1885 5449 negavit.
1965 5359 2145 5426 Dixit

593 5474 778 5541 enim
808 5471 1005 5540 Plato
1034 5470 1291 5539 formas
1338 5472 1682 5558 separatas
1733 5465 1805 5532 in
1843 5465 2153 5555 sigillan-

594 5579 685 5648 do
701 5578 1019 5647 materias
1051 5576 1357 5645 diversas
1385 5597 1457 5643 se
1488 5571 1767 5660 habere,
1808 5572 1982 5640 sicut
2009 5596 2151 5641 ma-

593 5687 824 5759 sculus
852 5707 924 5755 se
954 5681 1164 5754 habet
1208 5682 1295 5751 ad
1322 5680 1700 5749 foeminam.
1746 5678 1938 5748 Unus
1966 5680 2148 5748 enim

1599 339 1683 405 D.
1736 338 1935 405 ALB.
1988 336 2200 405 MAG.
2257 336 2459 405 ORD.
2516 341 2810 411 PRAED.

2299 516 2634 582 masculus
2692 516 2940 582 multas
2992 515 3226 605 implet
3272 515 3612 593 foeminaS,
3669 517 3842 582 sicut

2297 620 2530 688 forma}
2570 631 2889 712 separatae
2924 624 3175 692 eaedem
3210 633 3563 690 manentes
3596 622 3842 689 multas

2296 729 2577 818 implent
2600 733 2937 809 materiaS,
2983 732 3169 821 quod
3207 730 3377 798 nihil
3421 732 3699 800 omnino
3731 754 3844 798 es-

2294 844 2394 901 set
2447 837 2651 913 dictu,
2698 839 2823 903 nisi
2881 839 3183 905 crederet
3219 848 3433 906 totam
3495 837 3843 929 impletio-

2293 962 2445 1006 nem
2478 941 2768 1007 foeminae
2808 966 2954 1010 esse
3004 945 3221 1011 active
3265 945 3331 1011 in
3364 945 3667 1012 masculo
3713 968 3727 1011 :
3775 953 3841 1012 et

2293 1054 2513 1112 tamen
2573 1056 2803 1137 postea
2868 1049 3000 1116 hoc
3058 1072 3316 1140 negans
3374 1053 3546 1120 dixit
3594 1052 3839 1120 collam

2292 1175 2439 1244 quae
2466 1153 2707 1243 qluten
2736 1165 3042 1235 vocatur,
3087 1180 3232 1225 esse
3262 1160 3713 1228 sufficientem
3753 1160 3837 1226 ad

2289 1264 2744 1352 generationis
2796 1267 3151 1331 materiam
3207 1273 3274 1333 et
3339 1268 3833 1356 operationem,

2291 1371 2670 1461 intelligens
2699 1372 2944 1440 collam
2977 1396 3122 1440 esse
3173 1374 3528 1442 materiam
3562 1376 3837 1464 genitu-

2291 1499 2376 1543 rae
2407 1478 2477 1543 in
2516 1500 2649 1567 qua
2690 1478 2761 1544 lit
2796 1480 3011 1546 virtus
3042 1480 3481 1569 operationis.

2374 1582 2571 1660 Quod
2630 1594 2853 1652 autem
2911 1585 2992 1652 de
3051 1587 3262 1653 stellis
3320 1586 3661 1675 objicitur,
3697 1610 3837 1656 non

2286 1694 2512 1780 magni
2554 1701 2652 1758 est
2684 1695 3035 1760 momenti.
3101 1693 3333 1762 Stellae
3366 1697 3546 1762 enim
3582 1694 3837 1764 habent

2282 1798 2562 1866 virtutes
2592 1823 3014 1881 communes,
3049 1810 3117 1870 et
3148 1804 3434 1871 virtutes
3486 1802 3833 1871 excellen-

2283 1914 2420 1972 tes:
2455 1916 2519 1974 et
2559 1909 3042 1977 excellentibus
3063 1911 3432 1979 virtutibus
3461 1910 3832 2002 aliquando

2280 2013 2738 2103 impediuntur
2791 2018 3073 2086 virtutes
3138 2020 3584 2109 particulares
3643 2019 3821 2087 infe-

2276 2121 2508 2199 riores,
2555 2134 2618 2191 et
2682 2136 3046 2216 operantur
3102 2127 3415 2217 quaedam
3481 2128 3814 2218 prodigia.

2277 2225 2410 2294 Sed
2459 2253 2581 2295 nos
2611 2229 2955 2321 loquimur
3009 2232 3091 2298 de
3157 2234 3413 2302 virtute
3470 2234 3819 2301 communi

2272 2338 2653 2424 particulari
2696 2363 2831 2407 non
2891 2340 3256 2409 universali
3325 2343 3717 2431 operativa:
3753 2348 3818 2409 et

2277 2443 2426 2511 ideo
2485 2445 2792 2524 dicimus,
2863 2448 3047 2539 quod
3124 2456 3342 2517 mater
3380 2447 3570 2516 nullo
3612 2448 3816 2515 modo

2273 2552 2358 2619 sit
2413 2554 2819 2644 principium
2885 2558 3371 2647 generationis.
3454 2556 3575 2623 Est
3636 2559 3817 2625 enim

2269 2660 2673 2751 principium
2704 2665 2877 2732 sieut
2919 2665 3200 2731 materia
3252 2665 3317 2731 in
3359 2687 3497 2756 qua
3533 2673 3633 2733 est
3672 2664 3819 2731 for-

2271 2790 2380 2833 ma
2451 2792 2567 2858 per
2631 2773 3079 2861 aptitudinem
3147 2779 3215 2841 et
3281 2771 3811 2850 inchoationem,

2269 2874 2383 2942 sed
2425 2900 2561 2944 non
2612 2902 2728 2968 per
2755 2880 3085 2948 efficiendi
3116 2889 3548 2971 potestatem.

2369 2985 2479 3053 Sit·
2548 2988 2751 3074 igitur
2814 2987 3264 3055 determinato
3305 2986 3387 3055 de
3441 2998 3806 3077 spermate,

2270 3097 2555 3163 divimus
2620 3093 2800 3184 quod
2873 3117 3139 3185 sperma
3206 3096 3413 3160 maris
3479 3104 3579 3162 est
3645 3096 3815 3162 sicut

2269 3213 2585 3296 operator
2621 3211 2685 3269 et
2722 3203 2984 3282 artilex,
3032 3226 3303 3294 sperma
3342 3213 3571 3270 autem
3602 3203 3817 3271 l'oemi-

2271 3338 2372 3380 na·
2431 3314 2598 3379 sicul
2659 3320 3009 3402 operatum
3077 3319 3141 3377 ot
3190 3312 3676 3380 artiliclalum:
3747 3322 3815 3381 et

2268 3427 2436 3490 sie-ut
2477 3424 2716 3489 artilex
2753 3445 2872 3512 per
2909 3445 2980 3489 se
3034 3443 3326 3512 operans
3375 3422 3628 3489 inducit
3667 3421 3812 3489 l'or-

2270 3556 2446 3597 man.
2483 3531 2769 3595 .-;...;2.·m
2800 3529 2927 3595 arti
2970 3550 3179 3619 quam
3219 3525 3428 3597 habet
3458 3531 3528 3597 in
3558 3530 3806 3620 seipso,

2268 3641 2361 3706 ita
2407 3659 2675 3728 sperma
2738 3637 2943 3705 maris
2998 3657 3268 3726 semper
3325 3635 3616 3705 intendit
3666 3635 3812 3703 l'or-

2267 3768 2446 3813 mam
2478 3742 2769 3811 similem
2811 3742 3046 3810 formai
3093 3743 3303 3810 maris
3368 3764 3520 3833 quoe
3576 3750 3679 3809 est
3741 3744 3810 3810 in

2267 3853 2453 3943 ipso:
2490 3858 2763 3942 propter
2791 3850 2971 3942 quod
3006 3852 3062 3917 si
3109 3849 3332 3919 forma
3388 3850 3682 3919 l'oeminoe
3711 3850 3812 3918 in-

2264 3960 2571 4036 dueatur,
2603 3961 2729 4027 erit
2783 3956 2913 4026 hoc
2946 3967 3224 4048 propter
3276 3957 3558 4047 aliquod
3600 3960 3815 4047 impe-

2262 4067 2638 4134 dimentum
2679 4065 3001 4143 materiae,
3033 4070 3102 4132 et
3138 4087 3279 4132 non
3322 4062 3405 4131 de
3438 4064 3811 4133 intentione

2263 4182 2520 4240 naturae
2558 4174 2897 4261 operantis
2932 4194 2948 4240 ε
2981 4180 3044 4239 et
3087 4168 3241 4239 ideo
3272 4193 3650 4262 numquam
3683 4171 3813 4240 ἰω-

2263 4280 2444 4345 mina
2513 4278 2849 4345 inducitur
2901 4300 3022 4367 per
3084 4277 3536 4345 intentionem
3605 4275 3809 4369 hujus

2261 4396 2541 4463 naturai,
2592 4384 2707 4452 sed
2773 4408 2893 4475 per
2940 4384 3369 4452 occasionem
3441 4386 3740 4453 materia¹
3785 4409 3801 4454 :

2259 4494 2739 4585 propterquod
2770 4493 2930 4561 «licit
2988 4492 3416 4566 Aristoteles,
3452 4493 3636 4585 quod
3677 4494 3806 4561 fn·-

2259 4602 2442 4670 mina
2497 4601 2889 4669 naturaliter
2940 4608 3042 4667 est
3085 4624 3233 4667 mas
3303 4601 3801 4680 occasionatus,

2255 4710 2423 4776 sicut
2462 4707 2821 4775 diminutio
2852 4707 3068 4798 quinti
3118 4705 3313 4796 digiti
3349 4706 3416 4775 in
3450 4729 3657 4776 manu
3698 4708 3806 4775 fa-

2257 4828 2366 4884 cta
2424 4818 2530 4885 vel
2611 4815 2939 4907 paralysis
3016 4816 3083 4884 in
3149 4815 3461 4884 nieinhru
3519 4826 3618 4884 est
3688 4841 3808 4907 per

2256 4926 2683 4993 occasionem
2750 4924 3033 5012 alicujus
3105 4924 3418 5015 principii
3478 4924 3807 4994 delicien-

2255 5036 2365 5101 tis.

2343 5142 2538 5210 Errat
2565 5151 2793 5210 autem
2820 5141 3175 5209 Avicenna
3203 5138 3315 5208 hic
3353 5163 3583 5208 errore
3623 5141 3810 5209 into-

2256 5249 2515 5318 lerabili
2544 5271 2560 5316 ε
2615 5249 2934 5339 quoniam
2982 5246 3167 5324 dicit,
3203 5246 3388 5335 quod
3420 5247 3592 5315 sicut
3625 5272 3808 5339 sper-

2253 5380 2361 5425 ma
2398 5356 2601 5423 maris
2621 5364 2714 5422 est
2750 5353 3207 5446 operatorium
3238 5355 3473 5430 maris,
3503 5354 3591 5421 ita
3622 5379 3805 5446 sper-

2255 5490 2363 5533 ma
2419 5465 2713 5532 roeminae
2770 5473 2870 5533 est
2941 5462 3407 5552 operatorium
3449 5462 3795 5533 soeminoe:

2252 5583 2315 5642 et
2354 5575 2446 5640 sic
2480 5574 2789 5664 quamvis
2816 5573 2903 5639 sit
2933 5578 3178 5662 praetor
3206 5570 3653 5642 intentionem
3684 5597 3800 5641 na·

2253 5690 2419 5750 turoe
2449 5678 2672 5771 quoad
2711 5700 2980 5769 sperma
3016 5677 3173 5755 viri,
3215 5700 3358 5746 non
3388 5687 3617 5748 tamen
3675 5680 3801 5749 ruit
