4919 6371
595 423 720 489 396

588 589 860 655 vident:
898 583 1167 673 quando
1199 592 1428 650 autem
1478 584 1596 651 lux
1663 598 2148 678 augmentatur

594 699 659 762 in
699 701 847 759 ortu
887 691 1071 769 soliS,
1105 690 1362 758 vident.

675 799 914 867 Adhuc
943 808 1171 867 autem
1207 824 1587 893 numquam
1622 807 1937 894 apparuit
1966 802 2144 871 insir'·

593 910 790 974 mitas
843 908 1308 997 pestilentialis
1352 913 1421 978 in
1478 911 1780 1002 piscibus
1847 912 2022 977 sicut
2078 913 2145 976 in

590 1015 1002 1096 hominibu5‚
1046 1027 1112 1086 et
1166 1020 1237 1086 in
1277 1019 1621 1110 aliquibus
1659 1019 1812 1087 aliis
1842 1019 2146 1110 quadru-

590 1122 871 1213 pedibus
915 1135 1028 1194 :et
1058 1125 1189 1194 hoc
1238 1128 1601 1216 contingit,
1665 1130 1824 1217 quia
1871 1136 2147 1218 propter

590 1238 843 1297 naturae
872 1230 1229 1299 humorem
1261 1253 1556 1320 aqueum
1607 1240 1672 1296 et
1704 1230 2147 1299 habitationis

588 1334 942 1405 humorem
973 1348 1038 1404 et
1076 1337 1514 1427 frigiditatem
1548 1338 1886 1406 actualem
1918 1341 2146 1407 conti-

586 1455 858 1515 nentem
895 1469 1176 1537 corpora
1225 1469 1464 1515 eorum
1513 1449 1958 1526 extrinsecus,
2004 1472 2145 1517 non

588 1560 867 1644 possunt
929 1556 1021 1621 ita
1068 1555 1546 1624 universaliter
1609 1558 1764 1626 acui
1818 1556 2145 1625 humores

587 1684 946 1752 corporum
975 1663 1264 1753 piscium
1294 1665 1470 1733 sicut
1515 1673 1858 1734 acuuntur
1886 1665 2146 1734 humo-

588 1792 691 1836 res
720 1768 1115 1838 animalium
1157 1772 1520 1839 sicciorum
1569 1779 1637 1840 et
1683 1772 2087 1841 calidiorum
2123 1795 2138 1839 ε

588 1878 833 1970 quibus
870 1881 1075 1948 etiam
1123 1880 1311 1949 calor
1353 1882 1802 1950 circumstans
1860 1892 1928 1951 et
1956 1883 2142 1952 calor

586 1995 809 2054 motus
842 1986 1251 2078 suffragatur
1280 1986 1411 2066 his,
1456 1989 1644 2080 quod
1718 1992 1918 2059 citius
1984 2013 2142 2059 mo-

589 2093 869 2171 riantur,
937 2101 1001 2160 et
1083 2093 1503 2183 pestilentias
1585 2098 1957 2165 incurrant.
2031 2096 2146 2166 Sic

588 2198 766 2264 enim
798 2200 1184 2265 moriuntur
1212 2202 1396 2291 equi,
1442 2208 1509 2269 et
1555 2201 1795 2284 boves,
1843 2210 1909 2271 et
1949 2226 2139 2282 oveS‚

584 2314 648 2372 et
686 2304 1020 2384 homineS,
1063 2315 1128 2373 et
1165 2314 1409 2375 czrtera
1439 2304 1836 2397 hujusmodi
1877 2311 2146 2378 anima-

580 2410 691 2479 lia.
737 2412 1113 2480 Piscatores
1179 2421 1409 2482 tamen
1467 2414 1729 2496 dicunt,
1787 2416 1974 2508 quod
2012 2415 2143 2486 hoc

583 2516 823 2585 accidit
931 2518 1243 2588 similiter
1332 2521 1660 2612 piscibus.
1751 2523 2140 2615 Aliquando

588 2623 767 2689 enim
804 2625 1161 2714 capiuntur
1191 2627 1399 2694 macri
1432 2635 1497 2695 et
1529 2630 1772 2696 mutati
1824 2631 1892 2697 in
1914 2629 2140 2698 colore

588 2753 623 2795 a
655 2729 1092 2820 dispositione
1125 2732 1442 2815 naturali,
1471 2756 1628 2802 cum
1662 2736 1731 2803 in
1762 2735 1913 2804 aliis
1943 2737 2141 2805 annis

587 2838 753 2906 forte
784 2838 1034 2906 eisdem
1066 2841 1484 2932 temporibus
1511 2842 1791 2912 solitum
1821 2845 1909 2912 sit
1938 2868 2143 2936 rape-

590 2967 656 3012 re
731 2967 846 3013 eos
908 2949 1192 3038 pingues
1258 2956 1324 3016 et
1382 2948 1704 3039 pulchros
1760 2952 1830 3019 in
1883 2952 2134 3021 colore.

583 3052 834 3119 Tamen
862 3050 1007 3120 lia-c
1045 3054 1423 3143 pestilentia
1473 3079 1612 3124 non
1660 3058 1902 3126 accidit
1934 3059 2144 3150 pisci-

590 3159 714 3226 bus
772 3159 1090 3229 rivalibus
1129 3161 1197 3228 in
1227 3165 1424 3255 aquis
1455 3163 1824 3235 fluentibus
1853 3190 2141 3236 moran-

590 3264 790 3342 tibus,
852 3266 967 3336 sed
1024 3267 1445 3339 lacunalibus
1492 3279 1559 3339 et
1594 3271 1948 3363 paludosis
1974 3297 2142 3365 pro-

587 3381 734 3464 pter
796 3396 1066 3442 causam
1123 3399 1330 3468 quam
1397 3401 1605 3470 supra
1661 3378 2139 3449 ebullitionem

587 3504 782 3572 aquae
811 3486 1337 3564 nominavimus,
1373 3509 1527 3577 qua?
1557 3487 1860 3579 piscibus
1881 3489 2140 3558 inducit

587 3588 1124 3658 suffocationem.

676 3693 914 3763 Adhuc
941 3706 1165 3766 autem
1197 3699 1607 3790 quibusdam
1637 3701 1942 3792 piscibus
1971 3703 2142 3771 acci-

588 3800 683 3869 dit
746 3802 1098 3872 intirmitas
1153 3808 1610 3898 appropriata,
1671 3811 1843 3877 sicut
1903 3811 1964 3877 ei
2021 3811 2135 3902 qui

587 3916 872 3978 vocatur
893 3911 1192 4001 qeledae‘m
1225 3934 1242 3980 ε
1277 3911 1386 3981 hie
1426 3916 1611 3983 enim
1670 3938 1944 4008 semper
1988 3940 2142 3985 ma-

585 4023 698 4083 net
754 4017 820 4084 in
886 4020 1215 4108 superiori
1290 4029 1480 4111 parte
1534 4045 1733 4115 aqua⁸
1769 4045 1786 4091 z
1850 4034 1917 4093 et
1986 4024 2136 4094 ideo

587 4121 738 4213 plus
776 4135 1018 4194 nocent
1047 4130 1105 4195 ei
1163 4128 1482 4220 quiedam
1513 4129 1755 4210 stellae,
1799 4140 1867 4201 et
1914 4132 2144 4201 maxi-

589 4252 696 4297 me
768 4254 1081 4300 ascensus
1118 4234 1347 4318 Canis,
1410 4243 1479 4305 et
1533 4237 2010 4328 ponderositas
2073 4247 2137 4307 et

585 4340 911 4407 scotomia
962 4350 1326 4429 generatur
1372 4343 1440 4413 in
1499 4344 1840 4436 capitibus
1896 4369 2137 4415 eorum

584 4466 667 4510 ex
697 4446 1009 4513 tonitruis
1037 4447 1350 4518 fortibus.
1377 4451 1639 4521 Accidit
1666 4461 1901 4523 autem
1931 4456 2137 4524 etiam

583 4557 909 4623 scotomia
937 4555 1101 4646 pisci
1134 4560 1251 4650 qui
1277 4568 1564 4629 vocatur
1589 4562 1975 4644 kal-omem,
2017 4566 2136 4633 sed

590 4663 813 4730 minus
836 4685 1040 4755 quam
1077 4666 1399 4757 geledim‚
1440 4691 1523 4737 eo
1562 4670 1750 4762 quod
1787 4693 1929 4741 non
1967 4671 2139 4740 adeo

583 4765 835 4837 habitat
865 4770 934 4839 in
963 4794 1156 4865 aqua·
1179 4774 1558 4866 superficie.
1595 4776 1903 4845 Geledim
1935 4778 2142 4870 piscis

586 4883 709 4954 est,
742 4898 942 4967 quem
975 4878 1207 4948 Latine
1236 4883 1516 4973 quidam
1555 4882 1792 4953 dicunt
1826 4885 2134 4963 silitum,

584 4990 650 5049 et
676 4990 776 5050 est
804 4983 1116 5055 fluvialis.

674 5089 914 5160 Adhuc
976 5102 1205 5165 autem
1260 5106 1423 5167 sunt
1481 5099 1766 5189 quidam
1816 5100 2137 5191 piscium,

587 5198 703 5287 qui
741 5220 895 5267 cum
934 5223 973 5268 a
1004 5201 1297 5272 dracone
1338 5205 1657 5297 aquatico
1704 5205 2134 5284 mordentur,

590 5305 990 5377 moriuntur.
1022 5310 1336 5401 Amplius
1374 5312 1656 5404 quidam
1720 5313 2014 5405 piscium
2053 5338 2138 5383 ex

587 5410 806 5480 calore
842 5419 1228 5489 moriuntur
1262 5421 1332 5489 in
1373 5430 1529 5490 ortu
1553 5420 1763 5491 Canis
1791 5424 1863 5490 in
1900 5421 2140 5491 diebus

584 5519 1093 5594 canicularibus.
1126 5527 1444 5620 Amplius
1470 5530 1678 5622 piscis
1704 5531 1825 5622 qui
1854 5539 2142 5599 vocatur

583 5627 841 5708 stabuli,
880 5628 1053 5699 solet
1091 5631 1422 5703 infirmari
1467 5636 1628 5707 forti
1677 5636 2075 5705 infirmitate
2116 5657 2134 5704 ε

588 5735 1019 5805 inveniuntur
1045 5739 1227 5807 enim
1246 5739 1376 5809 sub
1404 5744 1548 5810 suis
1571 5741 1921 5813 branchiis
1939 5741 2139 5811 multi

1586 416 1670 484 D.
1725 416 1926 484 ALB.
1981 416 2196 486 MAG.

2252 419 2458 491 ORD.
2512 423 2809 494 PRAED.

2252 593 2541 681 pediculi
2610 594 2724 683 qui
2785 591 3196 658 interficiunt
3250 613 3403 658 eum
3460 614 3475 657 :
3529 600 3595 657 et
3660 592 3806 659 haec

2253 699 2609 765 infirmitas
2658 721 2796 766 non
2856 699 3200 765 invenitur
3262 698 3459 765 alicui
3517 699 3803 788 piscium

2252 803 2552 870 accidere
2585 804 2710 869 nisi
2754 802 2905 869 sibi.

2341 908 2585 978 Adhuc
2649 918 2879 977 autem
2938 908 3207 999 quando
3264 907 3512 999 glacies
3576 917 3788 977 totam

2251 1016 2677 1106 superficiem
2708 1040 2906 1108 aquae
2947 1019 3187 1106 operit,
3222 1018 3436 1107 pisces
3481 1015 3796 1107 aliquan-

2250 1123 2335 1190 do
2376 1125 2764 1191 moriuntur
2800 1121 3111 1218 suffocati
3177 1122 3300 1189 sub
3331 1123 3546 1213 glacie
3581 1145 3596 1190 ε
3635 1146 3803 1214 pro-

2250 1238 2399 1320 pter
2428 1230 2611 1320 quod
2660 1231 2866 1299 etiam
2898 1228 3239 1319 perforant
3268 1229 3551 1318 glaciem
3599 1230 3665 1295 in
3697 1228 3802 1296 la-

2251 1338 2443 1404 cunis
2492 1345 2557 1404 et
2614 1338 2915 1413 vivariiS,
2962 1343 3037 1402 ut
3075 1337 3287 1426 pisces
3336 1334 3630 1403 habeant
3689 1359 3806 1405 re-

2250 1445 2663 1536 spiraculum
2699 1455 2926 1514 :etex
2974 1443 3101 1512 hac
3138 1467 3337 1512 causa
3386 1447 3637 1513 mortui
3693 1445 3803 1512 vel

2241 1556 2387 1643 jam
2428 1553 2817 1621 moribundi
2865 1552 3230 1645 aliquando
3278 1552 3802 1644 deprehendun-

2248 1668 2361 1727 tur
2424 1669 2658 1729 natare
2714 1683 2922 1751 super
2977 1682 3222 1751 aquam
3279 1660 3471 1728 fluvii
3537 1670 3652 1728 aut
3700 1659 3807 1727 la-

2251 1791 2397 1836 cuS.

2338 1875 2458 1943 Est
2497 1884 2727 1944 autem
2759 1875 3011 1968 duplex
3056 1875 3315 1944 cautela
3359 1876 3650 1943 venandi
3683 1876 3793 1965 pi-

2249 2005 2418 2066 sces,
2461 1986 2798 2075 praecipue
2841 1985 3113 2076 quando
3144 1983 3409 2074 fugiunt
3457 1985 3523 2051 in
3566 1982 3786 2052 hieme

2249 2114 2287 2159 a
2333 2092 2575 2183 pelago
2607 2101 2882 2184 propter
2927 2099 3359 2182 tempestates
3415 2101 3479 2158 et
3513 2093 3794 2160 veniunt

2251 2198 2335 2266 ad
2366 2198 2673 2267 flumina.
2715 2199 2904 2267 Tunc
2934 2199 3119 2266 enim
3156 2209 3509 2266 venatores
3550 2208 3793 2266 cavant

2249 2312 2318 2377 in
2369 2311 2512 2401 ripa
2561 2310 2830 2379 foveam
2865 2331 3076 2401 prope
3135 2309 3377 2390 rivum,
3431 2317 3496 2376 et
3531 2317 3796 2399 ponunt

2248 2440 2454 2508 super
2483 2418 2728 2486 herbas
2769 2427 2836 2485 et
2873 2416 3084 2509 ligna,
3131 2424 3197 2484 et
3226 2417 3480 2485 faciunt
3522 2418 3705 2484 viam
3751 2440 3788 2484 a

2249 2524 2439 2593 fovea
2472 2524 2556 2592 ad
2587 2528 2811 2593 rivum
2850 2547 2865 2592 :
2901 2532 2965 2591 et
2997 2524 3268 2616 quando
3299 2525 3515 2614 pisces
3544 2522 3797 2591 intrant

2250 2636 2318 2702 in
2370 2634 2640 2703 foveam
2709 2644 2986 2725 propter
3059 2634 3354 2724 quietem
3428 2655 3621 2722 aquae
3699 2632 3787 2699 ibi

2248 2744 2513 2822 stantis,
2560 2752 2897 2811 venantur
2951 2765 3067 2809 eos
3123 2742 3572 2808 instrumento
3612 2741 3793 2830 quod

2248 2851 2494 2918 dicitur
2561 2850 2927 2941 maqlemle,
2971 2849 3150 2940 quod
3204 2849 3379 2939 apud
3434 2871 3559 2915 nos
3605 2856 3799 2915 sonat

2243 2959 2713 3047 qurquste'um.
2754 2957 2828 3023 ln
2878 2955 3011 3022 alio
3052 2965 3277 3023 autem
3334 2962 3642 3044 tempore
3691 2977 3799 3021 ra-

2247 3068 2442 3157 piunt
2472 3089 2588 3135 eos
2617 3065 2993 3134 secundum
3043 3063 3324 3131 modum
3357 3062 3567 3130 alium
3608 3083 3623 3128 ε
3659 3071 3795 3128 tam

2249 3176 2315 3242 in
2363 3183 2595 3244 aestate
2639 3175 2821 3243 enim
2863 3195 3070 3264 quam
3118 3172 3184 3239 in
3238 3168 3461 3239 hieme
3531 3178 3793 3261 ponunt

2249 3284 2315 3350 in
2357 3282 2584 3350 medio
2617 3282 2918 3349 fluminis
2945 3279 3130 3371 ligna
3158 3277 3474 3369 colligata
3521 3300 3793 3367 magna,

2248 3398 2314 3458 et
2342 3388 2599 3480 lapides
2649 3391 2716 3456 in
2764 3390 2865 3455 eis
2898 3388 3016 3478 qui
3054 3385 3462 3477 profundant
3512 3383 3695 3474 ligna
3736 3384 3802 3450 in

2248 3494 2564 3575 fundum,
2617 3496 2705 3564 ita
2764 3493 2947 3586 quod
3015 3492 3085 3560 in
3142 3513 3318 3583 aqua
3365 3491 3603 3579 jacens
3662 3512 3800 3557 non

2249 3610 2470 3695 potest
2498 3604 2785 3670 transire
2814 3598 3177 3669 enatando.
3222 3597 3385 3665 lfa-c
3422 3604 3651 3664 autem
3692 3595 3802 3663 di-

2247 3732 2327 3779 co
2361 3710 2557 3801 liqna
2596 3732 2879 3801 mayna,
2922 3708 3083 3799 quia
3136 3713 3294 3774 sunt
3339 3726 3503 3771 vasa
3545 3725 3796 3793 magna

2248 3816 2604 3908 complexa
2633 3816 2716 3884 de
2754 3815 2965 3907 virgis
2996 3836 3146 3906 quae
3184 3834 3309 3880 nos
3346 3812 3552 3880 etiam
3599 3832 3801 3902 spor-

2248 3936 2355 3992 tas
2391 3924 2499 3991 vel
2531 3923 2902 4015 qurqeestia
2929 3942 3254 3989 vocamus
3287 3941 3303 3985 ε
3339 3926 3405 3986 et
3440 3917 3689 3985 faciunt
3726 3916 3793 3982 in

2247 4030 2354 4100 his
2384 4033 2450 4098 in
2483 4040 2668 4122 parte
2716 4052 2853 4097 una
2892 4028 3226 4095 orificium
3257 4024 3588 4115 amplum,
3621 4030 3689 4090 et
3731 4023 3796 4088 in

2250 4136 2365 4204 illo
2422 4137 2683 4205 orificio
2729 4141 2996 4227 ponunt
3043 4134 3568 4200 instrumentum
3634 4151 3801 4196 con-

2249 4266 2522 4321 cavum,
2573 4251 2686 4311 aut
2726 4264 2809 4312 ex
2849 4241 3105 4309 eisdem
3163 4240 3374 4330 virgis
3427 4238 3797 4305 recurvatis

2251 4375 2520 4420 sursum
2550 4355 2954 4419 convertunt
2984 4349 3185 4415 sudes
3223 4356 3456 4414 acutos
3487 4344 3571 4410 ad
3622 4345 3799 4410 inte-

2256 4458 2391 4524 rius
2415 4458 2912 4546 conjungente-s
2944 4452 3096 4520 illos
3139 4453 3208 4518 in
3252 4453 3485 4518 stricto
3515 4446 3793 4522 circulo,

2251 4588 2337 4634 ne
2364 4564 2665 4656 piscibus
2709 4571 2939 4655 pateat
2987 4561 3239 4629 reditus
3271 4581 3287 4625 ε
3323 4568 3392 4625 et
3417 4557 3514 4623 sic.
3553 4554 3799 4644 depre-

2250 4670 2558 4739 hendunt
2589 4672 2655 4738 in
2696 4691 2876 4761 aqua
2906 4667 3195 4735 distante
3235 4686 3274 4731 a
3322 4662 3491 4752 ripa.

2340 4778 2584 4846 Adhuc
2630 4784 2859 4844 autem
2907 4794 3086 4864 aqua
3150 4769 3394 4861 pluviae
3459 4766 3796 4835 contraria

2250 4894 2353 4954 est
2406 4885 2728 4955 omnibus
2783 4882 2891 4951 his
2945 4903 3100 4972 qua·
3148 4886 3306 4947 sunt
3360 4876 3552 4944 testei
3603 4874 3794 4951 corii,

2251 5001 2494 5085 praeter
2540 5012 2912 5084 purpuram
2966 4988 3110 5055 sive
3157 4987 3510 5054 barcoram
3549 4979 3794 5049 solam.

2253 5100 2546 5191 Signum
2612 5108 2840 5167 autem
2909 5094 3113 5184 hujus
3177 5102 3301 5162 est.
3375 5086 3563 5181 quod
3631 5092 3799 5154 testa

2251 5209 2473 5300 posita
2513 5207 2581 5274 in
2629 5204 2782 5274 loco
2840 5202 3205 5270 descensus
3240 5197 3516 5290 pluvia»,
3566 5201 3633 5261 et
3670 5215 3802 5283 gu-

2251 5322 2437 5384 stans
2476 5336 2562 5382 ex
2612 5313 2781 5402 ipsa,
2833 5310 3124 5379 moritur
3164 5306 3401 5375 eodem
3441 5302 3576 5370 die.
3631 5300 3803 5367 Bar-

2251 5442 2411 5488 cora
2470 5426 2699 5486 autem
2728 5415 2861 5485 hoc
2919 5413 3147 5488 habet,
3209 5409 3392 5503 quod
3439 5416 3800 5500 postquam

2253 5525 2812 5618 deprehenditur,
2864 5524 3032 5590 vivit
3081 5519 3298 5586 multo
3353 5525 3687 5606 tempore,
3721 5535 3802 5579 eo

2254 5633 2438 5724 quod
2486 5633 2668 5702 cibat
2703 5654 2777 5700 se
2815 5653 2899 5696 ex
2951 5627 3198 5717 seipsa,
3230 5648 3313 5693 eo
3360 5622 3547 5716 quod
3601 5642 3806 5710 super

2251 5749 2499 5811 testam
2544 5740 2754 5831 ipsius
2820 5743 2924 5804 est
2977 5733 3165 5801 viror
3207 5754 3424 5825 aquae,
3480 5728 3611 5797 hoc
3673 5733 3799 5803 est,
