4919 6371
570 244 654 311 22

570 426 735 487 cunt
762 421 891 488 sibi
920 424 1171 494 similia
1199 430 1271 496 in
1300 432 1521 522 figura
1552 441 1617 500 et
1670 434 1912 510 forma,
1955 435 2128 499 sicut

572 522 811 611 homo,
846 537 911 596 et
948 553 1189 622 equuS,
1236 545 1304 604 et
1337 539 1521 605 idem
1560 546 1665 617 est
1692 538 1774 604 de
1812 537 2128 604 omnibus
2230 548 2387 606 sunt
2414 545 2633 630 prima
2661 552 2992 643 principia
3037 569 3517 647 generationis.

568 632 695 700 sibi
728 638 979 705 similia
1017 644 1530 729 generantibus.

657 739 1027 810 Ovantium
1096 756 1327 814 autem
1395 750 1707 837 quaedam
1774 774 1905 819 ova
1967 760 2125 819 sunt

565 844 749 914 durae
780 856 988 928 testae,
1024 859 1093 917 et
1147 854 1503 922 continent
1541 856 1610 923 in
1651 881 1723 926 se
1764 860 1933 929 duos
1988 859 2125 927 hu-

563 955 814 1032 mores,
844 954 1076 1020 album
1107 957 1528 1039 videlicet,et
1552 966 1896 1046 citrinum,
1950 969 2123 1035 sicut

564 1061 798 1127 omnia
853 1066 985 1127 ova
1038 1065 1273 1133 avium
1340 1070 1523 1160 apud
1595 1097 1721 1142 nos
1774 1085 2115 1144 notarum.

561 1162 713 1252 Ego
751 1171 982 1232 tamen
1006 1168 1155 1255 jam
1180 1172 1327 1240 vidi
1369 1198 1578 1246 ovum
1608 1181 1900 1271 gallinae,
1937 1181 2120 1271 quod

557 1265 804 1336 habuit
861 1270 1030 1341 duas
1104 1284 1339 1363 testaS,
1388 1307 1599 1352 unam
1652 1287 1831 1354 intra
1885 1285 2114 1366 aliam,

561 1379 629 1439 et
701 1376 772 1441 in
839 1379 1067 1449 medio
1133 1385 1426 1454 duarum
1492 1396 1822 1458 testarum
1877 1391 2118 1460 habuit

558 1479 980 1572 albuginem,
1063 1498 1132 1557 et
1193 1493 1374 1560 intra
1450 1496 1847 1566 interiorem
1912 1500 2117 1567 etiam

554 1608 698 1654 non
751 1589 1047 1661 fuitnisi
1081 1594 1382 1687 albug0,
1429 1608 1498 1668 et
1545 1601 1673 1670 fuit
1719 1626 1928 1673 ovum
1966 1630 2119 1697 par-

551 1714 718 1761 vum
747 1701 971 1763 totum
1033 1703 1411 1771 rotundum
1455 1706 1541 1773 ad
1586 1708 1872 1779 modum
1900 1713 2118 1803 sphae-

554 1812 697 1867 rae.2
719 1800 856 1869 Sed
883 1802 1017 1871 hoc
1044 1815 1191 1875 erat
1221 1832 1439 1879 unum
1478 1813 1562 1882 de
1592 1825 1850 1887 naturae
1874 1841 2117 1909 pecca-

549 1905 645 1973 ris
686 1913 753 1973 et
806 1912 1156 1993 monstris.
1229 1913 1560 1995 Quaedam
1617 1931 1845 1992 autem
1906 1947 2116 1994 ovan-

537 2010 727 2077 tium
767 2035 902 2083 ova
927 2025 1090 2085 sunt
1119 2021 1347 2090 mollis
1373 2031 1591 2104 testae,
1637 2051 1788 2119 quae
1818 2038 1921 2100 est
1938 2032 2114 2100 sicut

538 2115 774 2205 pellis,
808 2127 877 2187 et
916 2120 1168 2192 humor
1196 2128 1314 2221 qui
1345 2130 1548 2199 estin
1586 2134 1710 2212 eis,
1763 2144 1866 2204 est
1908 2137 2111 2206 unius

534 2226 621 2287 et
650 2221 957 2308 ejusdem
987 2227 1261 2298 coloris.
1296 2231 1386 2305 Et
1410 2234 1588 2303 ‘talia
1622 2248 1783 2307 sunt
1825 2257 1970 2317 {ova
2004 2244 2114 2333 pi-

548 2326 682 2393 scis
712 2349 917 2417 quem
936 2353 1145 2422 supra
1173 2340 1708 2424 nominavimus,
1735 2348 1853 2436 qui
1871 2349 2115 2418 cheleti

549 2429 662 2498 vel
717 2432 917 2502 coleti
990 2448 1317 2518 vocatur.
1389 2444 1571 2530 Sunt
1655 2460 1886 2522 autem
1917 2456 2113 2524 -talia

536 2537 761 2624 *etiam
798 2562 1143 2613 ranarum
1189 2540 1259 2616 e't
1291 2551 1584 2641 piscium
1603 2556 1683 2625 ‘et
1708 2580 2108 2637 aranearum

530 2663 689 2712 ,ova
723 2646 1170 2731 et‘vermium‘
1194 2732 1201 2737 q
1230 2657 1655 2729 multorum:
1684 2664 2109 2738 Animalium

555 2754 785 2817 autem
812 2758 1290 2842 generantium
1318 2785 1612 2845 vermeS,
1646 2770 1925 2859 quidam
1951 2794 2112 2843 ver-

552 2875 699 2923 mes
738 2869 1106 2951 moventur
1157 2866 1230 2932 in
1259 2868 1499 2938 eadem
1544 2871 1716 2942 hora
1752 2898 1894 2945 suae
1922 2881 2108 2947 nati-

536 2960 913 3050 ,vitatis,jet
943 2969 1224 3058 quidam
1271 2996 1412 3044 non
1446 2976 1727 3051 iaciunt
1756 2981 1919 3053 .hoc
1972 2987 2104 3057 nisi

524 3074 701 3157 ,post
727 3067 993 3160 aliquot
1035 3074 1207 3161 dies,
1249 3081 1426 3151 sicut
1459 3106 1728 3156 vermes
1782 3090 2107 3162 formica-

534 3195 700 3268 ‘rum
736 3182 806 3245 et
849 3201 1059 3271 apum
1101 3206 1120 3252 ε
1161 3185 1342 3258 etde
1386 3189 1495 3259 his
1525 3196 1846 3268 omnibus
1873 3199 2105 3270 diver-

546 3280 862 3352 sitatibus
891 3307 1314 3379 exequemur
1335 3295 1617 3367 inferius
1644 3323 1801 3371 cum
1839 3309 2100 3377 ratione

507 3484 522 3497 .
550 3383 781 3455 subtili
824 3411 1104 3462 causam
1157 3399 1587 3491 assignantes
1634 3411 1946 3480 omnium
1992 3414 2103 3482 di-

542 3497 839 3563 ctorum.

635 3607 775 3679 Sed
801 3614 987 3703 quod
1056 3615 1172 3688 hic
1221 3623 1575 3696 sciendum
1622 3638 1749 3713 est,
1796 3631 1933 3705 hoc
1967 3648 2096 3723 est,

545 3718 758 3807 quod·
788 3742 995 3793 omne
1034 3728 1221 3818 quod
1275 3744 1644 3824 generatur
1679 3764 1768 3810 ex
1810 3742 2096 3819 humido

540 3832 976 3915 spermatico,
1016 3831 1225 3906 habet
1267 3862 1410 3911 suoe
1446 3850 1903 3935 generationis
1928 3854 2099 3924 sub-

540 3936 866 4006 stantiam
929 3947 998 4010 et
1052 3945 1405 4032 virtutem,
1446 3953 1592 4023 sive
1647 3955 1817 4027 illud
1861 3958 2098 4048 humi-

538 4040 705 4110 dum
741 4044 831 4112 sit
875 4047 947 4115 in
1010 4057 1236 4133 utero,
1282 4056 1451 4140 sive
1488 4061 1576 4128 sit
1630 4062 1703 4131 in
1756 4086 1916 4137 ovo.
1949 4068 2095 4139 Hoc

536 4156 766 4219 autem
832 4150 1196 4227 humidum
1253 4163 1313 4230 si
1379 4163 1629 4237 habeat
1683 4172 2093 4266 completam

534 4254 860 4328 virtutem
887 4265 1375 4352 generationis,
1416 4293 1714 4345 necesse·
1747 4287 1851 4349 est
1902 4282 1975 4351 in
2019 4307 2093 4354 se

535 4360 787 4435 habere
837 4375 908 4438 et
949 4374 1440 4463 proprietatem
1478 4383 1752 4455 virtutis
1808 4388 2090 4462 masculi

535 4475 605 4538 et
656 4474 1146 4564 proprietatem
1216 4482 1490 4555 virtutis
1560 4488 1882 4564 foeminoe.
1947 4495 2092 4567 Has

539 4576 727 4645 enim
783 4580 1085 4654 >virtutes
1146 4587 1332 4659 intra
1392 4616 1467 4662 sc
1532 4607 1805 4688 oportet
1864 4602 2091 4694 ipsum

540 4687 1137 4769 continere,·sicut
1158 4692 1460 4768 diximus
1501 4702 1574 4770 in
1617 4702 1794 4776 libro
1836 4708 1919 4779 de
1970 4712 2093 4781 Vc-

535 4793 981 4881 qetabilibus.
1024 4800 1376 4874 Generans
1412 4811 1597 4878 enim
1634 4812 1707 4881 in
1733 4838 1816 4884 eo
1847 4821 2086 4902 active,

541 4907 646 4969 est
689 4903 906 4974 virtus
960 4912 1273 4994 masculi,
1304 4922 1373 4984 et
1428 4940 1761 5008 generans
1806 4924 1879 4993 in
1939 4926 2089 5020 ipso

535 5009 807 5098 passive
843 5023 945 5084 est
996 5018 1217 5089 virtus
1271 5021 1590 5095 t'oeminae.
1628 5028 1735 5099 ‘Et
1769 5032 1947 5103 sicut
2006 5033 2089 5105 de

534 5115 917 5192 substantia
943 5127 1124 5194 casei
1158 5137 1341 5215 sunt,
1375 5133 1743 5224 coagulum
1778 5138 2092 5212 videlicet

533 5227 721 5315 quod
747 5229 929 5313 facit,
972 5240 1041 5302 et
1085 5232 1194 5304 lac
1237 5243 1337 5305 ex'
1371 5262 1507 5337 quo
1554 5243 1631 5312 fit
1673 5267 1911 5316 caseus
1944 5249 2091 5319 :ita

529 5331 668 5402 duo
702 5339 1049 5426 spermata
1075 5347 1240 5413 sunt
1274 5343 1357 5414 de
1385 5346 1765 5421 substantia
1805 5365 2091 5451 concep-

527 5441 580 5509 ti
614 5445 632 5511 ε’
668 5445 942 5534 sperma
978 5449 1256 5540 quidem
1283 5452 1414 5521 viri
1440 5454 1759 5542 :faciens,.
1781 5470 1865 5532 0¹.ss
1892 5486 2090 5555 sper-

531 5570 647 5616 ma
672 5548 952 5635 foemina
1002 5557 1380 5646 suscipiens
1434 5564 2089 5656 coagulationemet

1580 265 1663 333 D.
1715 267 1915 334 ALB.
1968 266 2183 332 MAG.
2237 267 2443 338 ORD.
2498 275 2792 350 PRAED.

2231 436 2705 524 figurationem
2764 458 2831 516 et
2885 453 3200 525 formam.
3285 461 3370 529 Et
3434 461 3578 531 haec
3642 465 3777 532 duo

3556 570 3779 660 Prop-

2226 653 2377 736 pter
2412 654 2592 740 quod
2648 654 3007 729 humidum
3057 676 3535 756 spermaticum
3581 680 3778 745 sulfi-

2228 755 2408 824 ciens
2491 768 2907 852 generationi
2982 775 3290 842 omnium
3377 783 3774 852 animalium

2225 886 2499 937 necesse
2562 881 2661 940 est
2715 886 3024 947 constare
3065 904 3148 950 ex
3224 883 3328 952 his
3361 886 3649 956 duobus,
3696 892 3773 959 In

2226 973 2630 1060 quibusdam
2680 991 2908 1052 autem
2966 988 3074 1057 vel
3120 991 3291 1062 forte
3331 997 3402 1062 in
3453 998 3771 1066 omnibus

2224 1099 2498 1148 necesse
2537 1092 2637 1150 est
2701 1088 2936 1159 adesse
2985 1097 3252 1166 tertiam
3292 1100 3768 1172 humiditatem

2222 1195 2624 1272 praesentem
2664 1193 2733 1258 in
2770 1194 2921 1264 loco
2970 1199 3040 1266 in
3078 1226 3214 1293 quo
3274 1210 3595 1295 praedicta
3634 1213 3768 1281 duo

2222 1304 2560 1380 spermata
2588 1308 3108 1392 suntpermixta
3149 1334 3163 1377 ε
3201 1321 3269 1407 et
3323 1312 3455 1382 hoc
3501 1328 3601 1386 est
3636 1343 3771 1388 nu-

2221 1399 2448 1468 tritiva
2494 1411 2824 1498 concepti,
2870 1435 2956 1480 ex
3004 1439 3137 1506 qua
3175 1441 3315 1488 non
3362 1424 3763 1506 radicaliter,

2219 1507 2337 1574 sed
2400 1514 2842 1586 materialiter
2913 1520 3084 1591 fiunt
3167 1530 3484 1618 quaedam
3538 1542 3767 1623 partes

2219 1615 2362 1703 ejus
2406 1640 2421 1684 ε
2458 1627 2524 1687 et
2560 1619 2690 1690 hoc
2721 1624 2791 1691 in
2820 1629 3229 1701 animalibus
3278 1641 3766 1726 generantibus

2216 1721 2345 1788 sibi
2397 1725 2647 1797 similia
2700 1739 2801 1799 est
2864 1738 3140 1827 sanguis
3205 1755 3620 1826 menstruuS,
3653 1748 3764 1816 vel

2215 1827 2385 1897 alius
2423 1829 2674 1903 humor
2702 1840 2816 1928 qui
2857 1850 2958 1910 est
2986 1844 3135 1914 loco
3176 1852 3526 1941 sanguinis
3564 1878 3765 1923 men-

2215 1938 2383 2003 strui
2425 1960 2441 2004 :
2475 1940 2545 2007 in
2576 1946 2937 2016 ovantibus
2988 1961 3214 2021 autem
3244 1965 3346 2024 est
3384 1956 3636 2028 humor
3664 1963 3766 2030 ci-

2213 2043 2603 2138 trinus,·qui
2655 2054 2974 2124 vitellum
3021 2070 3354 2132 vocatur:
3420 2075 3539 2135 aut
3592 2067 3764 2137 alius

2211 2146 2461 2219 humor
2497 2177 2792 2246 aquosus
2821 2165 2939 2253 qui
2977 2165 3128 2236 loco
3164 2170 3377 2238 vitelli
3420 2173 3503 2240 ad
3535 2175 3760 2243 cibum

2211 2264 2519 2352 concepti
2574 2267 2967 2360 embryonis
3033 2283 3134 2344 est
3189 2289 3654 2369 praeparatus:
3693 2285 3764 2349 in

2211 2367 2306 2435 eis
2334 2378 2563 2439 autem
2593 2395 2743 2463 quae
2779 2390 3109 2468 generant
3151 2405 3442 2464 vermes,
3487 2396 3591 2456 est
3627 2390 3765 2459 sic-

2205 2579 2339 2649 lem
2370 2582 2605 2654 adesse
2649 2587 3013 2662 humorem
3043 2596 3114 2663 in
3153 2597 3305 2667 loco
3345 2605 3761 2692 operationis

2206 2688 2498 2759 duorum
2535 2707 2953 2785 spermatum
2996 2724 3012 2770 ε
3065 2706 3226 2795 quia
3281 2707 3479 2776 aliter
3517 2709 3754 2780 defice·

2206 2804 2306 2864 ret
2370 2810 2802 2894 conceptum,
2863 2830 3006 2878 non
3070 2809 3329 2881 habens
3385 2817 3759 2886 nutrimen·

2205 2909 2375 2971 tum.

2220 3052 2225 3059 -
2293 3009 2651 3105 Hisigitur
2689 3018 2906 3089 tribus
2962 3021 3485 3097 humiditatibus
3530 3031 3629 3099 sic
3683 3032 3753 3100 in

2192 3138 2417 3189 ,unum
2475 3120 2713 3194 docum
2737 3126 3065 3210 redactis,
3113 3154 3201 3202 ex
3235 3130 3756 3208 humiditatihus

2203 3222 2540 3322 duarum,
2557 3252 2853 3321 quarum
2873 3259 3014 3306 una
3024 3241 3270 3320 active,
3295 3241 3507 3312 altera
3531 3248 3757 3335 passi-

2202 3352 2287 3400 ve
2377 3346 2682 3424 generat,
2758 3339 3140 3414 formantur
3201 3349 3438 3418 omnia
3500 3351 3755 3421 similia

2198 3437 2510 3510 membra
2548 3452 2787 3534 praeter
2822 3470 3097 3520 carnem
3139 3461 3209 3523 et
3236 3454 3506 3547 adipem
3551 3480 3569 3527 τ
3601 3482 3755 3549 pro·

2197 3552 2349 3636 pter
2372 3603 2377 3608 .
2398 3548 2589 3638 quod
2634 3549 3042 3628 humiditate
3102 3565 3512 3652 spermatica
3573 3564 3750 3635 deli-

2196 3654 2545 3736 ciente,·in
2573 3679 2710 3750 qua
2735 3668 2858 3738 est⁴
2899 3667 3007 3735 vis
3060 3665 3424 3740 formativa
3477 3693 3741 3751 eorum,

2180 3781 2575 3854 numquam
2627 3781 3019 3842 recrescunt
3042 3783 3397 3847 truncata.
3443 3776 3746 3872 Sanguis

2197 3875 2425 3936 autem
2502 3873 2621 3963 qui
2678 3873 3045 3947 attrahitur
3112 3880 3180 3950 in
3248 3881 3742 3955 nutrimentum

2195 3974 2630 4067 amhn-yonis,
2664 3988 2769 4050 est
2812 3983 3066 4076 duplex
3102 3989 3175 4058 in
3220 3989 3628 4074 substantia,
3679 4001 3745 4062 et

2195 4079 2546 4180 duplexgin
2573 4086 2849 4158 virtute.
2869 4090 3150 4185 Aliquid
3178 4098 3746 4191 enimsanguinis

2195 4186 2296 4256 sic
2320 4188 2555 4258 unitur
2600 4195 3083 4284 spermatibus,
3116 4200 3303 4293 quod
3335 4200 3560 4273 induit
3597 4206 3743 4273 vir-

2193 4297 2408 4363 tutem
2456 4293 2762 4389 aliquam
2785 4303 3183 4393 spermatis,
3236 4329 3322 4378 eo
3378 4309 3564 4401 quod
3626 4310 3748 4380 ali·

2188 4399 2361 4491 quid
2427 4398 2855 4478 humiditatis
2886 4414 3341 4502 ,spermaticae
3395 4426 3629 4488 manet
3670 4419 3742 4487 in

2191 4506 2341 4597 ipso
2382 4529 2401 4577 ε
2426 4517 2507 4581 et
2530 4512 2784 4586 ex.hoc
2807 4528 3224 4610 generantur
3246 4523 3509 4607 dentes,
3538 4549 3743 4618 prop-

2190 4621 2297 4684 ter
2316 4617 2512 4708 quod
2542 4619 2617 4689 in
2653 4631 2864 4694 ‘aetate
2891 4625 3118 4696 vicina
3144 4632 3467 4720 spermati
3524 4656 3741 4703 recre-

2192 4728 2391 4790 scunt
2418 4728 2735 4808 truncati,
2767 4730 2936 4799 etin
2961 4740 3171 4804 aetate
3199 4744 3461 4808 remota
3487 4760 3531 4807 a
3555 4761 3740 4832 sper-

2170 4835 2375 4897 -mate
2439 4828 2512 4898 in
2564 4853 2702 4923 qua
2731 4835 2972 4907 virtus
3012 4841 3218 4932 primi
3255 4846 3640 4935 generantis
3696 4870 3738 4914 a

2193 4936 2528 5026 sanguine
2565 4942 2868 5022 evanuit,
2899 4967 3042 5014 non
3067 4951 3740 5023 monseunaanom

2192 5048 2419 5110 autem
2446 5066 2605 5134 pars
2624 5048 2977 5139 sanguinis
3030 5051 3319 5144 duplicis
3371 5056 3482 5128 vel
3518 5058 3744 5149 tripli-

2192 5146 2289 5216 cis
2343 5153 2449 5218 est
2475 5189 2480 5196 ·
2501 5151 2934 5241 substantiis,
2957 5164 3024 5226 et
3059 5181 3147 5229 ex
3179 5162 3414 5252 wspisso
3441 5163 3741 5255 quidem

2191 5254 2405 5346 ipsius
2434 5261 2787 5352 sanguinis
2814 5276 3182 5355 generatur
3207 5291 3365 5338 caro
3396 5293 3548 5362 quae
3576 5295 3744 5364 sup-

2190 5361 2332 5454 plet
2365 5388 2586 5435 vacua
2649 5369 3115 5442 membrorum
3145 5374 3493 5445 similium
3512 5387 3600 5448 'et
3627 5380 3743 5448 :in-

2162 5470 2764 5555 strumentalium,
2786 5481 2858 5545 et
2871 5474 3021 5547 haec
3037 5478 3284 5561 influit,
3305 5481 3650 5563 eteffluit,
3672 5491 3741 5553 et

2164 5571 2433 5646 ‘abrasa
2467 5580 2828 5666 recrescit.3
2846 5581 2960 5652 Ex
2981 5595 3513 5677 aquosa2aute‘m
3540 5598 3731 5682 parte
