4919 6371
1896 459 2063 530 LIB.
2115 460 2278 531 VIII
2325 464 2445 530 DE
2493 461 3600 547 ANIMALIBUS,TRACT.V1

1100 633 1620 724 particularibus
1652 636 1967 726 acceptiS,
2012 636 2145 703 duo
2194 643 2402 702 sunt:
2455 656 2650 722 quae-

1100 741 1258 807 dam
1299 741 1480 807 enim
1549 749 1708 810 sunt
1761 743 2175 833 speculatixa
2213 742 2549 808 abstracta
2610 761 2649 805 a

1101 846 1305 915 rebus
1372 848 1946 937 particularibus:
2035 847 2349 941 quaedam
2417 853 2648 912 autem

1099 963 1259 1021 sunt
1289 954 1370 1022 de
1396 978 1697 1042 ,numero
1737 958 2223 1028 conferentium
2256 954 2342 1022 ad
2390 954 2646 1022 utilita-

1099 1070 1261 1127 tem.
1347 1061 1432 1130 Et
1484 1087 1626 1134 non
1678 1066 1988 1134 videmus
2042 1062 2271 1153 aliqua
2324 1059 2646 1129 animalia

1103 1176 1350 1256 praeter
1379 1168 1758 1254 hominem,
1784 1192 1932 1259 quae
1959 1167 2217 1260 aliquid
2242 1169 2650 1259 participent

1098 1275 1602 1364 speculationis.
1642 1276 1776 1344 Sed
1805 1298 2252 1367 quaecumque
2280 1275 2649 1366 prudenter

1100 1391 1338 1473 agunt,
1370 1390 1532 1452 sunt
1559 1382 1641 1463 de
1668 1381 1869 1451 rebus
1894 1383 2489 1476 conferentibuset
2518 1381 2662 1468 uti--

1097 1489 1276 1586 libus
1294 1490 1460 1572 sibi.

1187 1596 1504 1694 Amplius
1541 1607 1772 1668 autem
1803 1599 2217 1680 conferentia
2241 1620 2393 1690 *non
2422 1597 2666 1680 solum,

1098 1702 1228 1771 sibi
1254 1704 1577 1798 privatim
1607 1707 2082 1776 convenientia
2126 1705 2482 1796 providere
2538 1705 2648 1771 vi-

1096 1809 1365 1892 dentur,
1398 1813 1519 1882 sed
1574 1815 1779 1883 etiam
1817 1814 2231 1883 conferentia
2267 1812 2648 1882 communi-

1095 1919 1221 1985 tati
1250 1941 1421 2000 suae,
1463 1905 1641 1991 sicut
1668 1920 1853 2012 quod
1879 1944 2081 2011 grues
2111 1918 2479 1988 observant
2524 1940 2649 1986 ex-

1100 2020 1357 2097 cubias,
1391 2031 1460 2092 et
1499 2024 1684 2115 quod
1707 2046 1867 2116 apes
1895 2033 2271 2117 sequuntur
2316 2045 2547 2116 regem
2581 2029 2649 2090 et

1098 2138 1410 2221 strepunt
1439 2131 1615 2199 sicut
1643 2154 1799 2200 cum
1836 2132 2120 2200 buccina
2150 2131 2233 2224 ad
2265 2153 2647 2199 convocan-

1090 2233 1254 2302 dum
1285 2235 1657 2305 exercitum
1688 2236 1776 2306 ad
1814 2237 2198 2306 exeundum
2244 2260 2399 2305 cum
2457 2259 2640 2327 rege,

1094 2333 1369 2431 quando
1399 2340 1481 2411 de
1518 2340 1771 2411 alveari
1806 2342 2111 2435 procedit
2138 2365 2446 2411 examen.
2485 2342 2645 2411 Ilaec

1092 2441 1277 2538 enim
1308 2450 1544 2520 omnia
1577 2450 1895 2521 videntur
1931 2475 2075 2521 esse
2121 2451 2204 2520 de
2248 2437 2642 2544 provisione

1090 2549 1631 2640 communitatis»,
1654 2566 1722 2627 et
1742 2583 1880 2629 non
1910 2559 1993 2628 de
2022 2559 2308 2628 utilitate
2327 2559 2635 2650 propria:

1083 2661 1451 2759 providere
1527 2678 1757 2738 autem
1831 2667 2300 2737 communitati
2387 2689 2640 2735 conve·

1088 2774 1368 2851 nientia,
1403 2774 1674 2843 videtur
1711 2797 1851 2843 non
1880 2775 2025 2843 sine
2083 2775 2307 2865 aliqua
2347 2772 2642 2842 scintilla

1084 2881 1370 2950 rationis
1390 2905 1588 2973 posse
1619 2883 1791 2951 lieri.

1174 2985 1418 3057 Adhuc
1450 2997 1677 3057 autem
1710 2988 1991 3058 fortasse
2037 2987 2379 3058 videbitur
2434 2988 2636 3057 alicui

1088 3097 1401 3190 quaedam
1474 3098 1778 3190 ipsorum
1864 3098 2117 3193 aliquid
2193 3099 2636 3190 experimenti

1087 3206 1491 3299 participare
1522 3231 1539 3276 ε
1572 3207 1881 3277 habitum
1919 3208 2099 3275 enim
2153 3215 2254 3276 est
2282 3230 2487 3299 supra
2515 3229 2637 3298 per

1082 3313 1458 3384 multorum
1499 3314 1900 3385 animalium
1929 3314 2416 3393 inductionem,
2450 3313 2636 3407 quod

1081 3422 1475 3522 discernunt
1493 3420 1739 3491 herbas
1763 3422 2103 3520 curativas
2129 3422 2629 3501 infirmitatum,

1079 3529 1264 3625 quod
1294 3531 1441 3604 sine
1481 3531 1947 3621 experimento
1979 3553 2117 3600 non
2136 3529 2405 3601 videtur
2426 3553 2632 3622 posse

1077 3636 1247 3706 lieri.
1288 3637 1854 3730 Experimentum
1929 3641 2108 3709 enim
2164 3647 2269 3711 est
2330 3640 2656 3731 cognitio⁸

1082 3744 1562 3837 singularium,
1594 3748 1770 3817 sicut
1798 3747 1980 3840 quod
2018 3745 2199 3818 idem
2226 3746 2443 3845 valuit
2474 3745 2635 3817 Cal-

1083 3851 1190 3920 lioe
1222 3861 1290 3921 et
1321 3850 1587 3922 Socrati
1623 3853 1929 3950 ejusdem
1959 3853 2451 3945 complexionis
2481 3854 2633 3922 exi-

1082 3957 1421 4027 stentibus
1460 3966 1527 4029 et
1554 3959 1859 4050 ejusdem
1887 3960 2130 4041 aetatis,
2172 3967 2239 4027 et
2275 3959 2348 4027 in
2390 3957 2629 4028 eadem

1076 4062 1468 4135 infirmitate
1500 4088 1586 4136 ex
1624 4065 1862 4137 eadem
1898 4089 2103 4136 causa
2131 4065 2624 4159 laborantibus.

1076 4160 1563 4268 Experimento
1593 4177 1803 4268 igitur
1828 4184 1895 4246 et
1932 4177 2287 4257 memoria,
2320 4150 2632 4247 similiter

1074 4290 1301 4352 autem
1332 4290 1399 4352 et
1425 4283 1876 4354 aestimatione
1915 4293 1979 4353 et
2022 4283 2516 4377 imaginatione
2561 4291 2629 4353 et

1079 4412 1283 4458 sensu
1334 4390 1810 4483 participantia
1858 4415 2000 4489 *non
2051 4391 2316 4461 videtur
2374 4389 2631 4483 proba-

1072 4495 1239 4579 bile,
1271 4496 1327 4564 si
1361 4520 1501 4591 non
1529 4498 1735 4569 etiam
1766 4506 2135 4593 utcumque
2173 4502 2434 4569 ratione
2459 4523 2629 4592 par-

1068 4606 1403 4700 ticipant:
1438 4626 1522 4674 ex
1540 4601 1647 4675 bis
1677 4605 1885 4698 igitur
1930 4614 1999 4676 et
2039 4604 2290 4676 talibus
2330 4606 2628 4679 rationes

1068 4721 1296 4781 sumet
1331 4710 1582 4804 aliquis
1609 4711 2075 4783 dubitationis.

1156 4818 1486 4889 Omnium
1533 4829 1763 4891 autem
1840 4819 2092 4891 horum
2149 4784 2624 4893 determinatio

1069 4937 1171 4998 est
1209 4952 1295 4999 ex
1324 4927 1435 5001 liis
1464 4953 1619 5023 quae
1648 4931 1720 5001 in
1749 4929 1924 5002 libro
1954 4931 2039 5000 de
2093 4932 2352 5001 Anima
2397 4932 2628 5027 deter-

1070 5016 1328 5107 minata
1367 5046 1548 5107 sunt.
1621 5037 1807 5109 Licet
1860 5039 2043 5110 enim
2097 5014 2423 5108 animalia
2466 5062 2620 5132 quae

1055 5148 1373 5236 perlecta
1427 5155 1787 5229 vocantur,
1856 5169 2220 5217 numerum
2293 5170 2621 5219 sensuum

1066 5247 1389 5337 habeant,
1423 5276 1565 5323 non
1620 5262 1851 5324 tamen
1908 5262 2138 5324 motus
2188 5254 2304 5347 qui
2367 5254 2545 5328 fiunt
2579 5281 2622 5327 a

1063 5382 1294 5461 sensu,
1326 5361 1625 5455 aquales
1652 5372 1813 5447 sunt
1841 5362 1912 5430 in
1941 5364 2081 5433 eis:
2124 5373 2406 5456 propter
2434 5364 2621 5457 quod

1064 5487 1292 5558 neque
1320 5467 1674 5561 aequaliter
1698 5468 2106 5560 participant
2153 5492 2359 5543 sensu
2422 5493 2622 5541 com-

1062 5575 1280 5671 muni,
1306 5596 1434 5671 nec
1462 5573 2037 5671 {equalesbabent
2053 5577 2642 5675 imaginationes:-

1062 5683 1130 5747 et
1159 5687 1321 5749 sunt
1351 5681 1422 5748 in
1459 5681 1872 5751 animalibus
1918 5682 2299 5753 seeundum
2333 5683 2646 5767 virtutes„

1063 5774 1450 5915 sensitivnff
1500 5790 1733 5885 multat
1782 5814 2047 5882 causae,
2115 5803 2393 5887 propter
2434 5815 2642 5887 ,quas

4181 469 4310 537 489

2757 632 3182 723 inaequaliter
3201 632 3514 721 judicant
3542 632 3624 699 de
3655 634 4092 704 sensibilibus
4129 657 4318 704 acee-

2756 737 3884 825 ptis..

2847 841 3342 911 Universaliter
3368 851 3599 912 tamen
3631 843 3764 911 illae
3796 866 4019 912 causae
4069 846 4156 912 ad
4195 869 4312 914 sex

2757 948 3194 1018 reducuntur.
3236 952 3322 1019 Et
3388 951 3703 1043 quaedam
3762 952 4042 1041 quidem
4105 975 4312 1020 causa

2756 1057 2958 1126 estin
2989 1060 3136 1149 ipso
3165 1083 3394 1139 sensu,
3454 1063 3632 1128 sicut
3685 1069 3871 1150 patet
3927 1063 3997 1127 in
4041 1060 4309 1129 duobus

2757 1165 3194 1246 animalibuS,
3229 1189 3524 1257 quorum
3563 1175 3934 1258 utrumque
3961 1166 4171 1236 habet
4198 1171 4311 1236 vi-

2757 1291 2913 1337 sum
2947 1293 2963 1338 :
3004 1293 3220 1337 unum
3250 1278 3488 1338 ,tamea
3516 1269 3724 1339 habet
3746 1294 4035 1363 magnos
4075 1272 4309 1341 oculos

2758 1376 2965 1446 duros
3021 1379 3412 1469 aquaticos:
3458 1378 3751 1449 alterum
3807 1389 4039 1448 autem
4104 1379 4310 1448 habet

2758 1485 3034 1555 oculum
3062 1485 3345 1566 clarum,
3405 1497 3474 1556 et
3535 1488 3763 1556 visum
3821 1487 4306 1556 coadunatum.

2756 1592 3068 1661 Primum
3099 1595 3285 1662 enim
3311 1594 3564 1663 horum
3593 1593 4002 1672 animalium
4030 1595 4311 1684 majoris

2756 1701 3154 1790 quantitatis
3193 1724 3398 1792 quam
3440 1703 3606 1777 sint.
3639 1702 3928 1792 percipit
3969 1700 4303 1779 visibilia,

2756 1813 2824 1874 et
2850 1804 3143 1875 alterum
3195 1807 3439 1898 accipit
3495 1830 3584 1876 wea
3637 1808 3815 1876 sicut
3850 1815 4053 1876 sunt:
4123 1816 4190 1876 et
4255 1809 4313 1875 si

2754 1912 3109 2004 contingat
3133 1922 3503 2007 utrumque
3552 1915 3844 1983 istorum
3903 1915 4311 1986 animalium

2744 2019 3053 2108 judicare
3093 2021 3178 2091 de
3234 2020 3616 2091 delectabili
3652 2031 3740 2094 ‚et
3794 2024 3970 2091 tristi
4034 2032 4310 2114 accepto

2753 2149 2875 2215 per
2902 2128 3153 2218 ipsum,
3186 2127 3256 2196 id
3283 2127 3468 2219 quod
3498 2127 3706 2198 habet
3744 2127 4022 2197 oculum
4062 2128 4307 2198 durum

2753 2235 3145 2326 aquaticum
3204 2241 3270 2301 et
3323 2234 3550 2301 visum
3601 2256 3742 2303 non
3818 2231 4300 2314 coadunatum,

2750 2342 2950 2411 citius
2978 2341 3330 2432 decipitur,
3363 2365 3571 2433 quam
3601 2342 3671 2409 id
3699 2341 3887 2433 quod
3914 2339 4125 2411 habet
4151 2364 4307 2412 ocu·

2749 2450 2894 2521 lum
2920 2449 3179 2518 clarum
3209 2458 3276 2518 et
3292 2450 3517 2518 visum
3544 2449 4032 2520 coadunatum.

2771 2622 2780 2628 .
2842 2558 3177 2628 Similiter
3221 2566 3450 2627 autem
3491 2567 3595 2628 est
3632 2558 3715 2627 de
3764 2559 4003 2628 auditu
4045 2582 4062 2628 ε
4125 2581 4307 2650 quo-

2750 2669 2936 2738 niam
2982 2668 3298 2761 quaedam
3343 2667 3669 2737 animalia
3736 2669 3806 2737 in
3863 2667 4101 2736 auditu
4169 2690 4307 2735 non

2747 2775 3133 2867 percipiunt
3185 2774 3316 2844 nisi
3372 2798 3621 2846 sonum
3667 2798 3683 2843 ε
3720 2774 4033 2866 quaedam
4078 2783 4307 2844 autem

2747 2881 3288 2951 modulationem
3337 2904 3496 2951 cum
3543 2905 3718 2950 sono
3762 2881 4172 2973 percipiunt,
4242 2887 4308 2948 et

2745 2990 3192 3061 inveniuntur
3217 2990 3538 3060 delectari
3566 2993 3640 3060 in
3685 2989 4125 3083 symphonia,
4169 2989 4307 3057 sic-

2744 3107 2823 3167 ut
2857 3096 3233 3191 philomela
3278 3122 3431 3192 quae
3477 3099 3757 3167 advolat
3806 3098 3894 3166 ad.
3931 3097 4105 3167 bene
4134 3119 4306 3166 cau-

2740 3215 3002 3278 tantem
3037 3206 3789 3288 hominemouaedam
3819 3215 4052 3276 autem
4086 3207 4159 3275 in
4188 3229 4307 3275 au·

2743 3314 2888 3385 ditu
2933 3317 3295 3385 nominum
3344 3315 3646 3409 aliquam
3688 3315 3772 3385 de
3821 3314 4026 3385 rebus
4068 3315 4305 3384 conci-

2740 3425 2940 3515 piunt
2973 3424 3568 3517 imaginationem,
3609 3447 3903 3517 quarum
3961 3431 4122 3493 sunt
4169 3446 4298 3491 no-

2739 3532 2962 3619 mina.
2979 3532 3071 3617 Et
3097 3603 3102 3607 ,
3113 3533 3344 3625 prima,
3364 3530 3646 3625 quidem
3693 3529 4301 3623 indisciplinabilia

2739 3639 3544 3727 omniuojnveniuntur
3586 3647 3735 3725 :et
3798 3636 4102 3710 secunda
4145 3636 4308 3713 alli--⁴

2737 3747 3011 3817 ciuntur
3050 3756 3120 3819 et
3174 3747 3609 3839 decipiuntur
3634 3745 4029 3819 ,modulatis
4082 3745 4295 3833 sonis.

2733 3855 2962 3929 Tertia
2997 3877 3162 3926 vero
3192 3854 3627 3949 disciplinam
3662 3854 4049 3924 multorum
4088 3853 4299 3922 mira-

2735 3961 2981 4032 bilium
3010 3986 3296 4055 operum
3334 3963 3749 4055 percipiunt,
3796 3962 3975 4031 sicut
4020 3958 4300 4053 elephas

2734 4071 2820 4141 de
2848 4070 3198 4159 adorando
3228 4095 3416 4166 rege.
3458 4079 3524 4143 et
3554 4093 3760 4157 canes
3782 4070 4004 4143 multa
4039 4068 4299 4140 iaciunt

2733 4179 2824 4250 ad
2875 4202 3248 4264 sermones,
3289 4180 3785 4273 magistrorum
3836 4202 4150 4267 suorum.
4210 4177 4296 4248 Et

2733 4311 2864 4359 nos
2886 4290 2964 4358 in
2991 4288 3297 4380 partibus
3325 4287 3702 4380 superioris
3730 4285 4120 4375 Germania
4146 4309 4297 4357 mu·

2732 4418 2880 4465 rem
2907 4395 3231 4477 vidimus,
3262 4393 3381 4486 qui
3419 4392 3718 4463 tenendo
3762 4392 4121 4465 candelam
4162 4394 4297 4463 mi-

2732 4501 3069 4574 nistrabat
3109 4494 3345 4573 lumen
3410 4500 3934 4585 comedentibus
3993 4500 4081 4572 ad
4115 4523 4295 4592 prae-

2730 4602 3014 4703 ceptum
3029 4611 3344 4703 magistri
3367 4611 3502 4681 sui.

2762 4780 2770 4785 .
2811 4718 2942 4805 Et,
2968 4718 3096 4801 sic,
3119 4717 3501 4790 differentia
3575 4725 3680 4789 est
3742 4718 3818 4789 in
3873 4715 4296 4799 ,animalibus

2730 4826 2938 4896 etiam
2959 4824 3032 4895 in
3059 4823 3353 4897 aliorum
3381 4847 3714 4895 sensuum
3742 4822 4292 4918 participatione,

2731 4933 3050 5024 quamvis
3097 4955 3239 5017 non
3280 4931 3386 5013 ,sit
3424 4940 3632 5021 ,tanta
3676 4932 3856 5002 sicut
3903 4931 3978 5000 in
4023 4926 4294 5001 duobus

2730 5038 2951 5121 dictis,
3004 5062 3087 5111 eo
3124 5039 3312 5133 quod
3350 5038 3447 5109 illi
3489 5039 3630 5110 duo
3679 5047 3842 5109 sunt
3876 5040 4100 5130 magis
4144 5036 4293 5106 ior-

2726 5148 3048 5232 molestet
3075 5146 3616 5241 disciplinabiles
3651 5147 3920 5218 caeteris
3946 5146 4285 5217 sensibus.

2727 5256 2810 5327 In
2846 5263 3322 5343 sensu-autem
3359 5252 4155 5335 ,communidillerentia
4191 5261 4292 5324 est

2727 5365 2800 5435 in
2827 5363 3244 5451 animalibus
3273 5361 3674 5451 ,secundum
3713 5361 4288 5455 compositionem

2724 5472 3154 5559 sensibilium
3200 5477 3709 5562 ‚acceptet-um.
3816 5467 4300 5563 Quaecumque,

2724 5577 3141 5673 enimbunc
3176 5576 3797 5670 ²perfectissimum.
3823 5574 4081 5650 habent
4126 5599 4288 5646 sen·

2723 5710 2906 5773 sum,
2934 5686 3216 5778 ,optime
3243 5748 3248 5763 ,
3274 5692 3705 5778 componunt
3729 5756 3732 5775 ff
3752 5683 4142 5767 sensibilia,
4194 5683 4287 5750 ita

2728 5793 2914 5887 quod
2943 5791 3415 5888 -.¹¹<.>3¹..³1¹d¹.10i1
3456 5792 3554 5863 eis
3621 5814 3926 5895 errorem
3976 5788 4288 5890 conlusio
