4919 6371
672 384 806 454 556

669 558 997 627 mulieres
1028 556 1197 645 ipsae
1251 550 1496 621 dicunt
1525 574 1599 622 se
1658 551 1888 645 magis
1967 548 2297 621 delectari

666 670 738 738 in
770 670 958 738 coitu
1001 664 1288 760 quando
1320 673 1490 736 sunt
1532 666 2044 760 impraegnatae‚
2080 686 2295 758 quam

666 781 948 876 quando
982 804 1125 850 non
1157 788 1323 851 sunt
1354 782 1867 877 impraegnatae.
1960 762 1969 771 ⁸

757 891 1010 963 Adhuc
1042 901 1278 965 autem
1318 894 1718 990 praegnanti
1771 893 2140 964 consuevit
2167 914 2299 960 ve-

668 1007 818 1077 nire
845 1010 1175 1104 angustia
1213 1017 1283 1079 et
1323 1009 1611 1104 pigritia
1639 1016 1708 1077 et
1740 1006 2092 1101 appetitus
2125 1003 2296 1074 mali

666 1128 733 1190 et
762 1118 958 1191 stulti
1004 1143 1019 1189 ε
1069 1127 1138 1192 et
1169 1118 1259 1191 ad
1317 1120 1772 1191 citrinitatem
1820 1116 2143 1211 pervenit
2189 1114 2297 1184 al-

662 1232 843 1305 bedo
923 1234 1297 1306 oculorum
1377 1255 1651 1314 earum,
1718 1238 1788 1300 et
1866 1228 2294 1325 quandoque

657 1345 1180 1440 profundantur
1209 1344 1399 1415 oculi
1460 1351 1529 1414 et
1570 1341 2079 1414 mollificantur
2138 1339 2299 1434 pal-

660 1456 921 1552 pebrae,
950 1465 1018 1528 et
1056 1456 1337 1527 acuitur
1365 1463 1719 1549 aspectuS,
1755 1462 1824 1525 et
1849 1454 2298 1525 minorantur

661 1570 975 1666 pupillae,
1012 1578 1082 1642 et
1119 1570 1566 1666 ingrossatur
1596 1568 1887 1663 albugo,
1925 1576 1994 1639 et
2033 1566 2297 1638 altera-

660 1693 776 1754 tur
823 1684 1043 1767 color,
1079 1692 1151 1754 et
1202 1683 1630 1755 citrinantur
1676 1706 1879 1754 venae
1911 1682 2229 1776 corporis
2277 1705 2292 1752 ε

664 1808 731 1869 et
769 1798 1025 1894 aliquae
1058 1824 1148 1870 ex
1177 1801 1278 1870 eis
1308 1797 1574 1870 virides
1628 1799 1833 1869 fiunt.
1871 1797 1960 1868 Et
2014 1798 2074 1867 si
2133 1803 2297 1867 ante

662 1908 991 1983 habuerit
1022 1910 1307 1984 dolores
1348 1912 1543 1983 dorsi
1614 1919 1684 1982 et
1741 1909 2161 1991 ancharum,
2208 1929 2296 1977 ex

661 2023 1115 2096 calefactione
1148 2034 1539 2118 conceptus
1570 2023 1909 2094 sedantur
1953 2045 1968 2091 ε
2007 2030 2073 2092 et
2095 2028 2298 2115 post-

666 2168 746 2209 ca
789 2166 948 2211 cum
1008 2155 1221 2234 parit,
1287 2156 1545 2211 lterum
1588 2153 1887 2209 redeunt
1942 2163 1956 2207 ;
2023 2156 2091 2207 et
2160 2156 2296 2207 noc

660 2253 1012 2347 praecipue
1052 2252 1132 2322 fit
1173 2252 1247 2322 in
1309 2276 1394 2323 ea
1452 2275 1612 2347 quae
1681 2254 2148 2346 impraegnata
2191 2257 2298 2320 est

660 2364 744 2435 de
776 2365 1116 2437 masculo.

752 2478 1006 2551 Adhuc
1064 2489 1302 2551 autem
1345 2481 1421 2551 in
1464 2481 1815 2576 principio
1866 2480 2302 2573 impraegna-

664 2593 878 2663 tionis
957 2601 1247 2689 propter
1306 2592 1379 2664 id
1457 2593 1653 2689 quod
1699 2592 2072 2687 superfluit
2112 2590 2301 2661 ultra

662 2706 898 2778 cibum
975 2716 1360 2803 conceptus
1438 2707 1525 2779 de
1612 2706 1915 2779 humore
1992 2714 2292 2786 retent0‚

665 2818 1115 2890 mollificatur
1145 2827 1379 2891 totum
1426 2843 1687 2915 corpus
1731 2821 2192 2914 praegnantis,
2230 2826 2299 2889 et

668 2932 740 3001 in
775 2932 910 3003 tine
943 2931 1244 3004 eflicitur
1291 2931 1563 3015 duriuS,
1601 2956 1685 3003 eo
1719 2931 1912 3027 quod
1942 2940 2110 3002 tunc
2152 2955 2299 3002 ma-

666 3046 773 3138 gis
805 3044 1092 3116 attrahit
1133 3054 1521 3140 conceptus
1553 3044 1640 3116 de
1672 3044 2095 3116 humiditate
2137 3067 2300 3113 san-

658 3159 917 3254 guinis.
983 3157 1238 3231 Adhuc
1324 3167 1567 3231 autem
1614 3161 1706 3231 ·si
1786 3159 2296 3255 impraegnatur

656 3272 890 3366 puella
921 3272 1096 3343 citra
1126 3296 1355 3343 annos
1397 3270 1834 3367 quindecim,
1879 3273 2172 3342 timetur
2227 3270 2290 3341 ei

658 3408 850 3455 mors
909 3394 1198 3480 propter
1266 3385 1693 3481 parvitatem
1755 3386 2090 3463 matricis,
2158 3384 2294 3452 nisi

658 3498 747 3569 sit
777 3497 982 3570 valde
1014 3521 1305 3592 magna,
1341 3496 1538 3592 quod
1578 3498 1937 3592 quantitas
1979 3497 2295 3591 corporis

658 3608 977 3704 suppleat
1020 3609 1375 3680 defectum
1409 3610 1666 3680 aetatis.
1704 3608 1897 3680 Mors
1930 3610 2140 3680 etiam
2173 3632 2299 3679 ac-

659 3723 824 3794 cidit
877 3722 1033 3792 aliis
1080 3721 1506 3794 mulieribus
1550 3722 1959 3818 frequenter
2008 3722 2294 3817 quando

660 3835 1143 3931 imprregnatis
1203 3833 1459 3907 accidit
1507 3834 1859 3931 aegritudo
1915 3844 2124 3908 acuta
2180 3834 2295 3907 vel

658 3956 1021 4042 apostema
1112 3949 1184 4019 in
1262 3949 1557 4020 matrice
1623 3971 1640 4018 ε
1706 3958 1778 4020 et
1841 3950 1916 4019 in
1980 3949 2295 4044 periculo

660 4061 873 4130 etiam
915 4069 1020 4132 est
1048 4070 1468 4156 conceptus,
1514 4060 1699 4134 sicut
1736 4060 2048 4132 diximus
2078 4085 2300 4157 supe-

662 4173 832 4244 rius.
872 4172 1165 4270 Experti
1223 4174 1444 4246 etiam
1512 4173 1773 4247 docent
1830 4174 2082 4246 medici
2126 4197 2300 4270 pro-

660 4283 828 4357 bare
853 4310 946 4357 an
975 4286 1217 4382 aliqua
1267 4289 1360 4359 sit
1397 4311 1783 4383 proegnans
1826 4311 1843 4357 ε
1879 4287 2050 4359 dant
2105 4289 2296 4359 enim

659 4422 923 4494 aquam
966 4399 1197 4472 mellis
1225 4400 1379 4472 sive
1419 4400 1897 4474 mellicratum
1958 4425 2046 4473 ex
2087 4401 2296 4472 melle

659 4535 805 4584 non
865 4512 1289 4609 despumato
1320 4513 1588 4587 factum
1657 4513 1838 4586 duas
1904 4517 2176 4596 uncias,
2231 4523 2302 4586 et

659 4623 1170 4721 distemperant
1217 4625 1397 4699 illud
1452 4650 1618 4700 cum
1662 4626 1961 4723 aequalis
2010 4629 2303 4724 quanti-

658 4738 822 4808 tatis
879 4759 1063 4833 aqua
1117 4737 1382 4833 pluvioe
1421 4748 1548 4811 :et
1604 4739 1666 4810 si
1732 4741 1949 4810 sentit
1986 4738 2295 4821 dolores,

658 4851 1009 4922 torsiones
1081 4859 1153 4923 et
1208 4859 1598 4947 puncturas
1657 4859 1823 4948 post
1901 4861 2153 4948 potum
2231 4860 2303 4922 et

664 4987 1026 5048 somnum,
1109 4963 1357 5037 dicunt
1421 4965 1970 5061 impraegnatam
2050 4989 2203 5038 esse
2278 4988 2293 5034 :

662 5077 1002 5170 quoniam
1036 5086 1206 5151 tunc
1245 5080 1509 5151 matrix
1539 5101 1670 5150 suo
1698 5077 2012 5174 pondere
2040 5080 2301 5175 premit

661 5188 1074 5261 intestinum
1132 5191 1327 5287 quod
1396 5192 1605 5263 colon
1664 5198 1985 5272 vocatur,
2021 5200 2092 5262 et
2161 5191 2302 5262 im-

662 5301 854 5397 pedit
877 5304 1256 5375 transitum
1295 5304 1749 5376 ventositatis
1784 5327 1801 5374 t
1836 5314 2050 5400 potus
2104 5305 2297 5375 enim

660 5418 868 5490 valde
904 5428 1247 5492 ventosus
1279 5428 1411 5493 est.
1454 5420 1546 5493 Et
1576 5420 1717 5492 alia
1746 5420 1975 5491 multa
2013 5429 2180 5491 sunt
2210 5421 2300 5490 si·

662 5556 802 5630 gna
830 5537 1379 5633 praegnantium.

758 5646 938 5721 Cum
968 5659 1208 5725 autem
1240 5652 1648 5750 conceperit
1672 5676 1980 5749 sperma,
2014 5652 2198 5726 sicut
2226 5654 2300 5724 in

666 5760 1092 5836 antehabitis
1123 5765 1396 5839 dictum
1455 5775 1589 5853 est,
1624 5769 1941 5864 primum
1991 5765 2184 5861 quod
2221 5765 2304 5837 fit

663 5878 739 5950 in
769 5879 927 5975 ipso
955 5888 1062 5953 est
1085 5881 1544 5976 spumositas‚
1582 5904 1802 5980 quam
1841 5880 2009 5953 facit
2036 5881 2112 5952 in
2141 5881 2299 5976 ipso

659 5991 889 6064 virtus
963 5990 1350 6068 formative
1406 6017 1539 6092 per
1609 5995 1940 6093 spiritum
2006 5992 2300 6065 vitalem

1710 370 1801 441 D.
1858 369 2065 440 ALB.
2121 366 2349 439 MAG.
2408 367 2628 442 ORD.
2684 372 2998 447 PRAED.

2415 551 2747 625 videlicet
2805 564 2873 627 et
2923 556 3317 629 naturalem
3360 567 3430 629 et
3469 558 3880 643 animalem,
3927 562 4051 654 qui

2416 671 2586 766 sunt
2652 667 2725 735 in
2795 668 2974 761 ipso.
3012 668 3208 740 Facit
3267 694 3436 765 ergo
3505 670 4048 765 spumositatem

2419 775 2705 867 quando
2783 787 3024 850 movet
3082 805 3667 876 unumquemque
3745 783 4045 852 istorum

2416 886 2795 980 spirituum
2854 891 2943 961 ad
3029 917 3230 963 suam
3322 896 3673 989 originem
3738 894 4046 990 primam

2416 1022 2575 1093 quae
2609 1011 2715 1073 est
2771 1004 2969 1076 locus
3013 1004 3271 1089 cordiS,
3337 1018 3410 1080 et
3455 1009 3840 1080 secundam
3886 1031 4046 1104 quae

2416 1120 2523 1182 est
2575 1112 2773 1186 locus
2823 1114 3099 1211 hepatis
3159 1126 3228 1189 et
3273 1117 3545 1190 cerebri
3582 1142 3598 1189 ε
3641 1128 3712 1191 et
3757 1128 4052 1215 propter

2414 1223 2552 1295 hoc
2581 1226 2813 1321 prima
2861 1227 3180 1301 ebullitio
3231 1238 3382 1301 tota
3430 1239 3536 1301 est
3584 1230 3673 1301 ad
3701 1230 4045 1314 medium,

2416 1346 2495 1407 ut
2525 1338 2723 1412 locus
2746 1343 2939 1413 cordi
2969 1353 3429 1439 praeparetur.
3468 1344 3559 1416 Et
3589 1345 3845 1417 deinde
3872 1345 4055 1416 fiunt

2416 1452 2576 1525 duze
2615 1458 2868 1529 vesicae
2917 1460 3120 1554 quasi
3153 1458 3599 1533 adhaerentes
3642 1462 3706 1532 ei
3754 1485 3770 1531 ε
3827 1483 3972 1531 una
4012 1486 4055 1533 a

2417 1566 2683 1641 dextris
2714 1570 2804 1641 ad
2831 1570 3070 1643 locum
3102 1571 3402 1668 hepatis,
3429 1583 3500 1645 et
3527 1571 3687 1646 haec
3716 1573 4055 1670 impletur

2413 1684 2762 1778 sanguine
2794 1684 3014 1757 rubeo
3062 1709 3076 1755 :
3125 1695 3194 1757 et
3232 1686 3372 1758 alia
3430 1710 3648 1783 supra
3676 1688 3937 1782 ipsum,
3974 1695 4054 1757 ut

2414 1794 2504 1864 sit
2534 1794 2735 1868 locus
2774 1796 3072 1886 cerebri,
3114 1807 3185 1869 et
3214 1799 3555 1895 impletur
3583 1800 3932 1895 sanguine
3962 1798 4052 1870 ad

2413 1907 2813 1982 albedinem
2894 1910 3292 1984 declinante
3345 1923 3469 1985 :et
3537 1922 3708 1985 tunc
3763 1914 4051 2008 spiritus

2414 2023 2534 2114 qui
2570 2031 2678 2093 est
2717 2025 2789 2093 in
2821 2023 3057 2095 medio
3100 2025 3439 2110 materiae,
3484 2023 3840 2095 sufflando
3883 2048 4052 2119 per-

2414 2142 2597 2207 forat
2628 2165 2812 2218 cain,
2851 2150 2918 2208 ct
2950 2165 3075 2232 per
3107 2141 3260 2209 illas
3305 2143 3453 2209 vias
3486 2141 3829 2210 emundat
3861 2166 4046 2220 eain,

2414 2256 2482 2319 et
2505 2248 2888 2321 introducit
2907 2251 3424 2323 nutrimentum
3447 2252 3817 2346 sanguinis
3849 2274 4054 2322 men-

2413 2363 2592 2434 strui
2638 2386 2655 2435 :
2692 2371 2763 2435 et
2802 2373 2973 2435 tunc
3002 2372 3280 2436 creatur
3308 2364 3691 2435 umbilicus
3739 2387 3756 2435 ε
3789 2363 4046 2435 vesicae

2413 2477 2608 2546 enim
2638 2476 2871 2548 cordis
2920 2486 2991 2549 et
3055 2475 3331 2573 hepatis
3374 2486 3445 2551 et
3474 2476 3745 2550 cerebri
3776 2498 4049 2573 praece-

2412 2586 2594 2659 dunt
2659 2588 2979 2661 umbilici
3038 2592 3495 2662 creationem.
3546 2588 3688 2662 Sed
3729 2587 4054 2685 comple-

2412 2714 2737 2775 mentum
2770 2704 3124 2777 dictorum
3162 2705 3654 2777 membrorum
3707 2704 4056 2801 posterio-

2413 2827 2612 2888 ratur
2666 2819 3193 2914 complemento
3274 2818 3596 2890 umbilici
3673 2843 3689 2889 :
3760 2825 3830 2889 et
3881 2826 4052 2889 tunc

2410 2928 2595 2999 fiunt
2645 2929 3003 3022 panniculi
3044 2930 3300 3025 quibus
3333 2930 3724 3002 involvitur
3765 2953 3856 3001 ex
3887 2953 4052 3001 ma-

2410 3042 2587 3112 teria
2640 3066 2854 3136 quam
2897 3067 3110 3139 supra
3169 3044 3827 3116 determinavimus.
3869 3042 4049 3114 Cum

2411 3154 2605 3226 enim
2646 3178 2927 3251 sperma
2956 3156 3110 3252 jam
3152 3157 3422 3230 siccum
3454 3163 3583 3238 est,
3621 3164 3691 3228 et
3761 3162 4048 3251 spumat

2411 3276 2482 3338 et
2553 3277 2873 3362 penetrat
2931 3270 3003 3339 in
3074 3268 3511 3365 profundum
3572 3267 4052 3340 vesicularum

2412 3378 2789 3463 dictarum,
2825 3390 2994 3453 tunc
3062 3391 3444 3476 generatur
3489 3380 3917 3477 panniculus
3962 3404 4052 3451 ex

2409 3505 2763 3587 spermate
2821 3495 3150 3566 muliebri
3211 3497 3406 3590 quod
3474 3504 3719 3567 movet
3766 3517 4052 3589 sperma

2407 3608 2572 3691 viri,
2616 3618 2683 3678 et
2716 3610 2955 3679 statim
2997 3618 3159 3704 post
3206 3606 3344 3681 hoc
3384 3608 3843 3704 suspenditur
3871 3630 4052 3679 con-

2407 3720 2764 3791 tinuatum
2834 3744 2998 3792 cum
3057 3722 3251 3816 poris
3318 3721 3631 3793 matricis
3678 3744 3695 3790 :
3743 3719 3912 3815 quia
3960 3742 4048 3790 ex

2406 3835 2604 3929 poris'
2654 3837 3030 3920 nutrietur,
3101 3845 3173 3908 et
3229 3860 3374 3907 non
3444 3860 3535 3907 ex
3605 3833 4044 3931 panniculo:

2411 3946 2546 4017 nisi
2581 3945 2759 4018 forte
2809 3946 3151 4042 quamdiu
3181 3947 3423 4019 mollis
3463 3958 3569 4018 est
3601 3944 4035 4043 panniculus

2409 4067 2483 4131 et
2521 4057 2811 4153 quando
2841 4081 3095 4152 parum
3124 4058 3332 4129 valde
3380 4061 3644 4153 accipit
3698 4057 3786 4130 de
3826 4057 4064 4128 nutri-

2409 4180 2655 4241 mento
2703 4179 2825 4241 :et
2864 4172 3106 4242 statim
3173 4169 3701 4267 aliquantulum
3758 4169 4053 4241 indura-

2408 4292 2526 4354 tus
2584 4282 3009 4377 panniculus
3059 4284 3370 4355 nutritur
3436 4307 3564 4379 per
3602 4305 3817 4379 poros
3881 4281 4053 4377 qui-

2410 4393 2547 4465 bus
2584 4396 3045 4466 continuatur
3079 4420 3205 4489 per
3242 4404 3513 4467 tactum
3542 4404 3617 4467 et
3663 4392 4051 4466 adhaeren-

2410 4509 2613 4580 tiam.
2659 4507 2751 4579 lli
2782 4519 3023 4581 autem
3081 4509 3238 4605 pori
3287 4518 3455 4581 sunt
3504 4518 3786 4582 meatus
3823 4532 4046 4581 veno-

2412 4621 2503 4692 si.

2508 4743 2767 4816 Postea
2818 4753 3056 4816 autem
3114 4742 3457 4819 dividitur
3515 4744 3943 4841 panniculus
3972 4744 4045 4815 in

2411 4856 2833 4951 panniculos
2883 4867 3048 4930 tres.
3107 4858 3248 4930 Cor
3303 4861 3496 4930 enim
3558 4861 3875 4954 primum
3916 4868 4046 4939 est,

2413 4974 2609 5064 quod
2685 4980 2964 5042 creatur
3016 4973 3345 5066 quamvis
3413 4972 3704 5067 quidam
3736 4969 4050 5044 medico-

2412 5104 2575 5152 rum
2661 5083 2901 5154 dicant
2965 5085 3275 5178 primum
3344 5084 3568 5156 creari
3648 5081 4046 5167 cerebrum,

2412 5194 2838 5288 accipientes
2896 5197 3182 5290 signum
3249 5196 3322 5266 in
3362 5195 3562 5292 pullo
3604 5196 3677 5266 in
3717 5218 3861 5290 quo
3894 5217 4056 5264 ma-

2413 5310 2667 5384 nifeste
2710 5315 2943 5408 primo
2980 5323 3261 5384 creatur
3287 5311 3660 5385 cerebrum
3691 5321 3764 5384 et
3801 5310 3991 5384 oculi
4027 5333 4044 5380 :

2410 5448 2559 5497 non
2602 5427 2793 5497 enim
2824 5424 2963 5498 boc
3002 5436 3236 5522 potest
3275 5448 3454 5508 esse,
3490 5425 3674 5497 sicut
3721 5426 4048 5520 superius

2409 5539 2875 5636 probavimus
2939 5564 2955 5612 ε
3009 5539 3134 5613 sed
3200 5539 3524 5634 deceptio
3588 5548 3697 5611 est
3753 5562 3843 5612 ex
3881 5536 4050 5624 hoc,

2413 5654 2608 5750 quod
2665 5678 2789 5727 cor
2860 5657 2933 5726 in
2991 5652 3420 5726 animalibus
3462 5653 3748 5749 quando
3812 5653 4047 5749 primo

2408 5765 2787 5856 formatur,
2830 5790 2977 5839 uon
3017 5775 3124 5837 est
3160 5763 3619 5838 manifestum
3656 5789 3673 5836 :
3710 5764 3835 5837 sed
3867 5765 4047 5837 ratio

2407 5876 2666 5973 probat
2735 5878 2832 5948 ita
2905 5900 3061 5951 esse
3137 5884 3218 5948 ut
3288 5875 3627 5949 diximus.
3690 5874 4047 5947 Dixerunt

2411 5989 2628 6064 etiam
2663 5987 2911 6086 aliqui,
2946 5988 3141 6086 quod
3165 5989 3486 6087 primum
3535 5988 3731 6087 quod
3767 5996 4052 6061 creatur
