4919 6371
517 453 643 520 392

517 629 617 686 est
672 619 845 684 sicut
913 612 1329 700 emhryonis,
1405 615 1734 703 quoniam
1774 613 2077 682 funditur

519 728 600 792 ab
642 746 721 791 eo
763 721 893 787 tela
933 719 1153 809 pellis,
1199 721 1373 789 sicut
1405 721 1490 788 ab
1522 723 1895 812 embryone
1927 721 2079 784 sun-

521 830 701 897 ditur
748 825 1143 893 secundina.

615 932 943 1001 Similiter
972 941 1201 1002 autem
1242 935 1486 1002 accidit
1524 931 1879 1001 annulosis
1917 929 2081 1016 reji-

522 1041 853 1110 cientibus
927 1050 1372 1118 senectutem,
1453 1043 1630 1107 sicut
1713 1037 1925 1115 ciliki,
2014 1046 2081 1103 et

520 1147 798 1227 hauhet‚
860 1159 925 1217 et
980 1173 1062 1216 ex
1102 1149 1200 1215 eis
1241 1170 1393 1236 quae
1431 1145 1688 1214 hahent
1726 1143 1866 1212 alas
1913 1166 2082 1212 coo-

521 1265 767 1349 pertaS‚
801 1257 974 1323 sicut
1001 1277 1082 1321 ea
1111 1276 1262 1343 quae
1292 1252 1549 1320 habent
1579 1254 1832 1320 ramiti.
1870 1252 2078 1318 Simi-

521 1365 674 1433 liter
710 1372 935 1431 autem
977 1360 1294 1452 quaedam
1335 1383 1420 1428 ex
1467 1361 1573 1429 his
1614 1384 1768 1453 quae
1807 1361 2081 1451 pariunt

520 1492 808 1546 vermes,
860 1490 899 1534 a
946 1467 1194 1555 quibus
1236 1469 1449 1556 ejecta
1507 1469 1705 1560 pellis
1735 1467 2073 1544 sallacom,

443 1567 448 1570 ¹
522 1580 654 1648 hoc
698 1583 821 1655 est,
881 1577 1185 1643 eximam
1242 1585 1553 1645 vocatur.
1600 1576 1788 1645 Idem
1848 1584 2078 1642 autem

525 1685 762 1754 accidit
803 1686 1027 1775 vespis
1067 1693 1133 1752 et
1170 1683 1476 1753 locustis.
1520 1684 1817 1752 Taacom
1848 1691 2077 1751 autem

525 1793 707 1884 quod
761 1800 863 1862 est
917 1816 1132 1883 genus
1173 1792 1481 1871 locustae,
1562 1792 1837 1883 quando
1891 1791 2081 1859 exuit

528 1908 828 1969 recenter
857 1900 1117 1967 corium
1164 1921 1394 1977 suum,
1437 1899 1662 1989 primo
1702 1907 1934 1967 manet
1962 1920 2083 1964 su-

526 2031 646 2099 per
673 2007 947 2075 arbores
977 2005 1173 2074 olivae
1215 2014 1280 2073 et
1309 2029 1564 2074 cannas
1600 2029 1614 2071 ε
1653 2014 1719 2074 et
1747 2029 1903 2073 cum
1935 2006 2085 2073 fun-

527 2116 708 2182 ditur
770 2116 1073 2183 eximum
1130 2114 1316 2206 quod
1375 2122 1518 2182 erat
1575 2136 1780 2205 super
1828 2117 2077 2204 ipsum,

528 2226 665 2291 exit
693 2224 945 2291 animal
983 2223 1067 2290 ab
1101 2245 1210 2302 eo,
1254 2231 1320 2290 et
1349 2223 1642 2313 acquirit
1680 2222 1766 2290 ab
1815 2244 1896 2289 eo
1927 2243 2086 2289 mo-

529 2332 753 2399 dicum
793 2330 1219 2398 humiditatis
1276 2353 1292 2398 :
1364 2329 1609 2398 deinde
1650 2329 1942 2397 exsiccat
1997 2329 2081 2396 ad

528 2437 769 2517 solem,
829 2445 983 2528 post
1032 2438 1380 2505 modicum
1421 2444 1694 2528 tempus
1747 2435 1956 2513 volat,
2019 2446 2085 2503 et

528 2544 777 2612 sibilat.

621 2650 892 2718 Karabo
959 2662 1187 2719 autem
1255 2659 1324 2719 et
1398 2657 1732 2729 astacnm,
1776 2647 1908 2718 hoc
1955 2658 2081 2731 est,

532 2780 773 2827 cancer
800 2782 883 2826 ex
914 2758 1326 2827 animalibus
1357 2758 1641 2824 marinis
1674 2765 1935 2826 exuunt
1962 2781 2085 2823 sua

532 2871 715 2935 coria
753 2867 1119 2959 aliquando
1190 2869 1257 2935 in
1309 2890 1496 2945 vere,
1544 2865 1912 2957 aliquando
1953 2890 2085 2935 au-

533 2984 668 3044 tem
705 2977 772 3043 in
803 2985 1160 3044 autumn0.
1194 2976 1351 3043 Jam
1401 2977 1586 3042 enim
1627 2972 2085 3063 deprehendi-

531 3095 642 3153 tur
696 3085 1059 3176 aliquando
1121 3084 1380 3152 karabo
1429 3091 1584 3176 post
1613 3106 1814 3150 suum
1857 3091 2083 3151 ortum

531 3202 598 3262 et
626 3202 919 3286 partum,
977 3206 1044 3263 et
1090 3195 1450 3263 inveniunt
1514 3199 1760 3261 testam
1801 3215 1952 3285 quae
1983 3203 2080 3262 est

532 3302 602 3368 in
659 3301 943 3369 circuitu
1000 3303 1296 3392 pectoris
1371 3299 1682 3385 mollem,
1753 3302 2081 3391 quoniam

1524 442 1607 510 D.
1659 440 1860 510 ALB.
1911 437 2130 507 MAG.
2183 436 2390 506 ORD.
2444 438 2741 507 PRAED.

2187 608 2472 674 scissum
2516 617 2615 674 est
2656 608 2740 675 ab
2783 631 2862 675 eo
2902 607 3146 675 durum
3190 613 3502 681 testeum,
3548 604 3731 693 quod

2187 721 2329 780 erat
2352 723 2508 781 ante
2539 738 2740 805 super
2764 715 2982 805 ipsum
3022 735 3035 778 ε
3072 721 3135 779 et
3175 713 3305 777 alia
3347 712 3493 778 loca
3522 734 3738 778 mem-

2187 821 2467 889 brorum
2518 825 2661 912 ejus
2693 823 2911 892 adhuc
2941 823 3110 891 dura
3139 824 3597 899 inveniuntur,
3650 844 3732 889 eo

2189 932 2371 1023 quod
2419 932 2642 1001 adhuc
2707 942 2877 1002 testa
2943 933 3158 1001 divisa
3203 936 3303 997 est
3357 931 3440 997 ab
3483 932 3605 1009 eiS‚
3651 954 3732 997 eo

2189 1039 2370 1131 quod
2409 1040 2494 1106 ab
2537 1040 2681 1108 istis
2717 1047 2891 1109 testa
2918 1062 3057 1107 non
3102 1039 3464 1128 deponitur
3500 1038 3570 1103 in
3610 1060 3735 1127 ge-

2189 1170 2347 1215 nere
2377 1146 2637 1215 karabo
2668 1149 2842 1214 sicut
2867 1168 3144 1237 serpens
3175 1144 3505 1235 exspoliat
3535 1167 3732 1213 suam

2190 1256 2437 1347 pellem
2475 1281 2492 1325 ε
2524 1255 2782 1324 karabo
2839 1257 3021 1323 enim
3071 1255 3231 1321 latet
3296 1254 3363 1319 in
3420 1254 3728 1320 cavernis

2190 1386 2310 1453 per
2408 1365 2709 1454 quinque
2792 1383 3057 1430 menses
3124 1360 3393 1427 hiemis.
3495 1356 3736 1426 Cancri

2191 1472 2393 1539 etiam
2439 1479 2702 1538 exuunt
2741 1477 3157 1539 senectutem
3194 1490 3208 1533 ε
3243 1476 3311 1535 et
3346 1466 3474 1533 hoc
3520 1487 3738 1557 gene-

2193 1578 2420 1648 raliter
2465 1579 2850 1647 confessum
2891 1586 2991 1645 est
3021 1575 3384 1646 convenire
3414 1573 3734 1644 omnibus

2189 1688 2297 1756 his
2337 1690 2456 1778 qui
2493 1688 2720 1757 mollis
2757 1696 2944 1756 testae
2981 1695 3161 1754 sunt.
3205 1684 3470 1752 Dicitur
3506 1690 3735 1752 autem

2192 1806 2257 1864 et
2308 1795 2415 1864 his
2455 1797 2755 1865 accidere
2807 1817 2959 1886 quae
3016 1802 3173 1861 sunt
3208 1792 3398 1859 testei
3459 1792 3626 1859 corii
3665 1797 3731 1858 et

2192 1904 2366 1982 duri,
2400 1905 2574 1972 sicut
2603 1901 2879 1972 animali
2911 1899 3095 1993 quod
3123 1907 3407 1968 vocatur
3435 1897 3725 1965 mehom.

2193 2009 2364 2078 Cum
2404 2018 2633 2078 autem
2671 2010 2931 2078 exuerit
2967 2030 3206 2076 cancer
3262 2012 3500 2072 testam
3545 2011 3739 2072 vete-

2196 2141 2365 2196 rem,
2400 2117 2689 2185 efficitur
2727 2124 2896 2184 testa
2925 2137 3048 2183 sua
3101 2112 3294 2180 valde
3337 2111 3562 2179 mollis
3605 2134 3620 2177 ε
3674 2120 3741 2179 et

2198 2226 2349 2294 ideo
2409 2227 2481 2291 in
2539 2231 2840 2314 tempore
2917 2221 3033 2290 illo
3090 2219 3314 2289 cancri
3380 2240 3518 2285 non
3567 2217 3739 2285 bene

2196 2339 2479 2425 possunt
2512 2329 2881 2398 ambulare.
2945 2328 3042 2395 Ea
3079 2333 3308 2394 autem
3348 2348 3499 2417 quae
3530 2324 3737 2392 talem

2198 2449 2272 2509 ut
2323 2460 2566 2508 cancer
2590 2438 2843 2506 habent
2881 2435 3424 2527 dispositionem,
3462 2454 3600 2499 non
3639 2454 3741 2498 se-

2200 2546 2333 2615 mel
2372 2544 2857 2637 exspoliantur,
2890 2541 3009 2611 sed
3047 2540 3387 2609 multoties
3428 2540 3496 2605 in
3543 2537 3741 2605 dura-

2198 2656 2383 2723 tione
2424 2663 2491 2722 et
2517 2652 2796 2744 periodo
2837 2655 2991 2720 vitoe
3016 2673 3182 2718 suan

2292 2761 2404 2829 Sic
2443 2783 2605 2850 ergo
2655 2760 2908 2828 dictum
2947 2766 3047 2825 est
3095 2778 3244 2847 quae
3276 2761 3432 2820 sunt
3471 2750 3740 2818 anima-

2201 2870 2288 2936 lia
2356 2869 2630 2936 latentia
2698 2868 2765 2935 in
2821 2864 3126 2934 cavernis
3166 2870 3226 2929 et
3279 2859 3480 2937 nidis,
3515 2865 3577 2924 et
3619 2879 3739 2948 per

2200 2985 2530 3067 quantum
2569 2983 2861 3065 tempus,
2907 2982 2973 3041 et
3003 2994 3139 3064 quo
3179 2979 3506 3058 tempore.

2282 3083 2558 3151 Dictum
2653 3091 2749 3150 est
2826 3081 3053 3156 etiam,
3162 3074 3344 3168 quod
3419 3069 3739 3138 animalia

2195 3192 2576 3285 spoliantur
2628 3199 2998 3274 senectute,
3067 3194 3132 3255 et
3188 3193 3378 3277 quot,
3413 3190 3477 3248 et
3521 3201 3737 3270 quan-

2194 3301 2306 3367 do,
