4919 6371
646 263 773 329 620

642 437 715 492 ut
745 434 897 492 ante
930 425 1255 503 diximus,
1302 424 1447 494 haec
1485 451 1624 496 non
1664 439 1821 497 sunt
1866 433 1993 498 nisi
2036 453 2195 497 san-

641 533 792 623 guis
842 531 1053 598 facilis
1113 533 1530 603 decoctionis
1577 546 1642 605 et
1701 540 2188 613 conversioniS,

643 642 755 730 qui
804 663 943 707 non
991 649 1092 708 est
1145 643 1472 711 membris
1519 669 1668 736 quae
1707 654 1858 713 actu
1891 646 2195 712 membra

639 755 796 814 sunt
853 749 1291 819 assimilatus.
1337 752 1773 821 Manifestum
1825 761 1924 820 est
1964 754 2188 840 igitur,

638 853 821 944 quod
849 856 904 921 si
936 864 1159 925 totum
1198 882 1447 949 corpus
1494 868 1610 926 aut
1649 858 1781 925 tale
1830 859 2179 931 efficiatur,

639 969 755 1029 aut
785 963 1028 1031 talibus
1086 969 1456 1057 operiatur,
1511 967 1772 1032 amittet
1811 986 2088 1030 sensum
2128 968 2192 1028 et

637 1078 966 1142 morietur
1033 1097 1049 1141 ε
1119 1082 1402 1164 propter
1456 1074 1642 1163 quod
1699 1075 1830 1139 cito
1897 1072 2186 1139 senescit

636 1183 888 1249 animal
973 1180 1208 1247 multae
1282 1179 1716 1270 pinguedinis
1798 1202 1812 1245 :
1912 1179 2187 1267 sanguis

635 1292 815 1357 enim
865 1290 1011 1376 ejus
1051 1310 1210 1355 cum
1241 1295 1543 1355 transeat
1572 1288 1640 1355 in
1667 1285 2185 1377 pinguedinem,

634 1404 735 1464 est
761 1417 1044 1486 paucus.
1083 1392 1415 1462 Senectus
1459 1403 1687 1462 autem
1736 1402 1803 1462 et
1849 1394 2190 1482 corruptio

632 1522 771 1567 non
796 1500 1228 1589 contingunt,
1265 1500 1396 1566 nisi
1436 1521 1522 1566 ex
1550 1500 1889 1589 paucitate
1920 1497 2193 1587 sangui-

632 1607 738 1674 nis
777 1629 916 1673 non
947 1605 1120 1674 bene
1159 1605 1487 1675 membris
1517 1605 1875 1673 assimilati
1927 1627 1942 1672 :
1985 1626 2187 1672 omne

630 1716 812 1781 enim
843 1714 1030 1805 quod
1059 1721 1164 1782 est
1181 1715 1380 1805 pauci
1403 1714 1778 1805 sanguinis,
1816 1713 2186 1780 multarum

630 1828 730 1888 est
769 1822 1208 1888 occasionum
1231 1821 1852 1909 corrumpentium,
1888 1841 1969 1885 eo
1999 1817 2183 1908 quod

629 1927 826 1993 citius
865 1933 932 1993 et
961 1925 1226 1993 facilius
1266 1927 1669 1992 immutatur
1716 1948 1799 1992 ex
1836 1923 2081 2014 frigido
2122 1930 2187 1991 et

629 2033 872 2103 calido.

715 2141 961 2210 Adhuc
988 2150 1221 2209 autem
1263 2140 1516 2209 animal
1559 2140 1792 2209 multae
1822 2141 2185 2232 pinguedi-

626 2254 757 2330 niS,
791 2272 1024 2342 paucae
1055 2257 1159 2319 est
1185 2252 1646 2341 generationis
1687 2257 1754 2316 et
1781 2252 2023 2327 coituS,
2069 2258 2183 2318 aut

625 2358 798 2426 forte
852 2357 1110 2426 nullius
1185 2357 1472 2425 omnino
1529 2366 1808 2448 propter
1871 2356 2181 2425 eamdem

625 2465 1260 2556 causamtsanguis
1303 2465 1487 2532 enim
1545 2465 1663 2554 qui
1717 2485 1987 2554 sperma
2032 2462 2182 2531 effi-

622 2582 910 2652 ceretur,
929 2573 1172 2640 transit
1192 2574 1264 2639 in
1284 2571 1797 2662 pinguedinem,
1814 2581 2178 2662 antequam

621 2680 887 2769 corpori
919 2680 1337 2748 assimiletur
1374 2689 1442 2747 et
1488 2679 1571 2747 ad
1624 2703 1785 2747 vasa
1818 2681 2179 2747 seminaria

619 2787 1003 2855 descendat.
1053 2786 1168 2856 Sic
1200 2789 1410 2878 igitur
1451 2786 1705 2855 dictum
1755 2796 1857 2855 est
1896 2788 1979 2855 de
2016 2811 2179 2855 san-

617 2896 846 2986 guine,
905 2903 973 2963 et
1028 2897 1437 2986 aquositate,
1484 2903 1551 2962 et
1614 2896 2051 2986 pinguedine,
2111 2904 2178 2963 et

613 3001 825 3077 zirbo,
862 3010 929 3070 et
957 3003 1181 3070 causis
1223 3024 1489 3070 eorum.

701 3109 1018 3202 Amplius
1056 3119 1288 3178 autem
1320 3110 1620 3178 medulla
1650 3132 1800 3201 qnae
1832 3118 1932 3177 est
1962 3112 2030 3178 in
2069 3134 2176 3179 os·

613 3220 826 3298 sibus,
870 3226 972 3287 est
1002 3226 1265 3287 naturae
1294 3221 1691 3310 sanguineae
1725 3242 1741 3286 :
1801 3242 1940 3287 non
1989 3221 2171 3287 enim

608 3347 849 3393 verum
880 3333 982 3392 est
1011 3325 1200 3416 quod
1230 3325 1491 3416 opinati
1532 3333 1689 3393 sunt
1731 3324 1928 3393 multi
1977 3327 2174 3393 Anti-

611 3455 931 3523 quorum,
1001 3432 1187 3523 quod
1235 3431 1555 3502 videlicet
1618 3433 1706 3500 sit
1771 3457 1855 3501 ex
1920 3434 2169 3503 virtute

609 3541 970 3630 spermatis
999 3561 1083 3608 ex
1113 3563 1255 3631 quo
1283 3550 1652 3631 generatur
1680 3538 1988 3630 embryo.
2024 3539 2169 3608 lloc

607 3654 837 3713 autem
868 3645 1309 3714 manifestum
1339 3654 1441 3715 est
1471 3648 1539 3713 in
1569 3646 1965 3734 juvenibus,
2001 3668 2168 3737 quo-

603 3775 755 3820 rum
788 3752 1096 3821 membra
1124 3755 1432 3843 corporis
1454 3753 1703 3821 similia
1725 3777 1810 3822 ex
1835 3756 2165 3844 sanguine

600 3868 1070 3929 sustentantur
1098 3867 1167 3929 et
1203 3860 1541 3929 cibantur.
1578 3860 1875 3929 Medulla
1904 3871 2158 3939 autem,

600 3969 772 4036 sicut
810 3968 1135 4048 diximuS,
1169 3977 1273 4038 est
1299 3970 1723 4060 superfluum
1765 3971 2160 4038 nutrimenti

602 4077 863 4142 ossium
902 4085 969 4143 et
998 4075 1195 4144 cibus
1223 4098 1491 4144 eorum.
1528 4075 1736 4144 Cibus
1775 4078 1959 4146 enim
2009 4101 2161 4145 em-

601 4179 941 4272 bryonmn
972 4189 1075 4250 est
1119 4183 1402 4272 sanguis
1444 4190 1872 4251 menstruus:
1920 4192 1985 4251 et
2025 4207 2158 4251 me·

601 4288 788 4357 (lulla
806 4311 958 4380 quae
996 4297 1100 4359 est
1131 4291 1201 4357 in
1240 4291 1384 4358 suis
1421 4289 1716 4369 ossibus,
1749 4298 1851 4360 est
1881 4293 2159 4382 sanguis

599 4398 985 4488 superfluus
1034 4399 1102 4466 in
1144 4398 1406 4465 ossium
1447 4420 1731 4465 suorum
1800 4398 1979 4466 cibe.
2032 4400 2159 4467 Co·

595 4509 701 4578 lor
719 4517 947 4576 autem
988 4506 1308 4576 medullae
1345 4507 1799 4599 embryonum
1822 4517 1888 4576 et
1917 4531 2158 4599 pueru-

596 4636 774 4692 rum,
818 4622 919 4683 est
965 4615 1415 4704 sanguineus,
1476 4614 1595 4682 sed
1651 4615 2054 4683 immutatur
2091 4625 2156 4684 et

598 4721 901 4805 albescit,
956 4721 1236 4813 quando
1293 4730 1603 4790 crescunt
1641 4724 1858 4812 pueri.
1916 4723 1993 4791 ln
2050 4726 2152 4792 in·

596 4839 943 4899 cremento
974 4832 1161 4899 enim
1200 4829 1606 4899 animalium
1645 4832 1996 4921 quodlibet
2036 4857 2155 4902 ca-

593 4938 809 5006 lidum
894 4939 1132 5028 recipit
1223 4938 1801 5007 immutationem.
1892 4940 1975 5007 Et
2056 4942 2154 5008 si-

594 5046 736 5114 mili
821 5047 1027 5115 modo
1116 5056 1472 5116 mutantur
1557 5046 1875 5116 medulloe
1948 5049 2156 5137 juve-

594 5177 786 5222 num.

678 5260 923 5330 Adhuc
970 5270 1203 5332 autem
1271 5262 1573 5332 medulla
1638 5262 1955 5332 animalis
2006 5263 2153 5355 pin-

588 5371 742 5462 guis
771 5376 874 5437 est
905 5367 1103 5438 valde
1145 5371 1466 5461 pinguis:
1509 5369 1784 5462 quando
1814 5372 1995 5439 enim
2039 5370 2151 5437 be-

584 5499 670 5545 ne
714 5477 1048 5568 digeritur
1112 5479 1398 5568 sanguis
1452 5477 1795 5557 animalis»,
1857 5477 2148 5546 eflicitur

587 5582 932 5675 pinguedo
960 5581 1069 5651 vel
1100 5581 1353 5666 ziz-bus,
1385 5585 1560 5653 sicut
1606 5592 1791 5676 patet
1832 5607 1955 5674 per
1992 5594 2147 5655 ante

1648 257 1730 325 D.
1787 258 1982 326 ALB.
2036 257 2251 326 MAG.
2306 258 2511 327 ORD.
2565 260 2856 328 PRAED.

2301 433 2500 499 dicta.
2544 432 2774 499 Zirbns
2826 440 3051 500 tamen
3117 441 3215 500 est
3271 433 3488 522 magis
3538 433 3851 522 digestus

2299 542 2577 629 sanguis
2607 564 2808 631 quam
2838 542 3179 633 pinguedo
3216 566 3229 608 ε
3268 550 3334 608 et
3365 541 3516 607 ideo
3551 539 3849 606 medulla

2299 668 2447 735 quae
2469 656 2569 714 est
2596 670 2679 714 ex
2707 653 3035 740 sanguine
3068 649 3309 716 melius
3342 647 3605 737 digesto
3638 670 3844 737 quam

2298 753 2663 842 pinguedo,
2741 756 2978 822 similis
3054 765 3155 822 est
3234 754 3419 821 zirbo
3477 779 3491 822 :
3566 763 3845 845 propter

2298 858 2480 948 quod
2510 860 2710 927 etiam
2740 862 3035 928 medulla
3064 862 3376 928 animalis
3409 862 3593 951 quod
3634 860 3840 927 habet

2295 987 2551 1032 cornua
2588 973 2650 1032 et
2706 967 2937 1033 dentes
2985 969 3053 1032 in
3097 967 3490 1034 mandibula
3540 967 3838 1034 interiori

2296 1081 2583 1153 tantum,
2616 1076 2853 1142 similis
2883 1084 2982 1143 est
3018 1077 3202 1143 zirbo
3235 1075 3539 1165 ejusdem
3580 1078 3841 1143 anima-

2295 1173 2399 1248 lis‘.
2430 1182 2701 1250 Animal
2739 1205 2899 1251 vero
2967 1182 3148 1273 quod
3202 1182 3408 1250 habet
3464 1181 3700 1250 dentes
3770 1185 3839 1248 in

2295 1297 2579 1379 utraque
2661 1290 3083 1369 mandibula,
3171 1290 3376 1358 habet
3469 1289 3841 1357 medullam

2294 1397 2570 1466 mollem
2601 1399 2890 1467 similem
2927 1400 3366 1491 pinguedini:
3430 1407 3498 1466 et
3526 1397 3686 1466 huic
3725 1421 3842 1465 as-

2293 1505 2626 1574 similatur
2652 1506 2946 1574 medulla
2998 1506 3441 1597 spondilium,
3511 1529 3594 1574 eo
3652 1506 3841 1597 quod

2292 1613 2492 1682 debet
2517 1637 2662 1682 esse
2692 1617 3011 1683 continua
3053 1623 3118 1683 et
3155 1618 3490 1682 transiens
3520 1637 3643 1705 per
3680 1637 3839 1682 om-

2292 1724 2404 1789 nia
2441 1721 2796 1813 spondilia.
2844 1721 2918 1789 Si
2965 1725 3144 1789 enim
3196 1721 3491 1789 medulla
3545 1721 3836 1812 spondi-

2291 1829 2459 1898 lium
2498 1838 2669 1899 esset
2705 1831 2944 1899 similis
2985 1830 3190 1906 zirbo,
3232 1852 3372 1898 non
3416 1838 3648 1921 posset
3684 1852 3832 1899 esse

2288 1940 2609 2006 continua
2636 1961 2757 2029 per
2791 1948 3003 2006 totam
3048 1938 3545 2029 longitudinem
3595 1938 3833 2006 transi·

2289 2048 2396 2107 tus
2424 2041 2529 2107 sui
2568 2063 2685 2131 per
2711 2041 3085 2132 spondilia:
3120 2063 3201 2109 eo
3242 2039 3427 2132 quod
3457 2040 3738 2107 durities
3768 2047 3837 2107 et

2291 2150 2707 2241 interpositio
2780 2150 3331 2219 membranarum
3419 2149 3831 2240 impedirent

2288 2258 2431 2345 ejus
2496 2258 3003 2325 continuitatem
3047 2280 3062 2324 :
3134 2257 3253 2325 sed
3308 2263 3485 2325 esset
3548 2256 3829 2324 humida

2287 2364 2560 2455 quidem
2591 2365 2859 2456 quando
2891 2373 2990 2434 est
3028 2365 3267 2443 calida,
3303 2374 3372 2434 et
3410 2364 3832 2434 conteribilis

2285 2473 2557 2565 quando
2587 2483 2760 2541 esset
2792 2473 3053 2564 frigida.

2370 2580 2611 2648 Adbuc
2659 2591 2879 2649 antem
2933 2581 3242 2671 quaedam
3310 2580 3633 2648 animalia
3690 2603 3827 2646 non

2282 2687 2565 2755 multam
2596 2685 2841 2755 liabent
2881 2688 3271 2765 medullam,
3317 2710 3470 2778 qua·
3511 2686 3826 2753 videlicet

2280 2815 2433 2860 ossa
2470 2791 2719 2861 liabent
2749 2793 2946 2860 sortia
2975 2802 3039 2859 et
3070 2792 3237 2860 dura
3268 2802 3335 2859 et
3372 2794 3613 2883 spissa,
3650 2795 3825 2858 sieut

2278 2906 2433 2965 sunt
2464 2922 2613 2966 ossa
2645 2898 2858 2966 leonis
2923 2900 2990 2965 in
3049 2897 3297 2989 quibus
3354 2921 3493 2966 non
3546 2906 3648 2966 cst
3690 2898 3819 2964 nisi

2277 3029 2485 3098 parva
2523 3005 2853 3073 medulla:
2889 3014 3165 3096 propter
3200 3005 3380 3095 qnod
3425 3006 3629 3072 etiam
3664 3006 3820 3095 qui-

2277 3113 2432 3180 dam
2465 3114 2721 3205 opinati
2758 3121 2938 3191 sunt,
3008 3111 3190 3204 qnod
3222 3135 3361 3179 non
3402 3120 3577 3179 esset
3620 3113 3688 3178 in
3721 3112 3821 3179 eis

2277 3220 2569 3289 medulla
2601 3223 2905 3293 omnino,
2931 3229 2994 3288 et
3025 3222 3363 3312 praecipue
3399 3221 3466 3287 in
3498 3242 3652 3287 osse
3684 3219 3821 3287 col-

2277 3329 2347 3397 li.
2382 3329 2500 3396 Est
2525 3337 2748 3397 autem
2780 3329 3232 3397 necessarium
3265 3329 3578 3405 onmino,
3631 3327 3815 3418 qnod

2273 3440 2340 3506 in
2363 3439 2638 3506 animali
2660 3437 2950 3529 perlecto
2972 3445 3087 3505 aut
3115 3439 3249 3504 sint
3269 3459 3426 3504 ossa
3454 3444 3576 3505 aut
3606 3460 3816 3505 mem·

2271 3546 2391 3614 bra
2418 3547 2887 3616 convenientia
2914 3544 3201 3622 ossibus,
3245 3568 3397 3635 qna·
3466 3551 3625 3611 sunt
3665 3543 3815 3612 loco

2271 3657 2553 3733 ossium,
2596 3655 2762 3723 sicut
2795 3662 2892 3721 est
2920 3655 3110 3745 spina
3146 3655 3212 3720 in
3270 3650 3551 3719 animali
3591 3674 3816 3743 aquo-

2268 3785 2369 3836 so,
2405 3771 2468 3829 et
2499 3760 2942 3851 serpentibus,
2986 3769 3048 3826 et
3098 3761 3165 3827 in
3226 3759 3358 3826 illis
3399 3758 3671 3826 ossibus
3745 3766 3812 3824 et

2267 3871 2480 3960 spinis
2542 3891 2809 3936 necesse
2885 3876 2981 3934 est
3041 3891 3185 3934 esse
3256 3866 3655 3945 medullam,
3725 3887 3808 3933 eo

2265 3978 2449 4066 quod
2498 3999 2579 4043 ex
2643 3973 2793 4042 cibo
2849 3998 2934 4041 ex
2988 3998 3124 4064 quo
3165 3983 3587 4065 generantur.
3623 3996 3807 4051 ossa,

2264 4089 2524 4171 oportet
2561 4083 2626 4148 in
2656 4079 2922 4148 ossibus
2960 4088 3025 4147 et
3073 4081 3286 4171 spinis
3337 4078 3593 4170 aliquid
3648 4080 3812 4147 reti-

2262 4189 2405 4255 neri
2448 4195 2795 4278 tamqnam
2825 4189 3270 4278 snpertluum,
3316 4185 3502 4277 quod
3558 4193 3658 4253 est
3723 4185 3808 4253 ad

2264 4296 2564 4386 ipsorum
2632 4295 3095 4386 irrigationem
3150 4304 3214 4361 et
3274 4295 3801 4362 nutrimentum.

2258 4401 2410 4469 .lam
2471 4410 2696 4470 antem
2753 4403 3062 4493 superius
3112 4401 3642 4469 determinatum
3673 4409 3801 4479 est,

2262 4511 2439 4601 quenl
2474 4513 2742 4601 sanguis
2773 4511 2961 4578 cibus
2984 4520 3076 4576 est
3121 4510 3431 4577 omnium
3465 4509 3807 4577 membro-

2262 4644 2436 4689 rum.
2483 4629 2544 4686 et
2608 4644 2690 4687 ex
2730 4622 2875 4711 ipso
2922 4629 3284 4709 generatur
3349 4617 3694 4710 pinguedo
3734 4627 3802 4686 et

2261 4726 2504 4798 zirbus,
2539 4733 2602 4792 et
2634 4725 2925 4793 medulla
2955 4732 3069 4792 ant
3099 4725 3339 4793 similis
3370 4734 3468 4793 est
3505 4748 3802 4815 genera-

2258 4835 2424 4900 tioni
2461 4832 2884 4923 pinguedinis
2938 4842 3049 4899 aut
3117 4835 3539 4924 generationi
3585 4830 3792 4899 zirbi:

2255 4951 2532 5033 propter
2568 4939 2748 5031 qnod
2789 4962 3059 5010 necesse
3099 4950 3201 5010 est
3247 4964 3394 5010 esse
3425 4939 3794 5008 medullam

2256 5052 2577 5139 pinguem
2619 5056 2680 5115 et
2712 5047 3044 5116 zirbosam
3076 5051 3142 5116 in
3184 5072 3427 5140 sapore
3474 5054 3541 5114 et
3573 5055 3750 5115 tactu
3780 5068 3795 5112 :

2255 5153 2583 5245 digeritur
2603 5156 2782 5223 enim
2815 5178 2899 5223 ex
2947 5154 3170 5224 calore
3226 5155 3484 5222 ossium
3542 5175 3803 5220 conve-

2254 5266 2480 5332 niente
2518 5263 2692 5333 sibi:
2751 5273 2842 5343 et,
2901 5265 3076 5333 sicut
3132 5262 3389 5332 dictum
3456 5271 3555 5331 est
3596 5285 3799 5352 supe-

2254 5371 2416 5449 rius,
2450 5374 2725 5463 sanguis
2754 5372 3054 5462 digestus
3111 5371 3315 5438 etiam
3348 5394 3468 5462 per
3497 5372 3797 5460 seipsum

2250 5478 2536 5548 efficitur
2563 5480 2904 5572 pinguedo
2970 5479 3079 5548 vel
3132 5479 3382 5560 zirbns,
3443 5480 3618 5548 sieut
3674 5499 3797 5567 per

2248 5589 2544 5679 seipsum
2575 5596 2838 5657 constat
2866 5586 3183 5656 brodium
3221 5588 3292 5656 in
3340 5609 3479 5680 quo
3518 5586 3799 5654 decocta
