4919 6371
1293 776 1744 981 DE
1905 770 4277 983 ANIMALIBUS

1930 1266 2554 1419 LIBER
2655 1266 3597 1421 TERTIUS,

1143 1798 1308 1892 DE
1376 1794 1902 1892 ORIGINE
1969 1793 2550 1890 SIMILIUM
2617 1793 3415 1890 MEMBRORUM
3486 1795 3775 1907 QUAE
3848 1794 4167 1892 SUNT
4237 1797 4370 1893 IN

2352 1973 3149 2071 ANIMALIBUS.

2055 2543 3271 2659 TRACTATUS
3420 2549 3473 2656 1

1127 2830 1272 2922 De
1346 2830 1854 2923 anatomia
1933 2858 2403 2920 venarum
2472 2840 2557 2920 ot
2604 2830 3149 2953 sanquinis,
3211 2845 3298 2926 et
3358 2831 3479 2926 de
3527 2834 3905 2958 oriqine
3948 2834 4362 2928 istorum

1857 3003 2313 3121 duorum,
2369 3018 2452 3099 et
2505 3004 2623 3098 de
2670 3008 3047 3131 oriqine
3090 3041 3639 3105 nervorum.

1696 4260 1994 4330 CAPUT
2045 4261 2095 4328 Ι.

1115 4790 1282 4874 Qua*
1307 4790 1399 4855 si!
1430 4789 1714 4856 intentio
1758 4787 1949 4870 libri,
1981 4800 2045 4858 e!
2098 4790 2182 4859 de
2234 4789 2671 4884 opinionibus

1198 4898 1660 4987 Antiquarum
1731 4896 1817 4963 de
1871 4898 2137 4988 oriyine
2223 4922 2546 4965 venarum
2605 4910 2669 4965 e!

1195 5002 1563 5092 sanquim‘s
1591 5001 2038 5071 animalium.

1195 5638 1356 5708 naec
1420 5662 1630 5732 quam
1702 5637 2029 5715 diximus,
2117 5647 2220 5709 est
2304 5639 2659 5731 dispositio

1108 5748 1577 5818 membrorum
1634 5748 2038 5818 animalium
2102 5771 2256 5839 quae
2308 5771 2446 5817 non
2501 5757 2658 5817 sunt

2782 3598 2909 3667 sibi
2951 3597 3203 3666 similia
3237 3600 3307 3667 in
3339 3601 3566 3690 specie
3594 3621 3731 3666 una
3752 3606 3871 3667 aut
3900 3622 4149 3689 genere
4179 3627 4345 3673 uno.

2796 3708 2986 3777 Sicut
3025 3708 3208 3776 enim
3266 3708 3592 3788 diximus,
3661 3716 3763 3776 est
3818 3707 4176 3799 dispositio
4227 3736 4354 3781 eo-

2794 3840 2943 3885 rum
3007 3824 3149 3885 tam
3210 3818 3278 3885 in
3345 3816 3651 3910 partibus
3727 3840 3967 3886 eorum
4036 3821 4348 3899 occultis,

2791 3946 2998 4013 quam
3040 3924 3111 3991 in
3186 3921 3492 4014 partibus
3548 3922 4000 3993 exterioribus
4056 3929 4355 3996 manile-

2789 4030 2934 4096 stis.
2964 4028 3274 4097 Membra
3298 4051 3466 4098 voro
3485 4028 3737 4097 similia
3764 4051 3918 4121 quae
3937 4030 4353 4123 homoqmia

2787 4137 3131 4211 dicuntur,
3165 4136 3611 4206 inveniuntur
3638 4136 3708 4205 in
3738 4138 4049 4228 partibus
4075 4139 4357 4228 cujusli-

2790 4243 2902 4312 bet
2955 4242 3331 4311 animalis:
3393 4251 3462 4313 et
3539 4244 3997 4314 universalior
4070 4246 4349 4338 quidem

2787 4354 3250 4441 parsinventa
3288 4353 3360 4420 in
3426 4354 3753 4422 omnibus
3826 4364 3946 4423 aut
4010 4356 4348 4446 pluribus,

2785 4468 2883 4526 est
2914 4461 3219 4550 sanguis,
3263 4469 3383 4528 aut
3423 4460 3490 4528 id
3545 4459 3731 4551 quod
3796 4469 3900 4528 est
3956 4460 4109 4530 loco
4186 4484 4354 4530 san-

2785 4567 3035 4651 guinis.
3082 4567 3162 4635 Et
3203 4569 3365 4658 quia
3389 4590 3568 4636 vens
3623 4574 3726 4636 est
3772 4568 3885 4636 via
3960 4570 4345 4661 sanguinis,

2784 4676 2934 4741 iden
2972 4683 3128 4766 post
3160 4676 3567 4767 sanguinem
3596 4675 3830 4745 utilior
3856 4686 3959 4746 est
3991 4701 4174 4770 pars,
4218 4702 4346 4747 ve-

2781 4804 2893 4860 na,
2924 4790 2992 4850 et
3019 4781 3358 4875 praecipue
3387 4783 3774 4852 membrum
3814 4786 3881 4853 in
3914 4808 4053 4876 quo
4091 4792 4191 4853 est
4220 4808 4349 4854 ve-

2781 4912 2869 4957 na
2904 4891 3079 4958 sicut
3136 4889 3206 4957 in
3263 4912 3386 4958 sua
3444 4891 3761 4982 origine:
3831 4899 3899 4959 et
3963 4899 4120 4983 post
4178 4892 4345 4960 istas

2778 5004 3003 5087 partes
3019 4995 3363 5087 generalis
3389 5020 3547 5089 pars
3595 5005 3665 5066 et
3712 4998 4043 5067 remotior
4085 5021 4128 5068 a
4174 4997 4349 5067 sub-

2775 5105 3050 5183 stantia,
3082 5111 3184 5171 est
3211 5106 3494 5195 sanguis
3541 5102 3810 5172 subtilis
3861 5128 4150 5197 aqueus,
4221 5107 4341 5198 qui

2777 5209 3083 5279 nondum
3124 5208 3349 5279 adhuc
3384 5211 3799 5280 sufficie-nim·
3845 5220 3943 5279 est
3993 5212 4343 5282 coloratus

2775 5327 2841 5385 et
2894 5318 3230 5408 perfectus
3285 5320 3666 5390 secundum
3750 5321 4337 5412 complementum

2774 5426 3195 5517 digestionis,
3232 5427 3403 5497 Post
3449 5426 3603 5495 illas
3657 5434 3887 5496 autem
3955 5438 4182 5520 partes
4238 5439 4345 5501 est

2772 5559 2955 5620 caro,
2986 5534 3096 5603 vel
3127 5534 3197 5603 id
3226 5533 3421 5626 quod
3448 5541 3551 5603 est
3578 5534 3731 5603 loeo
3758 5536 3983 5605 earnis
4013 5560 4169 5628 quoe
4209 5562 4342 5630 ge·-

2772 5650 3049 5712 neratur
3093 5665 3177 5712 ex
3205 5640 3570 5732 sanguine,
3611 5649 3730 5710 aut
3755 5664 3840 5711 ex
3871 5665 3955 5712 eo
4004 5642 4192 5735 quod
4229 5653 4335 5714 est

2771 5750 2922 5819 loeo
2959 5748 3340 5839 sanguinis,
3383 5748 3571 5838 quod
3607 5757 3710 5819 est
3750 5750 4107 5820 consimile
4145 5752 4333 5820 carni
