4919 6371
629 331 755 401 194

622 526 818 572 anser
878 503 1163 591 agrestis
1240 499 1622 565 secundum
1679 522 1886 568 omne
1963 523 2185 590 genus

620 633 845 690 suum,
879 616 946 675 et
973 629 1278 697 aquosus
1307 629 1510 675 anser
1546 608 1887 674 similiter.

705 714 1019 804 Amplius
1076 724 1307 782 autem
1349 715 1627 805 quidam
1687 712 1877 780 modi
1918 713 2185 803 specie-

618 843 769 887 rum
800 822 1029 890 avium
1070 821 1540 901 inveniuntur,
1595 821 1712 910 qui
1753 818 2009 889 habent
2037 828 2184 887 sto-

620 928 897 998 machos
936 940 1003 1000 et
1055 936 1371 998 ventres:
1435 950 1735 1018 quorum
1792 932 1863 996 in
1892 928 2184 1019 quibus—

619 1033 774 1103 dam
810 1036 1118 1127 partibus
1165 1033 1420 1101 creatio
1468 1043 1573 1102 est
1615 1058 1703 1104 ex
1749 1037 1956 1104 simili
2024 1033 2183 1103 sub-

617 1145 860 1211 stantia
898 1143 1071 1210 sicut
1127 1139 1511 1209 substantia
1582 1165 1804 1233 papae.
1850 1141 2178 1222 Quaedam

617 1259 841 1318 autem
881 1250 1115 1316 avium
1148 1257 1468 1316 neutrum
1524 1250 1814 1317 istorum
1873 1249 2173 1321 hahent:

614 1379 690 1423 os
720 1357 901 1424 enim
931 1355 1273 1426 stomachi
1302 1357 1449 1424 sive
1507 1358 1683 1424 meri
1741 1380 1884 1425 non
1921 1358 2176 1428 habent

612 1462 849 1544 latum,
892 1473 957 1533 et
996 1474 1232 1533 tamen
1263 1485 1404 1530 non
1433 1462 1693 1531 habent
1730 1487 2007 1555 papam,
2049 1469 2176 1535 sic-

611 1579 685 1639 ut
709 1573 884 1662 pica,
926 1582 995 1642 ct
1033 1571 1381 1665 graculus,
1423 1570 1701 1643 Habent
1756 1582 1987 1644 autem
2017 1575 2171 1644 loco

607 1676 810 1768 hujus
847 1690 1160 1749 ventrem
1208 1687 1279 1747 et
1339 1678 1778 1749 stomachum
1836 1681 2166 1774 longum:

605 1793 671 1851 ct
699 1783 828 1854 hoc
866 1797 968 1857 est
989 1786 1332 1877 praecipue
1360 1787 1600 1854 avium
1646 1809 2016 1877 parvarum
2045 1790 2173 1856 sic-

604 1899 680 1959 ut
716 1890 1098 1963 hirundinis
1157 1901 1224 1960 et
1270 1895 1593 1982 passeris.
1643 1892 1907 1964 Tamen
1933 1916 2169 1985 paucae

603 2021 762 2068 aves
826 2008 1057 2070 carent
1094 2022 1273 2090 papa
1310 2008 1379 2067 et
1429 1997 1792 2069 latitudine
1830 2004 2002 2069 meri
2059 2025 2170 2070 re-

600 2116 831 2199 spectu
861 2131 1095 2177 earum
1131 2129 1286 2198 quae
1313 2105 1572 2176 habent
1612 2131 1791 2177 eam.
1837 2107 2165 2188 Quaedam

598 2222 827 2284 tamen
873 2215 1131 2286 babent
1177 2214 1685 2306 longitudinem
1725 2216 1897 2284 meri
1935 2217 2160 2297 valde,

595 2325 770 2392 sicut
835 2324 968 2393 illae
1024 2348 1180 2415 quae
1219 2321 1480 2392 habent
1535 2322 1824 2415 longum
1874 2324 2161 2405 collum,

593 2432 768 2498 sicut
794 2456 958 2523 grus
995 2442 1061 2500 et
1100 2430 1350 2500 ardea:
1388 2440 1456 2500 et
1484 2432 1886 2501 stomachus
1914 2432 2162 2502 harum

596 2539 828 2607 avium
883 2549 986 2608 est
1051 2538 1406 2614 humidus,
1458 2539 1622 2630 quia
1677 2545 1746 2607 et
1793 2538 1963 2608 tales
2001 2563 2164 2608 aves

598 2646 922 2737 aquaticae
973 2655 1159 2725 sunt,
1231 2654 1299 2714 et
1347 2644 1695 2714 ordinavit
1761 2648 1860 2714 eis
1921 2655 2163 2719 natura

594 2755 876 2844 longum
908 2754 1194 2836 collum,
1229 2761 1306 2821 ut
1332 2775 1461 2844 per
1498 2776 1715 2846 aquas
1776 2754 1865 2824 ad
1929 2755 2159 2825 locum

592 2860 723 2930 cibi
770 2862 1031 2952 possint
1084 2867 1469 2952 penetrare.
1534 2859 1939 2931 Coturnices
1993 2886 2159 2932 vero

594 2969 724 3038 hoc
751 2969 1003 3040 habent
1032 2969 1416 3063 proprium,
1450 2969 1640 3060 quod
1668 2979 1738 3040 et
1762 2994 2013 3061 papam
2042 2971 2161 3042 lia-

591 3078 776 3157 bent,
818 3086 887 3147 et
930 3103 1009 3147 os
1066 3075 1408 3147 stomachi
1447 3075 1665 3147 latum
1714 3086 1783 3148 et
1817 3080 2150 3170 amplum.

594 3185 995 3255 Intestinum
1026 3194 1261 3254 autem
1318 3182 1620 3255 volatilis
1674 3187 1865 3278 quod
1917 3187 2157 3259 subtus

590 3291 944 3361 stomacho
1012 3292 1484 3373 continuatur,
1549 3300 1653 3361 est
1703 3292 1954 3363 subtile
1992 3295 2157 3363 stri-

587 3406 808 3467 ctum:
843 3407 911 3467 et
937 3400 1086 3489 ejus
1126 3398 1469 3467 involutio
1527 3421 1671 3468 non
1701 3408 1806 3472 est
1839 3402 2155 3491 superius

591 3507 705 3575 ubi
752 3508 1023 3597 attingit
1060 3503 1529 3588 stomachum,
1570 3506 1693 3577 sed
1735 3507 2019 3579 inferius
2082 3511 2152 3579 in

588 3611 995 3706 quibusdam
1041 3611 1371 3704 piscibus.
1429 3611 1593 3682 Non
1628 3614 1817 3683 enim
1881 3617 1954 3684 in
1994 3639 2153 3685 om-

587 3724 774 3792 nium
813 3722 1036 3792 modis
1101 3730 1205 3792 est
1263 3720 1605 3792 involutio
1661 3724 1996 3807 intestini,
2026 3725 2149 3796 sed

586 3832 658 3899 in
684 3830 1034 3922 pluribus:
1070 3841 1139 3901 et
1166 3830 1485 3901 similiter
1510 3841 1617 3901 eat
1634 3832 1706 3901 in
1733 3830 2146 3925 quibusdam

585 3937 848 4018 avibus,
882 3946 956 4008 ut
989 3940 1059 4006 in
1124 3937 1336 4029 gallo,
1378 3945 1446 4007 et
1500 3938 1729 4008 modis
1762 3940 2143 4031 specierum

583 4069 901 4116 anserum
937 4069 954 4116 :
997 4056 1066 4116 et
1112 4046 1289 4116 forte
1354 4048 1486 4116 erit
1524 4048 1596 4114 in
1627 4045 1863 4116 multis
1899 4047 2143 4118 avibus

580 4156 772 4244 parvi
824 4156 1157 4245 corporis,
1229 4153 1349 4223 sed
1412 4175 1628 4244 parva
1663 4163 1771 4224 eat
1805 4155 2143 4227 involutio

580 4263 718 4343 illa.
749 4266 925 4334 sicut
963 4274 1068 4333 est
1098 4265 1168 4332 in
1196 4285 1500 4354 passere.

1619 326 1706 394 D.
1759 326 1962 398 ALB.
2013 328 2231 398 MAG.
2285 327 2491 396 ORD.
2545 329 2840 399 PRAED.

2821 1356 3110 1428 CAPUT
3166 1360 3288 1428 111.

2280 2120 2381 2185 De
2409 2117 2731 2185 memhris
2754 2119 3181 2209 qenitalibus
3226 2120 3643 2188 animalium
3672 2143 3831 2188 om-

2363 2228 2560 2293 nium
2629 2227 3002 2295 secuudum
3073 2229 3655 2320 comparationem
3717 2228 3816 2295 ad

2360 2334 2700 2424 yenitalia
2727 2335 3045 2403 hominis.

2355 3189 2842 3258 Determinatis
2869 3194 3098 3255 autem
3134 3187 3233 3254 sic
3261 3182 3586 3254 membris
3622 3185 3806 3253 inte-

2265 3298 2559 3367 rioribus
2611 3294 3009 3363 animalium
3062 3303 3128 3361 et
3193 3316 3479 3362 numero
3535 3315 3804 3375 eorum,

2261 3414 2532 3497 oportet
2568 3413 2846 3494 tangere
2880 3403 3085 3471 etiam
3122 3400 3404 3470 modum
3451 3399 3808 3470 membro-

2263 3536 2414 3581 rum
2451 3510 2910 3603 generationis
2936 3509 3006 3578 in
3044 3507 3281 3579 ordine
3316 3517 3385 3578 et
3435 3509 3611 3577 serio
3661 3529 3811 3578 ser-

2259 3620 2485 3689 monis
2539 3616 2694 3687 libri
2759 3617 2977 3696 iatim,
3043 3616 3114 3686 in
3178 3637 3313 3706 quo
3389 3612 3809 3685 intendimus

2254 3747 2654 3816 comparare
2682 3721 2985 3793 membra
3031 3720 3434 3791 animalium
3476 3718 3806 3790 membris

2255 3830 2641 3901 hominum.
2681 3827 2833 3896 Boc
2893 3836 3120 3895 autem
3175 3823 3464 3895 testiculi
3525 3832 3688 3893 sunt
3730 3831 3803 3894 et

2251 3961 2417 4009 vasa
2451 3936 2842 4014 seminaria,
2870 3934 3043 4005 sicut
3081 3933 3151 4002 in
3178 3930 3590 4002 anteliabitis
3620 3952 3798 4022 prm-

2254 4046 2538 4113 missum
2578 4050 2703 4110 est.
2729 4039 2861 4111 lsta
2898 4041 3081 4110 enim
3115 4061 3270 4132 quae
3296 4048 3458 4109 aunt
3485 4037 3797 4107 membra

2250 4151 2735 4244 generationis,
2788 4172 2926 4220 non
2980 4150 3052 4218 iu
3087 4145 3411 4218 omnibus
3464 4154 3798 4239 appaoent

2250 4268 2468 4342 extra,
2522 4266 2589 4329 et
2641 4258 2976 4349 praecipue
3031 4256 3102 4325 in
3172 4253 3513 4323 foeminia:
3561 4255 3638 4322 in
3685 4252 3794 4323 his

2249 4367 2433 4436 enim
2464 4366 2682 4456 magis
2708 4363 3132 4434 occultantur
3183 4384 3395 4453 quam
3450 4360 3521 4430 in
3574 4363 3796 4431 mari-

2248 4476 2400 4545 bus.
2432 4473 2715 4545 Masculi
2755 4474 2958 4544 etiam
2988 4473 3057 4543 in
3076 4472 3221 4542 istis
3245 4467 3573 4540 membris
3601 4469 3792 4539 mul-

2243 4592 2312 4652 ta
2350 4580 2737 4654 diversitate
2776 4578 3333 4651 diversificantur.

2331 4687 2618 4782 Oportet
2651 4709 2814 4780 ergo
2843 4688 3139 4779 primum
3168 4684 3363 4766 scire,
3382 4681 3583 4775 'quod
3607 4705 3789 4774 qua>-

2239 4794 2396 4865 ‹lam
2461 4791 2862 4865 animalium
2920 4790 3321 4862 habentium
3377 4788 3785 4880 sanguinem

2235 4911 2465 4973 carent
2506 4900 2791 4972 omnino
2845 4898 3212 4969 testiculis:
3264 4896 3578 4991 quaedam
3651 4918 3787 4965 au-

2233 5018 2371 5081 tem
2402 5008 2777 5079 masculina
2830 5028 3067 5077 eorum
3123 5001 3379 5075 habent
3427 5001 3780 5075 testiculos

2231 5115 2408 5185 intra
2434 5114 2506 5183 in
2532 5110 2702 5183 locis
2727 5111 3011 5183 diversis
3037 5133 3407 5203 corporum
3442 5130 3730 5180 suorum
3756 5128 3775 5177 ε

2228 5224 2557 5314 quoniam
2593 5221 2667 5292 in
2723 5219 3131 5311 quibusdam
3194 5218 3625 5312 applicantur
3649 5238 3779 5285 su-

2224 5355 2345 5423 per
2369 5328 2709 5423 spondilia
2746 5352 3016 5412 renum,
3047 5332 3121 5402 in
3164 5326 3577 5421 quibusdam
3640 5347 3777 5396 au-

2221 5450 2360 5510 tem
2404 5437 2834 5530 applicantur
2891 5438 3321 5531 spondilibus
3356 5434 3655 5507 ventris:
3695 5433 3774 5504 in

2217 5544 2630 5638 quibusdam
2657 5552 2885 5613 autem
2922 5547 3233 5638 suspensi
3271 5550 3461 5614 extra
3490 5540 3775 5612 absolu-

2213 5653 2267 5722 ti
2295 5651 2383 5724 ab
2412 5649 2870 5743 applicatione
2897 5651 2986 5723 ad
3028 5649 3313 5744 aliquod
3345 5647 3766 5730 membrum,
