4919 6371
1886 441 2055 509 LlB.
2109 437 2269 504 Vlll
2318 435 2438 505 DE
2487 436 3078 517 ANIMALIBUS,
3132 440 3445 508 TRACT.
3499 441 3562 506 V

1074 624 1227 683 tur:
1265 623 1332 683 et
1360 615 1513 681 ideo
1544 612 1747 678 etiam
1775 630 1815 674 a
1853 607 2128 676 nomine
2168 611 2361 699 quasi
2390 611 2628 678 uniso-

1074 745 1207 788 nus
1255 718 1435 810 apud
1469 714 1675 782 Italos
1714 714 2129 781 nominatur.
2188 713 2322 784 Sed
2361 719 2432 784 in
2476 717 2628 785 hie-

1074 850 1184 895 me
1215 849 1354 893 non
1377 844 1645 911 semper
1675 830 1976 913 apparet,
2028 824 2145 891 sed
2174 823 2338 893 latet
2364 834 2525 892 tunc
2555 825 2625 891 in

1070 932 1332 1000 fissuris
1390 938 1773 1020 petrarum.

1161 1036 1406 1103 Adhuc
1435 1045 1663 1104 autem
1696 1036 1828 1106 alia
1858 1038 2183 1105 animalia
2212 1059 2365 1128 quae
2393 1037 2627 1104 dicun-

1070 1151 1182 1210 tur
1208 1144 1629 1225 ΙιανίηιαΙεοε,
1701 1153 2050 1212 mutantur
2095 1146 2324 1221 etiam,
2369 1150 2433 1210 et
2481 1143 2626 1209 haec

1071 1250 1394 1318 animalia
1462 1260 1621 1319 sunt
1677 1273 1836 1319 aves
1883 1247 2232 1324 hiemales,
2304 1247 2436 1315 hoc
2493 1257 2618 1327 est,

1069 1379 1220 1447 quae
1269 1358 1341 1425 in
1392 1357 1618 1425 hieme
1674 1362 2057 1446 apparent
2070 1355 2246 1436 sicut
2273 1357 2419 1447 ayis
2447 1355 2655 1450 Di9-‚

1067 1463 1309 1531 medis.
1352 1462 1409 1529 E
1446 1471 1684 1530 contra
1746 1469 1975 1529 autem
2018 1444 2180 1528 aves¹
2214 1436 2479 1530 voca'tae
2516 1462 2624 1530 co·

1063 1568 1282 1646 nikos,
1343 1576 1504 1634 sunt
1541 1589 1626 1634 ex
1683 1567 1927 1635 avibus
1974 1567 2412 1648 aestivalibus,
2447 1570 2621 1636 sicut

1066 1686 1226 1744 sunt
1251 1678 1434 1768 apud
1464 1700 1589 1745 nos
1620 1676 2017 1747 hirundines
2065 1687 2131 1747 et
2177 1680 2480 1748 ciconiae.
2517 1679 2622 1746 Is-

1069 1792 1155 1850 tae
1200 1792 1428 1852 autem
1460 1807 1645 1864 ach,
1680 1791 1754 1852 ut
1793 1785 1954 1853 dicit
1982 1785 2405 1864 AristoteleS,
2476 1807 2618 1853 non

1065 1893 1408 1982 accipiunt
1444 1893 1916 1971 mutationem,
1944 1895 2071 1960 nisi
2101 1895 2171 1960 in
2200 1893 2429 1963 colore
2458 1894 2618 1984 plu-

1067 2020 1335 2066 marum
1366 2008 1657 2073 tantum.
1723 1999 2074 2092 Similiter
2091 2009 2318 2089 autem
2375 2010 2488 2068 est
2533 2001 2668 2100 de¹>

1065 2106 1308 2174 avibus
1346 2104 1721 2174 ceocalides
1767 2114 1849 2175 et
1863 2105 2275 2176 malacorico
2312 2110 2611 2177 vocatis:

1061 2215 1391 2303 quoniam
1423 2215 1629 2281 etiam
1660 2215 1803 2282 istae
1834 2223 2100 2282 mutant
2130 2215 2464 2306 quosdam
2493 2238 2618 2284 co-

1061 2315 1239 2384 lores
1305 2317 1375 2384 in
1434 2317 1765 2408 quosdam
1847 2317 2041 2386 alios.
2113 2318 2614 2387 Chenchillides

1055 2431 1288 2490 autem
1311 2446 1472 2492 aves
1501 2432 1661 2491 sunt
1690 2424 1762 2491 in
1788 2425 2211 2515 temporibus
2239 2425 2608 2494 fructuum.

1056 2528 1391 2599 Similiter
1452 2540 1679 2600 autem
1743 2539 1811 2599 et
1876 2531 2008 2600 illae
2084 2554 2235 2623 quae
2293 2532 2612 2602 dicuntur

1058 2636 1336 2706 molani
1363 2647 1431 2707 et
1458 2638 1811 2720 coriokim,
1846 2637 1978 2708 hoc
2016 2648 2140 2724 est,
2176 2641 2245 2707 in
2276 2641 2607 2731 principio

1057 2749 1397 2827 autumni,
1433 2757 1500 2817 et
1540 2770 1675 2817 non
1705 2748 2133 2818 diversantur
2162 2751 2291 2818 nisi
2360 2751 2431 2819 in
2487 2773 2610 2819 co-

1054 2856 1202 2924 lore
1232 2865 1303 2925 et
1326 2878 1541 2926 voce:
1574 2864 1641 2925 et
1677 2856 1840 2927 ideo'
1860 2880 2002 2926 non
2043 2866 2144 2927 est
2173 2858 2346 2928 bene
2375 2861 2609 2927 mani-

1051 2962 1330 3041 festum,
1364 2971 1598 3032 utrum
1648 2965 1791 3032 istae
1857 2987 2018 3034 aves
2081 2973 2242 3033 sunt
2297 2966 2606 3055 ejusdem

1054 3071 1349 3161 generis,
1418 3078 1535 3138 aut
1582 3070 1891 3141 diversi:
1938 3073 2263 3163 quoniam
2311 3072 2606 3163 perfecta

1051 3175 1436 3247 differentia
1465 3201 1605 3247 non
1636 3179 1949 3271 apparuit
1984 3180 2162 3248 inter
2197 3201 2358 3248 aves
2384 3180 2599 3251 istas:

1052 3307 1192 3353 non
1223 3286 1426 3353 enim
1470 3295 1576 3355 est
1612 3285 2086 3378 improbabile,
2116 3289 2337 3379 quin
2365 3287 2626 3356 eadem¹

1053 3394 1202 3461 avis
1230 3416 1355 3485 per
1380 3394 1806 3464 diversitates
1841 3397 2169 3487 temporis
2228 3403 2451 3465 mutat
2485 3416 2628 3465 vo-

1555 3508 1625 3569 et
1685 3522 1890 3567 snum
1941 3498 2297 3569 colorem..
2335 3498 2629 3569 Fehicae-

1046 3520 1197 3567 cem
1252 3520 1477 3582 suam,

1048 3605 1256 3673 etiam
1285 3627 1445 3698 qum
1498 3613 1661 3676 sunt
1686 3606 2021 3698 palumbi,
2052 3630 2194 3676 non
2229 3607 2605 3678 vociferant

1050 3711 1123 3780 in
1161 3710 1417 3793 hieme,
1438 3764 1441 3773 .
1466 3735 1694 3806 neque
1721 3721 2048 3782 turtunes.
2079 3715 2346 3786 Accidit
2369 3723 2602 3785 tamen

1050 3819 1452 3912 aliqnando,
1520 3821 1707 3914 qnod
1758 3831 1904 3891 erat
1960 3845 2183 3914 ‘grave
2236 3823 2477 3915 frignsz
2511 3833 2610 3896 et·

1050 3934 1208 4019 post
1235 3925 1403 3996 illud
1430 3929 1504 3996 in
1537 3928 1778 3997 eadem
1812 3927 2040 3998 hieme
2084 3931 2309 3999 evenit
2336 3932 2606 4000 sereni-

1048 4043 1158 4102 tas
1185 4033 1451 4126 aliquot
1475 4033 1744 4104 dierum
1783 4058 1803 4104 ι
1835 4045 1903 4106 et
1948 4045 2113 4106 tunc
2134 4036 2455 4129 -palnmbi
2484 4042 2626 4108 'vo-¹

1051 4140 1334 4210 ciferare
1361 4141 1803 4234 inceperunt:
1834 4144 2020 4236 qnod
2055 4144 2409 4216 audientes
2452 4144 2603 4215 'bo-

1048 4247 1270 4316 mines
1319 4247 1435 4338 qui
1494 4249 1718 4319 sciunt
1754 4250 1940 4343 qnod
1979 4252 2049 4321 in
2083 4249 2312 4323 hieme
2337 4253 2603 4323 vocife-

1044 4379 1196 4429 rare
1283 4381 1426 4427 non
1472 4370 2046 4443 consueverunt,
2149 4363 2597 4433 mirabantur.

1042 4464 1219 4534 Cum
1247 4473 1480 4536 autem
1502 4490 1635 4537 ner.
1655 4468 2085 4562 supervenit,
2103 4471 2479 4542 vociferare
2508 4474 2606 4541 in·

1042 4572 1306 4663 cipiunt
1319 4572 1624 4665 palumbi
1650 4598 1670 4645 z
1700 4575 2176 4647 universaliter
2202 4579 2388 4649 enim
2416 4577 2596 4666 dico,

994 4702 999 4709 ·
1045 4679 1235 4772 quod
1282 4702 1447 4751 aves
1500 4689 1595 4752 nt¹
1632 4684 1703 4752 in
1756 4682 2247 4777 pluribusvnon
2290 4689 2602 4779 garriunt

1044 4786 1158 4856 vel
1193 4788 1595 4871 vociferant,
1661 4789 1795 4861 nisi
1854 4794 1926 4861 in
1973 4794 2288 4887 ternpore
2350 4795 2594 4865 coitus.

1045 4893 1359 4988 Gugulus
1396 4904 1625 4966 antem
1652 4906 1889 4968 mutat
1909 4922 2151 4970 vocem
2177 4921 2404 4983 suam,
2435 4904 2601 4995 quia

1047 5025 1190 5073 non
1230 5004 1526 5075 multum
1571 5006 1897 5077 vociferat
1946 5010 2026 5079 -in
2072 5010 2218 5080 fine
2251 5011 2594 5091 autumni,

1039 5112 1319 5202 quando
1373 5114 1522 5204 jam
1577 5114 1714 5185 cito
1767 5115 1919 5185 vult
1950 5116 2201 5188 latere.»
2226 5119 2340 5189 Aa
2373 5118 2603 5190 laten-

4176 441 4326 508 487·

2743 614 2908 680 tiam
2947 623 3176 680 autem
3203 635 3273 679 se
3317 611 3682 700 disponere
3747 613 3985 701 incipit
4030 614 4098 678 in
4147 623 4299 681 ortu

2738 718 2963 785 Canis,
3026 720 3330 806 Apparet
3370 725 3601 784 autem
3676 718 3977 807 gugulus
4043 742 4084 784 a
4120 727 4295 785 tem·

2737 847 2899 913 pore
2949 825 3126 891 veris
3167 845 3385 913 usque
3425 822 3506 890 ad
3550 831 3821 913 tempus
3852 823 4047 891 illud.
4086 822 4301 891 Simi-

2736 928 2888 995 liter
2916 931 3122 995 etiam
3154 930 3300 996 avis
3331 951 3488 1019 quae
3527 929 3775 996 dicitur
3814 952 3854 996 a
3891 929 4297 1020 quibusdam

2737 1033 3130 1104 hominibus
3157 1037 3502 1120 kasabim,
3545 1036 3736 1116 latet,
3811 1046 3878 1105 et
3921 1037 4158 1127 incipit
4191 1036 4299 1103 la-

2735 1150 2874 1209 tere
2907 1146 2976 1212 in
3005 1152 3160 1211 ortu
3198 1143 3412 1212 stellae
3456 1144 3651 1211 Ciliae
3670 1153 3957 1221 vocatae,
3993 1153 4059 1211 et
4098 1146 4167 1210 in
4190 1166 4300 1211 oc-

2735 1274 2892 1319 casu
2923 1251 3107 1319 illius
3165 1274 3492 1341 apparere
3552 1251 3812 1342 incipit.
3871 1252 4041 1319 Avis
4091 1253 4295 1319 etiam

2709 1367 3002 1448 ‚VQQfflQ
3038 1356 3274 1436 adkos,
3355 1366 3580 1425 mutat
3653 1356 3956 1425 colorem
4013 1365 4082 1425 et
4150 1357 4298 1425 for-

2690 1469 2940 1532 ssmam.
2979 1495 3000 1505 ··
3043 1507 3048 1510 -

2818 1571 3063 1640 Adhuc
3090 1580 3320 1671 autem
3354 1573 3669 1665 quaedam
3717 1596 3880 1640 aves
3914 1572 4292 1640 confricant

2730 1699 2801 1744 se
2839 1699 3041 1766 super
3078 1685 3332 1744 terram
3401 1678 3471 1744 in
3529 1677 3780 1754 cincre,
3844 1685 3911 1744 et
3969 1676 4287 1767 quaedam

2729 1782 3116 1871 frequenter
3198 1791 3462 1865 natant,
3550 1792 3620 1851 et
3675 1781 3991 1874 quaedam
4067 1804 4289 1873 neque

2729 1886 3101 1956 confricant
3129 1912 3200 1956 sc
3240 1890 3312 1955 in
3342 1889 3596 1968 cinere,
3641 1910 3864 1979 neque
3896 1895 4152 1955 natant.
4197 1885 4295 1953 ll-

2727 1994 2792 2063 la
2823 1999 3006 2088 enim
3012 2018 3309 2088 genera
3320 2000 3555 2065 avium
3579 2020 3733 2100 quae
3753 2019 3905 2064 ιιοιι
3935 2004 4094 2065 sunt
4122 1995 4286 2062 boni

2726 2089 3018 2183 volatu3‚
3066 2104 3187 2173 sed
3224 2114 3507 2172 manent
3563 2105 3636 2171 in
3692 2112 3895 2182 terra,
3954 2102 4283 2194 frequen-

2725 2218 2830 2277 ter
2859 2210 3235 2279 confricant
3275 2234 3347 2278 sc
3399 2212 3469 2278 in
3499 2213 3753 2290 cinere,
3788 2211 3962 2278 sicut
4000 2208 4281 2300 gallina,

2724 2325 2790 2384 et
2831 2315 3104 2397 cubeth‚
3140 2325 3208 2386 et
3241 2318 3510 2408 perdix,
3544 2325 3608 2385 et
3641 2338 3903 2408 passer,
3939 2323 4007 2382 et
4036 2313 4287 2404 hujus-

2723 2425 2931 2492 modi.

2808 2531 3052 2600 Adhuc
3080 2541 3311 2600 autem
3334 2531 3649 2623 quaedam
3680 2553 3843 2599 aves
3868 2528 4126 2597 habent
4157 2551 4284 2596 un-

2719 2663 2886 2730 gues
2947 2648 3189 2718 rectos,
3250 2648 3317 2707 et
3357 2647 3639 2706 manent
3695 2640 3875 2706 circa
3929 2637 4177 2704 fluvios
4216 2643 4284 2703 et

2718 2771 2903 2816 mare
2944 2749 3012 2815 in
3068 2748 3235 2816 locis
3285 2747 3671 2815 nemorosis
3711 2746 4013 2837 aquosiS,
4054 2753 4122 2811 et
4177 2744 4284 2811 fa-

2717 2861 2902 2929 ciunt
2944 2866 3227 2949 utraque
3258 2857 3478 2925 dicta:
3536 2857 3914 2924 confricant
3952 2855 4274 2943 enimjbse

2716 2968 2786 3034 in
2822 2968 3069 3045 cincre,
3114 2975 3180 3033 et
3209 2973 3448 3055 postea
3488 2989 3559 3032 se
3612 2964 3901 3033 abluunt
3952 2964 4022 3030 in
4070 2985 4273 3053 aqua,

2716 3078 2887 3143 sicut
2915 3075 3277 3152 columbae,
3314 3083 3380 3143 et
3413 3098 3743 3166 passeres.
3780 3072 4009 3141 Multae
4046 3080 4275 3140 autem

2721 3206 2880 3252 aves
2911 3205 3243 3252 uncorum
3286 3182 3628 3274 unguium
3657 3188 3980 3250 neutrum
4030 3177 4278 3249 horum

2713 3290 2965 3358 faciunt
3001 3312 3017 3357 :
3052 3289 3226 3358 bene
3294 3290 3480 3358 enim
3541 3312 3689 3358 esse
3755 3287 4096 3355 dictorum
4136 3287 4280 3353 aui-

2714 3397 2998 3467 malium
3038 3407 3138 3467 cst
3177 3396 3558 3467 secundum
3591 3395 3880 3465 modum
3910 3392 4281 3486 praedeter-

2713 3508 3091 3574 minatum:
3126 3514 3192 3574 et
3231 3504 3386 3574 ideo
3427 3504 3603 3573 tales
3648 3503 4040 3594 frequenter
4078 3523 4277 3569 exer-

2713 3622 2868 3683 cent
2915 3613 3372 3705 operationes.

2803 3719 3000 3787 Forte
3068 3727 3298 3788 autem
3358 3718 3786 3787 conveniunt
3862 3713 4272 3807 quibusdam

2714 3826 2954 3893 avibus
2991 3826 3369 3894 accidentia
3398 3826 3675 3918 propria
3704 3823 4081 3891 secundum
4112 3845 4270 3890 suas

2711 3937 2990 4026 specieS‚
3047 3935 3219 4005 sicut
3279 3935 3555 4017 turturi,
3588 3941 3655 4001 ct
3685 3932 4075 4025 passeribus
4106 3955 4272 4023 pro-

2711 4042 2857 4133 pria
2884 4042 3126 4111 accidit
3154 4042 3579 4118 vociferatio,
3617 4041 3686 4107 in
3726 4038 3976 4132 quibus
4005 4061 4085 4105 ea
4113 4061 4268 4129 quae

2709 4148 3095 4219 vicinantur
3130 4150 3416 4242 pectori,
3461 4155 3830 4218 moventur
3883 4154 4076 4215 motu
4117 4142 4271 4212 forti

2709 4257 2983 4350 quando
3030 4258 3409 4328 vociferant
3463 4280 3478 4325 :
3540 4264 3606 4325 et
3662 4254 3797 4324 hoc
3847 4254 4090 4323 avibus
4123 4251 4275 4321 aliis

2711 4388 2849 4433 non
2869 4364 3211 4435 convenit.
3242 4363 3381 4432 Sed
3404 4363 3488 4431 dc
3509 4362 3762 4430 talibus
3790 4361 4085 4452 propriis
4106 4360 4282 4428 acci·

2710 4472 3024 4543 dentibus
3051 4471 3459 4541 animalium
3490 4469 3700 4539 nimis
3728 4467 4017 4567 longum
4046 4473 4114 4535 et
4133 4466 4279 4535 dis-

2708 4578 3112 4673 pendiosum
3141 4587 3321 4649 esset
3349 4597 3695 4658 enarrare,
3719 4583 3789 4644 et
3815 4595 3958 4643 non
3979 4572 4274 4643 multum

2707 4687 3079 4780 proficiens*
3095 4686 3183 4755 ad
3207 4685 3565 4756 sciendum
3613 4690 3894 4754 naturas
3930 4703 4197 4751 eorum.

2798 4796 2962 4865 llaec
3025 4797 3235 4889 igitur
3286 4796 3371 4865 de
3427 4793 3831 4864 differentiis
3880 4811 4169 4882 operum
4198 4795 4266 4856 ct

2708 4904 3017 4974 moribus
3072 4904 3479 4974 animalium
3538 4927 3580 4972 a
3630 4900 3831 4971 nobis
3869 4898 4047 4970 dicta
4111 4906 4273 4967 sunt

2709 5016 2965 5107 paucis.
