4919 6371
2014 294 2186 364 LIB.
2239 291 2339 359 lx
2385 288 2506 358 DE
2552 285 3140 372 ANIMALIBUS,
3191 290 3501 359 TRACT.
3557 289 3585 356 Ι

1728 1328 2024 1397 CAPUT
2072 1326 2157 1394 V.

1149 2084 1255 2150 De
1317 2081 1638 2172 qeminis,
1719 2088 1782 2145 et
1846 2077 1931 2143 de
1984 2077 2095 2143 lu’s
2148 2096 2301 2165 quae
2374 2072 2712 2162 recipiunt

1239 2212 1451 2257 unam
1523 2186 2163 2278 impraeqnalt'onem
2207 2204 2414 2273 super
2466 2181 2705 2257 aliam,

1234 2308 1296 2364 el
1337 2295 1422 2364 de
1447 2296 1556 2362 lais
1584 2318 1737 2386 quae
1772 2295 1900 2361 ltoc
1927 2315 2066 2360 non
2087 2291 2387 2383 faciunt.

1236 3143 1826 3216 Considerandum
1858 3151 2090 3211 autem
2130 3149 2232 3211 est
2270 3146 2520 3232 praeter
2555 3162 2711 3209 om-

1138 3256 1255 3324 nia
1289 3278 1439 3347 quae
1488 3255 1666 3323 dieta
1698 3262 1855 3321 sunt
1915 3251 1997 3319 de
2030 3250 2380 3342 principiis
2424 3270 2712 3341 genera-

1135 3366 1346 3434 tionis
1401 3362 1734 3442 bominis‚
1798 3359 1988 3453 quod
2053 3358 2331 3451 quidam
2389 3355 2710 3425 animalia

1132 3471 1417 3563 pariunt
1474 3470 1715 3538 soetum
1787 3468 2066 3536 unicum
2131 3487 2147 3533 τ
2212 3464 2530 3557 quoedam
2595 3486 2712 3532 au·

1132 3588 1275 3647 tem
1307 3577 1645 3668 plurimos
1683 3573 1920 3656 simul.
1964 3577 2140 3643 sicut
2172 3595 2351 3653 mus,
2395 3579 2462 3640 et
2498 3572 2707 3649 canis,

1138 3693 1205 3753 et
1243 3684 1383 3762 leo,
1416 3691 1482 3751 et
1523 3681 1918 3772 hujusmodi
1952 3678 2302 3749 animalia.
2338 3678 2568 3746 llomo
2599 3701 2714 3745 au-

1143 3800 1286 3859 tem
1316 3790 1639 3858 convenit
1687 3811 1846 3856 cum
1895 3787 2226 3877 utrisque.
2262 3783 2338 3852 ln
2394 3783 2715 3853 omnibus

1146 3905 1379 3967 tamen
1421 3897 1588 3966 locis
1618 3894 2068 3964 habitationis
2105 3892 2427 3961 humanm
2477 3891 2714 3959 mulie-

1149 4010 1349 4077 resin
1382 4006 1628 4096 majori
1661 4014 1852 4096 parte
1881 4003 2155 4094 pariunt
2187 4001 2422 4069 soetum
2452 4022 2707 4068 unum:

1143 4114 1263 4184 sed
1305 4115 1374 4181 in
1406 4112 1822 4205 quibusdam
1855 4109 2094 4203 paucis
2137 4107 2304 4177 locis
2332 4107 2716 4199 frequenter

1142 4221 1419 4315 pariunt
1464 4217 1811 4312 geminos,
1864 4225 2146 4307 propter
2207 4214 2713 4284 multitudinem

1142 4326 1458 4396 humoris
1489 4323 1845 4393 seminalis
1877 4325 1994 4413 qui
2037 4323 2341 4391 nascitur
2380 4324 2447 4391 in
2478 4344 2711 4413 corpo-

1145 4433 1334 4502 ribus
1381 4430 1746 4500 bominum
1781 4431 1849 4497 in
1901 4428 2070 4497 locis
2117 4427 2278 4508 illis,
2308 4430 2485 4497 sicut
2520 4428 2594 4495 fit
2646 4430 2713 4496 in

1143 4540 1450 4632 JEgypto
1488 4544 1823 4628 :propter
1887 4533 2072 4626 quod
2149 4536 2355 4602 etiam
2413 4533 2718 4602 luxurio-

1143 4669 1292 4714 sam
1352 4665 1627 4712 necesse
1678 4649 1782 4710 est
1846 4662 1995 4709 esse
2034 4649 2314 4732 gentem
2361 4640 2717 4733 AEgyptia·

1142 4774 1321 4822 cam.
1380 4749 1458 4818 ln
1516 4748 1645 4818 bac
1684 4747 1870 4816 enim
1928 4755 2110 4816 terra
2160 4745 2480 4816 mulieres
2536 4771 2713 4839 saepe

1137 4861 1415 4953 pariunt
1444 4867 1606 4937 tres,
1649 4864 1717 4925 et
1746 4878 1926 4947 saepe
1966 4864 2286 4947 quatuor.
2333 4854 2557 4945 Major
2599 4879 2719 4924 au-

1137 4977 1278 5037 tem
1314 4987 1642 5036 numerus
1682 4962 1768 5031 ad
1804 4958 2016 5055 'quem
2057 4962 2419 5055 aliquoties
2468 4986 2714 5054 perve-

1141 5076 1341 5143 niunt
1388 5073 1557 5152 nati,
1619 5078 1724 5139 est
1772 5070 2126 5163 quinque:
2163 5068 2294 5139 lioc
2341 5071 2525 5140 enim
2568 5071 2713 5160 jam

1021 5181 1027 5187 ’
1138 5183 1371 5250 visum
1400 5179 1602 5249 estin
1635 5177 1872 5247 multis
1926 5176 2357 5258 mulieribuS,
2394 5178 2486 5245 ita
2532 5177 2716 5269 quod

1140 5289 1461 5383 quaedam
1495 5287 1745 5356 mulier
1783 5287 1854 5354 in
1884 5286 2194 5378 [Egypto
2240 5287 2508 5380 peperit
2543 5310 2717 5379 qua—

1135 5407 1297 5467 tuor
1333 5395 1601 5464 vicibus
1647 5394 1898 5487 viginti
1955 5393 2161 5474 tilios,
2212 5394 2514 5487 qualibet
2568 5396 2713 5463 vice

1135 5505 1467 5598 quinque,
1508 5510 1575 5571 et
1605 5501 2136 5592 supervixerunt
2163 5501 2394 5593 plures
2415 5523 2656 5571 eorum
2692 5544 2709 5589 :

1140 5622 1209 5683 et
1247 5619 1600 5681 narratum
1648 5619 1752 5679 est
1800 5610 1975 5680 mibi
2032 5633 2073 5681 a
2110 5610 2411 5681 veridico
2470 5619 2537 5679 et
2591 5633 2716 5679 ex-

4248 293 4376 361 509

2823 468 3017 550 perto
3050 461 3335 540 medico,
3372 461 3556 552 quod
3589 462 3904 551 quaedam
3945 464 4191 531 nobilis
4232 487 4381 531 mu-

2825 566 2951 632 lier
2999 568 3065 632 iu
3107 567 3469 635 Germania
3499 569 3762 656 peperit
3799 573 4152 659 sexaginta
4201 571 4378 639 lilios

2826 672 3127 761 qualibet
3174 674 3319 740 vice
3366 675 3692 764 quinque,
3741 682 3807 740 et
3862 675 4088 743 nullus
4136 700 4375 745 eorum

2822 779 3008 845 venit
3039 779 3123 846 ad
3150 789 3417 848 aetatem
3448 781 3713 849 dimidii
3754 782 3913 848 anni
3950 806 3963 849 :
4003 792 4068 849 et
4108 806 4234 851 nos
4267 785 4377 852 in-

2821 885 3026 952 ferius
3071 896 3509 968 revertemur,
3562 897 3628 956 et
3684 890 4112 957 narrabimus
4165 894 4378 959 mira-

2823 994 2987 1061 bilia
3016 995 3095 1062 de
3126 995 3557 1063 multitudine
3610 997 4046 1085 geminorum
4097 1021 4250 1088 qua}
4290 999 4378 1067 ad

2824 1124 2948 1169 nos
2979 1101 3415 1169 devenerunt.
3457 1103 3814 1170 Avicenna
3843 1111 4071 1170 narrat
4100 1103 4182 1172 de
4213 1128 4378 1194 qua-

2823 1210 2981 1277 dam
3012 1234 3164 1302 quae
3197 1210 3511 1278 abortum
3540 1211 3698 1278 fecit
3729 1211 3809 1279 de
3840 1213 4079 1303 viginti
4108 1212 4374 1281 duobus

2820 1318 3149 1408 figuratiS‚
3185 1325 3247 1385 et
3273 1317 3356 1384 de
3396 1317 3692 1408 quadam
3733 1341 3886 1409 quze
3918 1318 4238 1388 abortum
4269 1322 4377 1389 fe-

2822 1423 2911 1489 cit
2964 1422 3046 1488 de
3092 1422 3524 1513 septuaginta
3579 1422 3886 1514 figuratis
3927 1423 3996 1489 in
4035 1426 4371 1513 tempori-

2819 1527 2948 1596 bus
2994 1529 3156 1596 suis.
3219 1527 3302 1595 Et
3341 1530 3641 1597 narravit
3698 1528 3870 1596 mihi
3907 1529 4236 1614 medicuS,
4288 1531 4370 1600 de

2821 1658 2955 1725 quo
2993 1657 3196 1725 supra
3225 1635 3508 1703 fecimus
3546 1637 3992 1715 mentionem,
4031 1638 4216 1727 quod
4261 1639 4372 1729 ip-

2820 1765 2892 1810 se
2921 1751 3201 1811 vocatus
3256 1744 3381 1811 suit
3415 1744 3501 1812 ad
3547 1767 3782 1812 curam
3821 1744 4174 1834 cujusdam
4215 1769 4374 1813 mu-

2818 1850 3000 1917 lieris
3030 1850 3301 1934 nobilis,
3345 1874 3499 1942 quae
3529 1851 3687 1921 fecit
3725 1851 4044 1920 abortum
4085 1852 4169 1920 de
4210 1876 4375 1922 cen-

2817 1966 2963 2025 tum
2994 1966 3059 2026 et
3091 1960 3587 2050 quinquaginta
3615 1960 3847 2044 simul,
3882 1968 3949 2029 et
3984 1961 4269 2050 putabat
4305 1982 4376 2028 se

2816 2089 3082 2134 vermes
3111 2069 3413 2136 emisisse
3444 2068 3527 2136 de
3559 2070 3839 2136 matrice
3873 2090 3888 2135 :
3927 2077 3996 2137 et
4029 2091 4186 2137 cum
4218 2093 4377 2159 ape-

2820 2175 3107 2242 rirentur
3144 2175 3317 2255 telae,
3360 2177 3618 2243 inventi
3659 2183 3819 2243 sunt
3860 2177 4048 2266 pueri
4103 2176 4369 2267 figurati

2817 2282 3144 2350 babentes
3174 2284 3648 2372 quantitatem,
3691 2285 3867 2351 sicut
3895 2293 3996 2351 est
4033 2283 4376 2351 auricula-

2818 2394 2907 2458 ris
2935 2390 3187 2481 digitus
3216 2389 3517 2457 hominis
3560 2414 3576 2457 :
3622 2401 3688 2457 et
3719 2390 3946 2480 plures
3985 2414 4225 2459 eorum
4258 2390 4376 2459 ha-

2815 2498 3061 2566 bebant
3094 2506 3356 2566 motum
3409 2507 3474 2566 et
3522 2497 3940 2567 dilatationis
3988 2508 4054 2566 et
4102 2507 4381 2567 contra—

2815 2606 3079 2682 ctioniS,
3129 2615 3193 2672 et
3248 2605 3441 2695 plura
3498 2604 3632 2673 alia
3686 2608 3885 2696 signa
3949 2606 4130 2683 vitae,
4182 2613 4247 2672 et
4300 2607 4369 2673 in

2815 2711 2991 2803 pelvi
3033 2736 3269 2780 omncs
3316 2712 3636 2801 jacebant
3693 2722 3850 2780 ante
3900 2712 4136 2781 oculos
4193 2714 4365 2802 ejuS‚

2815 2828 2881 2889 et
2908 2829 3099 2888 erant
3139 2820 3316 2889 oculi
3348 2843 3586 2889 eorum
3620 2820 4037 2912 incompleti‚
4074 2830 4140 2888 et
4187 2821 4370 2912 digi-

2815 2929 2862 2996 ti
2896 2951 3134 2995 manus
3164 2929 3355 3019 quasi
3387 2927 3766 3018 capillares,
3813 2937 3880 2996 et
3908 2930 4220 2997 similiter
4258 2929 4370 2997 di-

2814 3036 2932 3127 giti
2964 3036 3236 3126 pedum.
3274 3036 3373 3103 De
3403 3060 3610 3105 causa
3657 3046 3884 3105 autem
3934 3039 4369 3128 geminorum

2816 3167 2941 3212 nos
2979 3153 3213 3235 postea
3243 3143 3629 3236 loquemur.

2904 3252 3102 3331 Quod
3175 3262 3401 3319 autem
3483 3252 3793 3321 mirabile
3868 3253 4157 3331 videtur,
4238 3262 4364 3330 est,

2815 3359 2997 3451 quod
3053 3360 3106 3426 si
3149 3359 3217 3426 in
3264 3359 3556 3428 aliorum
3610 3360 4014 3428 animalium
4058 3359 4370 3449 gemellis

2816 3463 3110 3549 stt-tibus,
3160 3463 3438 3556 quidam
3478 3474 3581 3532 est
3626 3486 3776 3531 mas
3823 3474 3888 3532 et
3939 3464 4218 3556 quidam
4257 3464 4377 3532 ϊω-

2818 3571 3026 3646 mina,
3098 3574 3538 3663 supervivent
3598 3580 3661 3639 et
3713 3571 4002 3640 evadent
4059 3596 4095 3639 a
4156 3580 4376 3639 morte

2818 3677 3146 3768 usquead
3184 3678 3713 3769 completionem
3754 3677 4013 3768 periodi
4062 3700 4213 3769 quae
4252 3676 4376 3743 de-

2817 3784 3015 3852 betur
3062 3807 3200 3852 suae
3253 3786 3525 3875 speciei.
3572 3785 3650 3851 ln
3699 3783 4094 3852 bominibus
4142 3793 4371 3852 autem

2820 3893 3158 3961 rarissime
3202 3891 3499 3960 evadunt
3545 3891 3848 3982 gemelli,
3891 3894 4008 3982 qui
4051 3901 4208 3959 sunt
4262 3891 4374 3959 di-

2817 4001 2992 4068 versi
3062 4021 3289 4078 sexu&
3338 3998 3702 4089 aliquoties
3758 4006 3988 4066 tamen
4053 4000 4372 4090 supervi-

2817 4115 2981 4172 vunt
3019 4127 3035 4171 τ
3071 4115 3135 4172 et
3178 4102 3383 4193 liujus
3438 4126 3644 4173 eausa
3690 4112 3793 4170 est
3832 4104 4145 4171 delicatio
4176 4125 4374 4171 com-

2815 4211 3149 4302 plexionis
3197 4210 3542 4288 humanae,
3590 4221 3657 4279 et
3705 4210 4090 4278 teneritudo
4151 4218 4372 4278 mate-

2819 4320 2932 4387 riae
2988 4342 3140 4410 quae
3197 4318 3871 4410 distemperationem
3946 4318 4368 4384 diversarum

2818 4426 3217 4519 qualitatum
3267 4426 3777 4495 distinctionem
3853 4447 4054 4492 sexus
4120 4424 4378 4492 facien-

2819 4535 2989 4601 tium
3038 4534 3369 4601 sustinere
3398 4533 3466 4599 in
3525 4532 3764 4624 vigore
3794 4531 3908 4599 vix
3958 4539 4205 4622 potest,
4238 4531 4367 4598 nisi

2818 4640 2886 4710 in
2961 4639 3359 4709 mulieribus
3430 4637 3631 4708 valde
3705 4638 3941 4731 paucis
4023 4646 4093 4706 et
4172 4637 4372 4707 forti-

2817 4748 2969 4816 bus.

2906 4853 3147 4924 Adhuc
3199 4864 3427 4923 autem
3487 4853 3676 4922 nulla
3733 4851 4019 4921 omnino
4094 4849 4373 4919 immina

2819 4966 3108 5035 aliorum
3173 4965 3576 5034 aninmlium
3635 4962 3720 5031 ab
3783 4960 4065 5030 bomine
4134 4962 4370 5052 recipit

2818 5081 2934 5143 aut
2984 5073 3267 5141 sustinet
3327 5073 3586 5140 coitum
3647 5076 3801 5160 post
3860 5069 4373 5158 improegnatio-

2818 5204 2998 5249 nem.
3044 5179 3287 5248 Mulier
3351 5187 3581 5249 autem
3647 5184 3799 5268 post
3867 5177 4375 5266 imprzrgnatio·

2818 5311 2971 5357 nem
3040 5312 3178 5356 non
3243 5286 3467 5356 solum
3543 5289 3829 5353 sustinet
3896 5285 4178 5365 coitum,
4250 5284 4369 5351 sed

2818 5398 3023 5466 etiam
3063 5395 3394 5464 desiderat
3430 5401 3597 5461 tunc
3633 5394 3815 5460 coire
3844 5391 3997 5483 plus
4027 5399 4091 5458 et
4122 5391 4371 5480 saepius

2816 5526 3022 5597 quam
3062 5504 3307 5571 fecerat
3335 5499 3611 5592 quando
3641 5523 3781 5569 non
3809 5500 3936 5568 suit
3962 5502 4374 5588 improegna-

2817 5619 2910 5690 ta,
2944 5610 3282 5703 praecipue
3310 5609 3368 5677 si
3397 5617 3496 5679 est
3538 5609 3984 5700 improegnata
4029 5603 4112 5673 de
4141 5600 4374 5672 loemi-
