4919 6371
654 295 783 360 592

740 461 922 527 luter
969 485 1207 529 omnes
1254 469 1480 529 autem
1521 463 1804 531 virtutes
1846 473 1908 530 et
1958 487 2206 553 opera-

645 571 865 636 tiones
898 571 1169 652 animae,
1205 594 1440 639 sensus
1487 575 1702 663 magis
1745 574 2016 640 videtur
2045 597 2203 663 per-

646 677 752 745 sici
784 679 852 745 in
883 681 1192 754 membro
1225 682 1560 749 consimili
1586 706 1600 748 :
1630 684 1955 772 quoniam
1986 705 2201 748 unus·

646 786 932 876 quisque
965 810 1204 857 sensus
1229 788 1620 856 attribuitur
1649 788 1850 856 alicui
1885 786 2199 855 membro

642 894 825 984 quod
862 904 965 963 est
992 900 1196 964 unius
1235 899 1503 987 generis
1544 898 1613 962 in
1647 897 2191 985 compositione:

641 1005 702 1070 ei
742 1004 1053 1071 similiter
1099 1027 1221 1095 per
1271 1004 1808 1094 unumquodque
1858 1025 2196 1093 organum

638 1133 961 1176 sensuum
1004 1111 1190 1201 quod
1237 1120 1337 1179 est
1387 1110 1773 1201 receptibile
1815 1111 2196 1177 formarum

639 1217 1063 1286 sensibilium
1092 1221 1483 1288 attribuitur
1512 1221 1626 1286 uui
1651 1218 1939 1308 simplici
1980 1241 2198 1307 gene-

642 1325 741 1393 ri:
777 1332 843 1393 et
872 1347 1013 1393 non
1057 1327 1131 1394 fit
1178 1325 1308 1395 hoc
1363 1328 1490 1394 nisi
1542 1334 1818 1415 propter
1873 1325 2194 1392 virtutem

640 1455 793 1522 quae
848 1441 1168 1522 operatur
1207 1436 1275 1500 in
1348 1432 1464 1499 illo
1526 1454 1811 1522 organO,
1847 1454 1998 1522 quae
2038 1455 2194 1499 cum

635 1539 1006 1628 perficitur,
1067 1540 1415 1629 perficitur
1473 1537 1557 1605 ab
1602 1563 1682 1606 eo
1734 1539 1918 1630 quod
1978 1548 2078 1607 est
2124 1541 2194 1607 in

640 1654 792 1711 actu
823 1653 1172 1713 sensatum
1205 1645 1578 1714 secundum
1627 1649 1864 1738 organi
1914 1650 2016 1715 sui
2063 1671 2195 1738 po—

633 1755 946 1820 tentiam.
999 1751 1285 1844 Oportet
1343 1755 1550 1844 igitur
1596 1754 1779 1845 quod
1834 1757 1903 1821 in
1943 1779 2191 1845 genere

637 1860 821 1950 quod
861 1871 964 1927 est
993 1862 1292 1952 primum
1326 1861 1730 1950 subjectum,
1784 1864 1921 1930 sint
1979 1862 2186 1948 idem,

638 1976 778 2035 tam
811 1966 977 2035 illud
1018 1992 1233 2035 unum
1267 1968 1446 2060 quod
1503 1978 1603 2036 est
1643 1970 1965 2036 virtutem
2018 1973 2193 2038 reci-

635 2076 867 2167 piendi
900 2077 1067 2144 dans
1117 2100 1402 2168 organo,
1474 2100 1676 2168 quam
1742 2078 1907 2145 illud
1974 2102 2188 2147 unum

640 2184 825 2274 quod
855 2196 956 2252 est
984 2195 1329 2252 sensatum
1355 2185 1646 2253 inferens
1670 2188 1728 2252 ei
1759 2187 2181 2276 passionem:

634 2294 808 2360 sicut
863 2294 1293 2384 perspicuum
1363 2294 1563 2365 oculi.
1628 2293 1805 2360 idem
1866 2303 1966 2362 est
2031 2318 2186 2362 eum

630 2398 987 2488 perspicuo
1030 2399 1395 2466 terminato
1436 2398 1617 2488 quod
1670 2409 1768 2466 est
1823 2400 1905 2467 de
1947 2408 2188 2467 natura

630 2504 966 2583 colorum,
1015 2506 1185 2572 sicut
1219 2506 1556 2573 subtiliter
1587 2505 1947 2597 probatum
1978 2516 2079 2575 est
2117 2508 2184 2574 in

628 2610 802 2677 libro
834 2611 916 2678 de
948 2614 1290 2679 Sensatis:
1324 2622 1386 2679 et
1426 2614 1489 2678 in
1533 2636 1781 2698 genere
1815 2623 1971 2680 suut
2004 2614 2181 2681 idem

628 2741 744 2785 aer
782 2720 1050 2808 quietus
1101 2722 1214 2809 qui
1274 2729 1377 2788 est
1441 2744 1643 2809 super
1684 2723 1865 2788 auris
1908 2731 2185 2811 tympa-

628 2849 821 2904 num,
866 2835 930 2892 et
971 2848 1087 2893 aer
1117 2850 1477 2917 percussus
1517 2829 1633 2918 qui
1665 2838 1763 2896 est
1813 2829 1895 2896 de
1941 2837 2184 2896 natura

626 2957 957 3003 sonorum
987 2958 1000 3001 :
1038 2938 1215 3003 etsie
1247 2947 1348 3004 est
1377 2939 1444 3003 iu
1479 2938 1649 3005 aliis.

718 3050 805 3118 Et
852 3060 1132 3142 propter
1171 3053 1299 3121 boc
1342 3054 1566 3121 nullus
1627 3079 1862 3122 eeu-um
1924 3057 2038 3146 qui
2098 3056 2180 3122 de

624 3157 923 3251 physicis
955 3159 1160 3229 locuti
1185 3171 1367 3242 sunt,
1400 3163 1852 3233 attribuerunt
1878 3164 2179 3256 aliquam

625 3276 888 3359 partem
941 3273 1334 3360 organicam
1379 3274 1494 3338 uui
1535 3271 1876 3339 elemento
1912 3295 1927 3338 :
1973 3274 2066 3339 ita
2104 3281 2176 3339 ut

626 3374 871 3443 faciem
930 3375 1038 3443 vel
1097 3377 1278 3444 aliud
1345 3377 1861 3466 lieterogenium
1929 3380 2182 3449 diceret

621 3506 766 3550 esse
787 3506 872 3550 ex
899 3491 1077 3551 terra
1107 3494 1398 3566 tantum,
1431 3487 1645 3554 velex
1665 3511 1842 3578 aqua
1877 3495 2172 3565 tautum,

624 3591 731 3659 vel
765 3615 849 3660 ex
880 3593 1035 3683 igne
1068 3601 1356 3661 tantum.
1403 3597 1649 3663 tluuiia
1680 3606 1905 3664 autem
1937 3620 2178 3665 sensus

624 3700 1077 3769 instrumenta
1106 3702 1220 3767 uni
1254 3699 1453 3768 alicui
1486 3702 1951 3771 membrorum
1976 3705 2177 3771 attri-

620 3807 867 3887 buunt,
931 3807 1103 3876 sicut
1150 3810 1355 3876 etiam
1414 3809 1712 3877 diximus
1751 3812 1820 3877 in
1890 3810 2064 3880 libro
2090 3811 2174 3880 de

620 3918 838 3984 Sensit
876 3925 940 3980 el
983 3926 1276 3995 sensate,
1327 3918 1786 4007 significantes
1827 3918 2172 4009 quoddam

620 4046 764 4088 esse
796 4021 1195 4091 attributum
1227 4026 1361 4091 aeri
1386 4026 1553 4091 sin-ut
1582 4048 1844 4098 aurem.
1871 4035 1935 4093 et
1959 4025 2175 4116 quod·

620 4129 776 4197 dam
835 4131 974 4221 igni
1014 4133 1186 4200 sicut
1244 4133 1544 4201 oculum.
1593 4133 1670 4200 lit
1723 4135 1883 4225 quia
1932 4157 2171 4202 sensus

620 4235 1017 4327 simpliciter
1080 4249 1177 4305 est
1221 4241 1288 4306 in
1331 4241 1656 4306 membris
1715 4239 2165 4330 simplicibus,

617 4344 903 4436 dignum
926 4355 1025 4412 est
1043 4348 1248 4414 etiam
1271 4346 1709 4438 ‹liceri-,quod
1725 4350 1931 4415 etiam
1950 4357 2169 4417 tactus

621 4453 813 4520 estin
831 4451 1157 4522 membris
1177 4454 1646 4522 consimilibus
1668 4455 2065 4546 simpliciter
2086 4456 2167 4524 de

620 4567 802 4628 tactu
843 4559 1183 4652 loquendo
1215 4564 1357 4632 sine
1399 4563 1989 4653 coadjuvantibus.
2052 4564 2170 4634 Est

619 4678 844 4736 antem
878 4692 1114 4738 sensus
1142 4680 1385 4749 tactus,
1416 4672 1498 4740 de
1542 4696 1679 4764 quo
1724 4696 1966 4740 omnes
2012 4672 2169 4764 opi-

618 4784 867 4844 nantur
913 4778 1097 4869 quod
1134 4779 1368 4847 multis
1434 4780 1654 4847 modis
1719 4780 1947 4859 sentit,
1992 4783 2166 4850 sicut

618 4882 852 4952 multis
880 4884 1387 4956 instrumentis:
1440 4896 1505 4955 et
1550 4889 1752 4956 sentit
1798 4887 2052 4956 multos
2099 4897 2166 4956 et

612 4995 990 5062 contrarios
1013 4995 1253 5063 modos
1285 4997 1660 5087 specierum
1694 4996 2157 5085 tangibilium,

613 5100 788 5167 sicut
843 5101 1135 5170 calidum
1196 5114 1259 5172 et
1309 5103 1653 5194 frigiduun
1699 5114 1763 5170 et
1796 5102 2160 5172 humidum

612 5212 676 5271 et
713 5207 993 5287 siccum,
1038 5218 1102 5278 et
1171 5210 1386 5278 multa
1451 5210 1605 5287 alia,
1676 5232 1826 5299 quoe
1877 5211 1944 5277 in
1985 5210 2160 5279 libro

608 5311 905 5378 secundo
946 5314 1027 5383 de
1101 5318 1357 5385 .›lm’nm
1416 5316 1711 5384 exsecuti
1778 5337 2041 5384 sumus.
2078 5316 2163 5384 Et

608 5416 1136 5491 instrumentum
1187 5448 1424 5493 sensus
1483 5422 1750 5489 illarum
1790 5445 2017 5491 rerum
2049 5447 2164 5493 se-

606 5523 904 5592 cundum
935 5527 1199 5621 aliquos
1262 5540 1364 5600 est
1428 5553 1610 5607 care,
1671 5536 1738 5597 et
1784 5530 2160 5599 secundum

608 5630 941 5722 quosdam
1007 5659 1283 5718 nervus,
1361 5637 1472 5708 vel
1524 5635 1709 5704 aliud
1771 5638 2154 5709 consimile.

1650 289 1734 355 D.
1787 290 1986 357 ALB.
2043 288 2261 357 MAG.
2317 289 2522 359 ORD.
2577 292 2873 359 PRAED.

2313 463 2448 534 Sed
2481 466 2608 534 hoc
2648 475 2903 535 certum
2946 474 3070 545 est,
3116 463 3301 555 qnod
3334 464 3860 532 instrumentum

2307 600 2546 644 sensus
2578 574 2781 663 liujus
2816 583 2914 642 est
2947 598 3031 642 ex
3063 594 3263 639 carne
3295 593 3585 638 nervosa
3617 573 3853 660 magis

2309 682 2392 747 Et
2429 683 2586 770 quia
2619 678 3038 768 impossibile
3070 686 3170 745 est
3202 684 3276 744 ut
3306 678 3393 743 sit
3422 675 3675 743 animal
3715 679 3859 743 sine

2307 811 2534 862 sensu,
2568 789 2945 854 necessaria
2972 787 3246 855 fuerunt
3286 788 3355 853 in
3414 785 3860 875 compositio-

2308 919 2391 963 ne
2449 894 2851 960 animalium
2921 894 3080 960 talia
3147 893 3460 962 membra
3525 891 3858 984 simplicia

2303 1004 2375 1070 in
2406 1001 2729 1069 membris
2768 1002 2936 1080 istis,
2998 1023 3153 1091 quae
3212 1000 3533 1069 dicuntur
3595 1023 3856 1091 orycma

2300 1133 2648 1177 sensuum.

2391 1218 2674 1309 Oportet
2713 1228 2938 1286 autem
2979 1220 3177 1295 scire,
3216 1217 3400 1308 quod
3440 1217 3594 1285 licet
3651 1218 3857 1307 quili-

2301 1328 2414 1396 bet
2441 1351 2678 1397 sensus
2709 1327 2824 1395 siat
2852 1327 3228 1395 secundum
3259 1329 3580 1394 virtutem
3630 1334 3695 1392 et
3723 1347 3854 1415 po-

2301 1440 2579 1505 tentiam
2621 1436 2903 1527 alicujus
2933 1437 3178 1503 similis
3234 1434 3553 1513 membri,
3618 1443 3847 1501 tamen

2300 1567 2436 1613 non
2468 1544 2811 1635 perficitur
2838 1543 3062 1611 debite
3093 1544 3240 1609 sine
3271 1542 3583 1609 membro
3650 1541 3853 1608 dissi-

2300 1652 2472 1720 mili.
2519 1652 2722 1719 Verbi
2754 1655 2973 1743 gratia
3011 1676 3025 1719 :
3059 1652 3251 1718 visus
3281 1650 3438 1719 licet
3475 1651 3563 1717 sit
3620 1672 3856 1717 secun-

2299 1762 2463 1829 dum
2497 1762 2869 1852 potentiam
2899 1761 3239 1851 perspicui
3272 1759 3498 1849 aquei,
3536 1780 3672 1826 non
3748 1767 3854 1826 ta-

2300 1891 2453 1935 men
2487 1867 2868 1956 perficietur
2899 1865 3496 1957 sinessmembrauis
3539 1862 3744 1945 oculi,
3784 1872 3851 1931 et

2295 1976 2439 2042 sine
2471 1973 2704 2064 liguris
2742 1972 3086 2063 spliaericis
3118 1995 3269 2063 quae
3307 1980 3467 2039 sunt
3524 1972 3593 2037 in
3648 1971 3850 2061 parti-

2294 2079 2420 2148 bus
2450 2081 2708 2149 caeteris
2737 2103 2807 2148 se
2836 2083 3264 2149 continentes
3303 2088 3371 2148 et
3425 2102 3496 2146 se
3563 2080 3847 2147 interse-

2294 2198 2548 2259 canteS.
2595 2189 2693 2256 lta
2725 2192 2928 2258 etiam
2968 2189 3241 2258 auditus
3271 2187 3429 2257 lieet
3457 2191 3544 2256 sit
3601 2210 3848 2256 seeun-

2293 2297 2455 2364 dum
2497 2298 2815 2364 virtutem
2845 2300 3020 2365 aeris
3052 2299 3120 2364 iu
3155 2320 3364 2364 nervo
3443 2297 3558 2387 qui
3591 2318 3850 2385 expan-

2292 2406 2476 2473 ditur
2504 2429 2705 2496 super
2745 2414 3146 2495 tympanum
3179 2408 3388 2485 auris,
3440 2414 3670 2472 tamen
3712 2426 3847 2471 non

2292 2513 2520 2582 debite
2561 2515 2904 2604 perficitur
2931 2515 3076 2581 sine
3128 2515 3527 2603 operatione
3593 2511 3854 2580 cartila-

2294 2623 2471 2712 ginis
2501 2623 2684 2689 auris
2723 2631 2789 2689 et
2830 2623 3265 2689 tortuositate
3299 2622 3513 2711 ipsius
3534 2630 3597 2687 et
3620 2619 3853 2709 dispo-

2289 2733 2534 2800 sitione
2567 2733 2944 2799 foraminis.
2983 2731 3064 2799 lit
3110 2733 3199 2799 ita
3267 2730 3349 2798 de
3408 2730 3691 2799 odoratu
3734 2730 3846 2820 qui

2287 2850 2389 2907 est
2423 2840 2492 2906 in
2532 2839 2797 2906 duobus
2829 2837 3314 2906 additamentis
3353 2836 3845 2905 mamillaribus

2287 2947 2569 3025 cerebri,
2611 2969 2760 3037 quae
2810 2955 2970 3013 sunt
3024 2945 3273 3014 similia
3335 2967 3665 3036 corpora:
3726 2943 3843 3013 sed

2285 3078 2422 3122 non
2464 3052 2685 3121 debite
2715 3053 3058 3143 perlicitur
3095 3054 3240 3120 sine
3284 3074 3449 3120 naso
3495 3060 3561 3120 et
3608 3052 3843 3142 dispo-

2285 3164 2528 3230 sitione
2569 3162 2857 3229 narium.
2894 3159 3153 3228 Eodem
3207 3167 3438 3229 autem
3469 3158 3675 3229 modo
3741 3169 3841 3227 est

2284 3268 2366 3337 de
2396 3277 2623 3358 gustu,
2659 3269 2772 3358 qui
2831 3275 2932 3334 est
2991 3269 3061 3334 in
3112 3289 3325 3335 nervo
3391 3289 3693 3356 expanso
3768 3266 3838 3332 iu

2284 3378 2517 3468 lingua
2562 3399 2577 3444 :
2628 3376 2744 3443 sed
2794 3398 2933 3443 non
2990 3375 3215 3444 debite
3274 3376 3620 3466 perficitur
3691 3375 3838 3440 sine

2286 3486 2518 3578 lingua
2547 3494 2610 3554 et
2642 3484 2857 3553 saliva
2894 3493 2962 3552 et
2991 3484 3143 3552 aliis
3181 3484 3518 3573 adjunctis
3559 3484 3833 3572 linguoe.

2281 3593 2365 3662 Et
2396 3593 2575 3662 idem
2615 3599 2716 3660 est
2737 3591 2820 3660 de
2859 3600 3042 3659 tactu
3074 3592 3190 3682 qui
3233 3613 3374 3660 non
3412 3599 3513 3658 est
3544 3591 3611 3657 in
3634 3612 3837 3658 carne

2281 3699 2598 3790 simplici,
2643 3698 2761 3766 sed
2790 3699 2860 3766 in
2899 3721 3103 3767 carne
3142 3721 3457 3774 nervosa.
3501 3719 3652 3788 quae
3691 3719 3841 3763 me-

2278 3809 2392 3876 dia
2420 3816 2520 3875 est
2553 3808 2726 3874 inter
2763 3805 3200 3874 excellentias
3237 3804 3647 3896 qualitatum
3676 3826 3838 3872 sen-

2279 3915 2603 3983 sibilium.
2651 3914 2732 3981 Et
2761 3914 3056 4004 primum
3096 3913 3376 4004 quidem
3416 3912 3584 3980 tales
3622 3910 3836 4003 quali-

2281 4033 2449 4092 tates
2508 4022 2884 4113 percipiens
2949 4030 3050 4089 est
3124 4043 3266 4097 cor,
3337 4020 3580 4088 deinde
3646 4042 3827 4098 earo,

2260 4129 2518 4220 ⁸deinde
2547 4131 2768 4198 cutis:
2830 4129 3051 4217 magis
3109 4136 3342 4195 tamen
3399 4127 3707 4195 incarne
3764 4136 3831 4194 et

2275 4248 2427 4307 cute
2468 4259 2618 4328 quae
2665 4243 2765 4304 est
2830 4236 2901 4302 in
2954 4244 3259 4303 extrema
3325 4242 3513 4323 parte
3563 4232 3826 4300 indicis.

2278 4348 2391 4415 Sic
2425 4370 2588 4436 ergo
2635 4366 2876 4413 sensus
2939 4351 3041 4411 est
3107 4342 3387 4435 quidem
3454 4341 3828 4409 secundum

2272 4458 2595 4526 virtutem
2625 4451 2867 4521 similis
2898 4451 3190 4520 membri
3234 4460 3301 4519 et
3348 4449 3640 4539 alicujus
3687 4455 3856 4519 ele--

2272 4563 2485 4634 menti
2520 4586 2536 4631 :
2570 4561 2686 4630 sed
2729 4569 2955 4629 tamen
2997 4582 3136 4627 non
3170 4560 3293 4628 rite
3350 4558 3694 4651 perficitur
3720 4558 3834 4626 ni·

2270 4672 2326 4739 si
2386 4693 2508 4762 per
2561 4667 2948 4737 membrum
3004 4665 3333 4735 dissimile
3400 4666 3824 4757 organicum.

2273 4779 2420 4848 lloc
2446 4785 2673 4847 autem
2704 4775 2858 4845 ideo
2891 4783 3019 4854 est,
3052 4776 3214 4866 quia
3253 4797 3495 4843 sensus
3544 4773 3828 4864 passive

2270 4897 2429 4958 sunt
2455 4889 2764 4963 virtutes,
2827 4886 2895 4952 in
2973 4908 3144 4975 quas
3208 4893 3423 4976 agunt
3478 4882 3828 4950 sensibilia

2268 4991 2641 5063 secundum
2686 4997 3055 5080 potestates
3085 5012 3364 5056 suarum
3395 4988 3768 5057 formarum
3803 5007 3819 5052 :

2270 5111 2334 5171 et
2366 5100 2515 5168 ideo
2555 5100 2758 5165 etiam
2789 5106 3054 5187 oportet
3094 5097 3284 5189 quod
3332 5096 3538 5164 etiam
3595 5095 3663 5162 in
3711 5118 3830 5163 or-

2266 5230 2446 5299 gano
2486 5203 2876 5271 dominetur
2911 5202 3195 5295 aliquod
3217 5223 3432 5268 unum
3480 5197 3825 5290 passivum

2268 5314 2449 5409 quod
2480 5312 2714 5381 [ortuis
2751 5312 3135 5379 activorum
3197 5308 3447 5378 habeat
3503 5308 3826 5376 virtutem

2266 5419 2877 5515 proportionatam,
2909 5419 3082 5485 sirut
3148 5415 3827 5507 comproportiouata

2264 5536 2425 5599 sunt
2451 5527 2749 5595 activum
2796 5533 2864 5593 et
2937 5526 3292 5614 passivum
3357 5525 3431 5591 in
3496 5518 3819 5612 physicis.

2266 5634 2711 5729 operationes
2738 5638 2970 5699 autem
3002 5654 3156 5724 quae
3207 5639 3367 5702 sunt
3422 5629 3510 5700 ab
3564 5627 3817 5703 anima,
