4919 6371
659 383 786 450 370

654 554 900 620 hontur
941 576 954 618 :
991 561 1055 618 ct
1093 574 1212 640 per
1268 550 1602 638 ampullas
1661 560 1822 621 tunc
1872 561 2207 622 evomunt

653 670 913 750 partem
944 680 1134 748 aquae
1165 657 1356 724 salsae
1393 681 1406 724 :
1446 669 1511 726 et
1541 662 1892 730 residuum
1934 662 2207 731 resudat

655 775 771 833 aut
794 767 1032 834 transit
1074 767 1141 832 in
1173 767 1622 837 substantiam
1665 771 1942 839 conchae
1983 793 2210 861 quan-

656 873 741 941 do
772 882 869 941 cst
919 875 1111 943 valde
1170 885 1480 946 terrestre
1517 902 1530 944 :
1568 903 1724 947 cum
1782 878 1965 946 enim
2029 899 2208 966 aqua

655 980 831 1047 salsa
859 983 1098 1050 transit
1123 1007 1244 1073 per
1270 983 1551 1051 subtiles
1591 1006 1797 1074 poros
1838 990 1903 1049 et
1957 981 2206 1070 saepius

656 1087 751 1155 sic
780 1087 1062 1169 colatur,
1097 1091 1385 1158 eflicitur
1422 1088 1690 1156 subtilis
1745 1091 1818 1154 in
1869 1084 2204 1176 partibuS‚

653 1203 717 1261 ct
791 1197 1147 1265 revertitur
1210 1194 1294 1261 ad
1348 1195 1641 1282 primam
1691 1192 2206 1282 dispositionem

652 1326 842 1393 aquae
874 1303 1109 1370 dulcis.
1147 1301 1342 1378 Quod
1377 1308 1601 1367 autom
1642 1299 1940 1367 declarat
1970 1300 2041 1366 in
2064 1321 2210 1365 ma-

649 1413 703 1477 ri
744 1433 888 1478 esse
918 1431 1163 1497 aquam
1205 1407 1495 1487 dulcem,
1539 1417 1638 1475 est
1707 1408 1893 1499 quod
1927 1430 2049 1498 per
2087 1429 2204 1473 ar-

646 1525 786 1584 tem
822 1525 1044 1606 potest
1071 1513 1333 1582 extrahi
1372 1539 1456 1582 ex
1511 1537 1686 1606 aqua
1755 1515 1962 1583 maris
2020 1536 2202 1605 aqua

645 1622 899 1690 dulcis:
973 1624 1026 1690 si
1087 1624 1270 1691 enim
1337 1627 1672 1714 acceperit
1736 1627 1890 1715 quis
1944 1632 2197 1691 terram

643 1731 1076 1820 glutinosam,
1111 1740 1178 1799 et
1215 1731 1443 1800 fecerit
1468 1756 1553 1800 ex
1592 1755 1671 1800 ea
1725 1755 1847 1800 vas
1903 1733 2200 1821 spissum

647 1864 1021 1909 concavum
1052 1839 1351 1930 undique
1384 1840 1718 1922 clausum,
1746 1847 1811 1906 ct
1842 1839 2202 1905 immiserit

644 1947 714 2017 in
744 1972 928 2017 mare
959 1951 1174 2039 spatio
1207 1946 1468 2015 dierum
1493 1946 1756 2037 aliquot
1777 1954 1843 2014 ct
1864 1946 2194 2023 noctium,

643 2057 929 2125 attrahet
961 2064 1025 2124 et
1056 2055 1446 2146 implebitur
1483 2078 1663 2147 aqua
1692 2054 1894 2123 dulci.
1947 2054 2200 2121 Dicunt

641 2175 868 2233 autom
898 2163 1172 2255 quidam
1202 2162 1329 2230 lnoc
1361 2163 1504 2229 lieri
1539 2165 1604 2228 in
1636 2185 1796 2230 vase
1819 2185 2014 2230 cereo
2042 2184 2055 2227 ε
2080 2160 2196 2228 sed

640 2273 772 2343 hoe
800 2296 938 2340 non
979 2280 1074 2340 cst
1113 2281 1464 2361 expertum
1524 2273 1592 2337 in
1637 2295 1814 2350 cera,
1867 2273 2193 2362 quoniam

642 2406 793 2450 cera
830 2382 1032 2448 nimis
1064 2379 1418 2447 induratur
1471 2402 1669 2469 aquae
1697 2378 2091 2468 frigiditate,
2126 2385 2191 2445 et

647 2491 1053 2559 clauduntur
1080 2490 1226 2580 pori
1257 2489 1426 2578 ejus».

721 2598 843 2666 llis
908 2622 1069 2688 ergo
1127 2597 1206 2664 «lc
1263 2599 1483 2665 causis
1539 2597 1844 2665 variatur
1911 2597 2183 2663 anima-

640 2706 804 2774 lium
843 2706 1056 2774 cilius.

1649 380 1733 450 D.
1789 380 1987 448 ALB.
2043 375 2261 446 MAG.
2316 376 2521 448 om).
2576 381 2894 453 ΡΒᾸΞΙ).Ι

2865 1413 3159 1482 CAPUT
3189 1413 3311 1482 lll.

2304 2160 2408 2225 De
2462 2158 2850 2248 differentia
2884 2160 3188 2250 piscium
3211 2182 3418 2250 penes
3454 2159 3677 2227 cibum
3710 2184 3852 2229 sure

2388 2266 2853 2357 complexioni
2937 2266 3249 2334 debitum
3324 2277 3387 2334 el
3449 2271 3852 2336 convenien-

2396 2384 2555 2441 tem.

2375 3238 2649 3306 Animal
2700 3239 2908 3330 igitur
2959 3247 3279 3308 vocatum
3328 3239 3579 3317 halica,
3639 3240 3842 3310 habet

2282 3343 2507 3411 cilium
2577 3342 2702 3411 sibi
2768 3347 3314 3428 convenientem,
3383 3370 3538 3415 cum
3618 3350 3836 3438 pisces

2278 3452 2471 3541 parvi
2536 3452 3079 3544 multiplicantur
3132 3454 3307 3522 circa
3356 3452 3581 3522 locum
3641 3456 3835 3544 ejus:

2276 3566 2341 3626 et
2402 3559 2497 3627 sic
2535 3568 2821 3638 constat,
2869 3559 3054 3652 quod
3098 3570 3388 3630 venatur
3432 3561 3661 3630 cibum
3712 3561 3837 3630 ‹le-

2272 3667 2713 3736 terminatum
2769 3691 2907 3736 suae
2955 3668 3409 3760 complexioni
3443 3690 3831 3761 congruen-

2268 3782 2432 3842 tem.
2497 3773 2590 3841 Os
2636 3783 2865 3844 autem
2913 3772 3119 3864 liujus
3176 3775 3488 3844 animalis
3531 3784 3597 3844 et
3634 3777 3826 3846 orifi-

2268 3881 2448 3947 cium
2481 3879 2667 3971 quod
2704 3904 2781 3948 os
2836 3903 3039 3949 suum
3078 3881 3489 3958 circumstat,
3536 3880 3686 3949 licet
3751 3882 3819 3948 in

2265 3990 2493 4080 parvis
2541 3990 2629 4058 sit
2667 3987 3033 4072 occultum,
3098 3998 3324 4058 tamcn
3389 3990 3821 4081 cognoscitur

2265 4097 2359 4163 im
2425 4097 2693 4185 magnis
2757 4096 3193 4177 animalibuS,
3238 4105 3302 4166 et
3362 4096 3708 4165 invenitur
3754 4100 3821 4165 in

2262 4200 2359 4267 cis
2415 4201 2916 4292 aliquantulum
2967 4210 3156 4271 extra
3205 4203 3388 4271 viam
3435 4227 3556 4295 pcr
3611 4227 3817 4295 quam

2257 4306 2540 4377 trahunt
2566 4308 2795 4376 cibum
2826 4308 3126 4399 primum
3172 4331 3189 4376 τ
3232 4310 3556 4400 quoniam
3595 4312 3821 4400 prima

2257 4414 2371 4481 via
2410 4422 2512 4482 est
2555 4437 2678 4507 per
2731 4437 2940 4506 quam
2983 4416 3058 4484 fit
3116 4414 3388 4498 colatio‚
3449 4425 3816 4507 antequam

2256 4521 2346 4590 ud
2382 4546 2459 4590 os
2516 4522 2917 4614 perveniat:
2961 4533 3029 4594 et
3094 4525 3407 4593 similiter
3471 4526 3820 4593 invenitur

2256 4628 2662 4721 dispositum
2709 4654 2855 4699 csse
2913 4633 3254 4700 orificium
3309 4655 3514 4724 super
3563 4634 3814 4701 animal

2255 4737 2439 4827 quod
2498 4738 2742 4807 «licitur
2798 4750 3135 4807 onustum
3167 4762 3189 4807 .·
3221 4736 3364 4809 haec
3420 4750 3648 4810 autem
3703 4745 3817 4811 via

2252 4867 2457 4934 super
2494 4843 2746 4912 animal
2777 4853 3099 4914 vocatum
3138 4847 3511 4927 samulaki,
3547 4849 3819 4916 assimi-

2253 4957 2430 5022 latur
2449 4976 2748 5023 carnosae
2778 4955 2979 5045 parti,
3016 4978 3169 5047 quae
3197 4956 3543 5024 invenitur
3572 4957 3641 5024 in
3673 4980 3814 5025 ma-

2250 5064 2308 5132 ri
2356 5063 2772 5142 Eustaneon,
2802 5061 2990 5154 quod
3035 5073 3140 5132 est
3177 5064 3812 5157 Constantinopoli-

2247 5181 2487 5242 tanum
2532 5193 2548 5241 ε
2593 5180 2658 5240 et
2689 5171 2832 5240 haec
2861 5172 3103 5242 eadem
3133 5174 3485 5264 dispositio
3525 5183 3624 5242 est
3664 5173 3807 5241 ani·

2251 5279 2447 5347 malis
2488 5277 2671 5371 quod
2703 5277 3031 5348 len-radon
3063 5289 3370 5349 vocatur.

2339 5387 2582 5456 Adhuc
2610 5394 2838 5457 autem
2866 5389 3195 5481 probatur
3229 5388 3559 5461 animalia
3586 5390 3806 5461 deter-

2248 5495 2586 5566 minatum
2620 5518 2919 5587 quaerere
2948 5497 3179 5566 cibum
3213 5498 3348 5567 sere
3394 5522 3516 5591 per
3573 5500 3804 5568 omnia

2245 5603 2514 5672 marina
2579 5603 2953 5694 praedantia
3021 5625 3037 5671 :
3109 5627 3553 5699 quaecumque
3617 5608 3802 5677 enim

2244 5710 2525 5781 illorum
2561 5710 3186 5783 circummoventur
3210 5714 3548 5793 venando,
3583 5721 3648 5784 et
3676 5738 3802 5783 co-
