4919 6371
1941 446 2111 515 LIB.
2164 446 2259 514 111
2308 445 2427 514 DE
2476 444 3062 524 ANIMALIBUS,
3114 446 3428 516 TRACT.
3482 448 3540 514 Il

1141 634 1388 716 praeter
1417 620 1863 687 intentionem
1898 620 2077 687 illius
2118 631 2374 688 naturae
2406 641 2559 710 quae
2592 625 2691 683 est

1143 736 1213 800 in
1243 738 1580 822 spermate
1611 729 1935 796 mulieris.
1974 730 2057 796 Et
2086 729 2216 796 boe
2254 729 2533 795 omnino
2566 725 2691 790 ab-

1145 838 1426 908 surdum
1461 846 1581 913 est„
1634 846 1695 905 et
1767 847 1867 906 est
1921 837 2292 906 secundum
2326 834 2563 900 Galeni
2596 834 2694 897 in·

1146 948 1525 1017 tentionem
1558 947 1836 1016 dic-tum.
1873 948 1948 1014 ln
1979 953 2313 1036 spermate
2354 943 2533 1010 enim
2568 940 2694 1006 fm-

1144 1057 1350 1124 minae
1385 1079 1523 1124 non
1556 1066 1656 1124 est.
1688 1058 1970 1123 intentio
1999 1052 2270 1144 proprie
2301 1047 2643 1140 loquendo
2671 1072 2684 1115 :

1143 1167 1307 1255 quia
1366 1167 1651 1232 intentio
1721 1173 1821 1231 est
1879 1163 2024 1248 ejus
2091 1159 2273 1249 qnod
2338 1157 2694 1248 praestituit

1144 1272 1351 1339 linem
1384 1272 1597 1363 operi,
1632 1277 1698 1337 et
1729 1268 1858 1335 boc
1907 1277 2007 1334 est
2062 1265 2386 1344 efliciens,
2432 1272 2499 1331 et
2556 1287 2692 1329 non

1143 1383 1468 1450 materia:
1534 1378 1651 1445 sed
1711 1377 1781 1443 in
1840 1384 2177 1466 spermate
2245 1374 2539 1442 foeminae
2596 1381 2693 1439 est

1144 1488 1508 1578 appetitus,
1544 1492 1611 1549 et
1641 1504 1778 1549 non
1818 1491 1919 1549 est
1973 1483 2311 1572 appetitus
2355 1479 2485 1546 nisi
2532 1477 2691 1545 boni

1146 1602 1213 1660 et
1243 1591 1552 1682 perfecti,
1595 1598 1660 1657 et
1718 1590 1868 1657 idco
1935 1589 2274 1679 appetitus
2338 1587 2694 1677 spermatis

1143 1699 1439 1765 foeminae
1469 1705 1571 1764 est
1600 1696 1685 1764 ad
1742 1696 2028 1763 formam
2101 1693 2408 1771 masculi,
2453 1700 2520 1758 et
2556 1713 2694 1757 non

1146 1804 1231 1873 acl
1270 1803 1561 1872 formam
1601 1803 1917 1870 foeminae.
1963 1802 2045 1867 Et
2088 1800 2236 1866 ideo
2276 1799 2447 1867 dixit
2502 1798 2694 1865 Plato

1147 1913 1219 1980 in
1257 1913 1482 2004 prima
1512 1913 2057 2002 incorporatione
2123 1908 2494 1975 formarum
2536 1930 2697 1998 pro-

1151 2020 1306 2088 duci
1347 2042 1572 2087 mares
1601 2040 1867 2102 omnes,
1902 2025 1966 2084 et
2024 2018 2089 2083 in
2147 2014 2444 2083 secunda
2474 2015 2698 2082 foemi-

1151 2152 1300 2204 nas,
1339 2127 1721 2217 intelligens
1751 2127 2040 2216 primam
2075 2124 2696 2214 incorporationem

1155 2259 1300 2305 esse
1341 2257 1493 2302 eam
1543 2256 1692 2324 quae
1761 2235 1962 2300 linem
2036 2231 2320 2299 intendit
2356 2232 2698 2321 operantis

1151 2352 1521 2422 naturae‚et
1552 2342 1919 2410 secundam
1956 2340 2138 2407 illam
2172 2337 2502 2406 intellexit
2524 2363 2693 2414 esse,

1153 2471 1305 2540 quae
1336 2457 1438 2516 est
1494 2471 1615 2540 per
1643 2450 2071 2516 occasionem
2120 2445 2405 2534 alicujus
2443 2445 2701 2535 princi-

1153 2556 1244 2647 pii
1275 2554 1649 2624 deficientis
1691 2557 1757 2622 in
1790 2554 2094 2620 materia.
2136 2551 2270 2620 Sed
2300 2575 2456 2620 cum
2491 2561 2695 2619 natu-

1149 2686 1223 2730 ra
1288 2662 1798 2753 particularium
1860 2660 2344 2751 principiorum
2402 2683 2694 2750 semper,

1146 2779 1215 2836 ut
1250 2770 1508 2837 dictum
1541 2778 1664 2846 est,
1703 2769 2018 2835 inducere
2054 2766 2347 2834 intendat
2406 2766 2693 2833 fornmm

1147 2878 1462 2956 nauseati,
1509 2888 1573 2945 et
1601 2878 1966 2968 aliquando
2006 2880 2088 2944 sit
2140 2878 2436 2946 defectus
2468 2878 2535 2944 in
2569 2877 2698 2942 ali-

1147 3008 1286 3076 quo
1356 2987 1842 3076 principiorum
1918 2987 2240 3062 maa-ria»,
2312 3010 2387 3052 ea
2457 2996 2695 3052 natura

1148 3117 1300 3187 quae
1339 3117 1543 3162 causa
1591 3104 1691 3161 est
1733 3094 1991 3160 ordinis
2033 3093 2562 3183 [unuiuscujusque
2611 3093 2691 3158 ad

1147 3204 1394 3272 melius
1425 3204 1609 3295 quod
1637 3227 1721 3270 ex
1755 3206 1900 3294 ipso
1953 3204 2091 3269 lieri
2128 3204 2361 3293 possit,
2397 3225 2548 3293 qua·
2582 3225 2696 3268 na·

1146 3319 1297 3379 tura
1329 3319 1428 3378 est
1459 3312 1862 3379 universalis
1922 3313 1985 3377 in
2036 3311 2245 3377 stellis
2293 3319 2356 3377 et
2416 3308 2694 3377 orbibus

1141 3428 1209 3486 et
1242 3419 1650 3497 uictoribus,
1685 3419 1780 3487 sic
1809 3419 1985 3487 elicit
2031 3418 2271 3485 melius
2325 3417 2508 3509 quod
2549 3442 2693 3483 esse

1141 3534 1390 3617 potest,
1426 3534 1492 3594 et
1540 3524 1682 3595 liaee
1735 3534 1835 3592 est
1893 3525 2108 3592 forma
2175 3525 2492 3602 stvlltlnae,
2545 3547 2694 3614 quae

1139 3655 1277 3699 non
1312 3633 1517 3699 datur
1545 3632 1627 3698 ad
1660 3635 2200 3722 generationem,
2235 3631 2352 3699 sed
2394 3632 2463 3698 in
2496 3655 2697 3721 gene·

1138 3742 1423 3809 rationis
1473 3741 1886 3829 adjutorium
1951 3743 2119 3808 sicut
2173 3741 2497 3808 materia:
2558 3763 2693 3807 non

1135 3849 1320 3917 enim
1363 3856 1640 3939 propter
1678 3848 1973 3916 formam
2022 3848 2396 3916 secundum
2437 3872 2534 3926 se,
2577 3848 2693 3915 sed

1135 3958 1204 4023 in
1236 3954 1657 4044 adjutorium
1719 3963 1816 4022 est
1853 3955 2179 4023 naturalis
2217 3954 2450 4023 sormae
2510 3955 2691 4045 quod

1135 4061 1340 4130 babet
1363 4064 1429 4130 in
1453 4061 1561 4130 bis
1608 4085 1759 4153 quae
1787 4070 1945 4131 sunt
1988 4072 2249 4130 natura.

1227 4276 1371 4344 lloc
1402 4285 1631 4344 autem
1683 4276 1933 4345 indicat
1964 4277 2166 4345 etiam
2206 4277 2348 4367 ipsa
2379 4296 2691 4365 sperma-

1131 4389 1278 4475 tum
1311 4382 1731 4451 substantia:
1796 4386 2121 4473 quoniam
2174 4406 2439 4472 sperma
2483 4382 2689 4448 maris

1129 4489 1612 4558 universaliter
1639 4497 1739 4558 est
1802 4491 2097 4581 spissum
2135 4489 2431 4558 calidum
2492 4491 2687 4560 valde

1125 4616 1533 4683 spumosum
1573 4606 1634 4664 et
1668 4595 2196 4687 glandulosum:
2259 4621 2528 4688 sperma
2562 4623 2689 4666 au-

1132 4709 1270 4769 tem
1344 4702 1638 4771 sonnium
1699 4704 2030 4796 liquidum
2102 4728 2425 4796 aqueum,
2462 4707 2685 4773 minus

1131 4834 1566 4903 spumosum,
1612 4821 1674 4879 cl
1728 4813 1946 4901 inagis
1986 4813 2270 4889 iuncum,
2308 4821 2371 4880 et
2407 4814 2685 4903 projici-

1037 4904 1050 4916 ·
1131 4928 1241 4987 tur
1306 4920 1583 5011 quidem
1633 4944 1903 5012 sperma
1971 4920 2172 4987 maris
2236 4945 2355 5012 per
2392 4924 2679 5012 virgam,

1131 5035 1244 5094 aut
1276 5026 1422 5094 vias
1463 5029 1606 5095 sive
1637 5027 1908 5096 canales
1966 5029 2325 5120 quosdam,
2368 5038 2430 5097 et
2463 5030 2687 5121 appli-

1128 5144 1231 5202 cat
1272 5159 1344 5203 sc
1377 5136 1622 5204 matrix
1665 5137 1732 5203 in
1787 5135 1892 5204 bis
1951 5160 2098 5228 qum
2163 5148 2487 5228 generant
2555 5139 2679 5207 sibi

1134 5243 1385 5312 similia
1415 5244 1500 5311 ad
1532 5245 1964 5333 glutiendum
2001 5249 2247 5336 ipsum,
2281 5256 2398 5317 ant
2427 5251 2680 5339 spargit

1127 5376 1252 5415 eva
1291 5362 1356 5418 ut
1401 5355 1462 5418 in
1510 5354 1654 5442 ipso
1686 5354 1871 5419 exilu
1908 5364 2270 5443 tangantur
2308 5381 2342 5421 a
2385 5379 2682 5445 sperma-

1123 5468 1230 5528 te:
1289 5470 1352 5529 et
1396 5463 1547 5531 ideo
1596 5463 1971 5532 confricant
2011 5488 2082 5531 se.
2139 5474 2203 5532 et
2252 5474 2537 5551 tangunt
2570 5468 2680 5557 pi-

1127 5593 1272 5636 sces
1295 5576 1360 5637 et
1396 5581 1745 5661 serpentes
1772 5570 2044 5662 quando
2101 5574 2459 5641 seminant.
2526 5573 2679 5640 Mu-

1125 5676 1251 5746 lier
1279 5683 1510 5746 autem
1542 5687 1608 5747 ct
1640 5664 1915 5748 firmina
1955 5683 2343 5770 generantis
2398 5682 2524 5749 sibi
2584 5681 2678 5748 si-

1131 5786 1317 5865 mile,
1352 5809 1587 5856 semen
1643 5811 1845 5855 suum
1912 5789 2179 5879 projicit
2218 5790 2287 5856 in
2328 5790 2674 5859 matricem

4223 451 4352 517 253

2795 638 3011 691 suam,
3080 624 3153 681 ut.
3210 618 3279 682 in

2797 721 2938 786 rilc.

2885 828 3339 919 Hippocrates
3372 841 3600 899 autem
3636 832 3818 900 Cous
3848 857 4117 924 sperma
4149 860 4354 904 omne

2796 936 2964 1003 dixit
2994 938 3401 1008 descendere
3434 964 3473 1008 a
3511 942 3731 1031 capite
3775 965 3894 1032 per
3924 943 4091 1009 duas
4149 967 4357 1010 venas

2798 1067 2963 1135 quas
2991 1050 3443 1137 sper-malicus
3480 1051 3803 1116 vocavit:
3857 1059 3924 1118 et
3980 1059 4141 1118 sunt
4202 1060 4356 1140 post

2797 1177 2993 1222 aures
3023 1156 3436 1223 continnatae
3475 1180 3631 1223 eum
3669 1157 3894 1225 nucha
3936 1161 4004 1225 in
4045 1163 4358 1249 superio-

2795 1262 2849 1326 ri
2882 1269 3070 1349 parte
3102 1262 3607 1350 conjunctionis
3645 1263 3886 1351 capitis
3952 1272 4017 1329 et
4074 1264 4257 1343 colli,
4294 1272 4358 1330 et

2798 1370 3039 1438 deinde
3082 1371 3494 1460 perveniunt
3534 1371 3618 1440 ad
3661 1395 3879 1449 renes,
3933 1381 4013 1440 et‘
4049 1373 4199 1440 ideo
4233 1374 4358 1440 de-

2796 1478 3065 1546 lectatio
3139 1483 3431 1548 sentitur
3485 1482 3554 1547 in
3607 1480 3922 1548 renibus:
3995 1492 4060 1550 et
4118 1482 4359 1550 deinde

2796 1590 3201 1678 perveniunt
3242 1589 3329 1656 ad
3390 1591 3603 1680 virgae
3660 1590 4011 1658 canalem:
4058 1601 4121 1658 et
4153 1590 4357 1678 hujus

2799 1695 3068 1784 signum
3111 1718 3258 1762 esse
3291 1694 3486 1776 dixit,
3540 1698 3705 1787 quia
3754 1696 4165 1786 quibusdam
4195 1697 4359 1763 vul-

2800 1802 3049 1868 neratis
3089 1803 3157 1869 in
3220 1801 3400 1870 bello
3463 1826 3683 1894 usquc
3745 1803 3831 1870 ad
3872 1804 4358 1872 abscissionem

2799 1907 3040 1976 harum
3108 1933 3470 1994 venarum,
3542 1911 3781 1979 accidit
3871 1912 4214 1989 sterilitas,
4295 1919 4360 1979 et

2799 2015 3090 2105 amplius
3150 2039 3286 2083 nou
3336 2019 4017 2106 spermatizaveruut.
4062 2018 4360 2086 Galenus

2801 2132 3028 2190 aulem
3061 2124 3234 2191 dixit
3272 2148 3344 2190 se
3389 2127 3648 2193 nescire
3689 2134 3918 2193 utrum
3953 2125 4083 2193 hoc
4122 2127 4208 2193 sit
4238 2149 4362 2194 ve-

2802 2254 2949 2298 rum
3009 2231 3192 2323 quod
3251 2232 3415 2300 dicit
3458 2232 3974 2324 Jiippocrates:
4020 2232 4135 2301 sed
4178 2233 4357 2324 quod

2800 2339 3219 2430 probabilius
3250 2340 3333 2408 de
3365 2340 3494 2409 bac
3533 2344 3868 2410 sententia
3908 2342 4093 2421 dicit,
4136 2351 4359 2432 polest

2800 2469 2945 2513 esse
2976 2447 3163 2537 quod
3194 2470 3494 2537 sperma,
3540 2449 3727 2539 quod
3788 2458 3886 2516 est
3936 2451 4357 2540 superllnum

2800 2563 3055 2645 quarta»
3087 2556 3517 2646 digestioniS,
3558 2556 3843 2625 exsudat
3896 2556 3982 2623 ab
4040 2557 4362 2626 omnibus

2802 2661 3155 2741 membris,
3191 2663 3308 2728 sed
3353 2665 3654 2730 maxime
3687 2687 3723 2730 a
3765 2667 4009 2754 eapite,
4066 2674 4130 2731 et
4188 2665 4360 2732 forte

2801 2769 3001 2835 eliam
3064 2771 3131 2836 in
3191 2771 3413 2860 capite
3468 2771 3712 2862 accipit
3770 2772 4235 2839 decoctionem
4297 2780 4362 2840 et

2799 2878 3392 2945 fermentationem
3435 2879 3516 2945 ad
3552 2877 3682 2948 boc
3714 2879 3898 2970 quod
3938 2879 4364 2969 compleatur

2798 2985 3021 3061 citius,
3057 3007 3138 3052 eo
3180 2985 3368 3075 quod
3411 2988 3478 3051 in
3509 2986 3732 3076 capite
3762 2995 3923 3054 sunt
3986 2990 4165 3055 vires
4205 2988 4360 3054 ani-

2799 3114 2925 3158 mae
2968 3091 3367 3159 nobiliores,
3434 3092 3567 3160 l‘er
3621 3096 4187 3184 spongiositatem
4232 3118 4362 3161 au-

2798 3208 2936 3266 tem
3006 3198 3475 3268 membrorum
3536 3201 3868 3268 similium
3929 3202 4363 3270 descenditur

2797 3315 2863 3373 et
2891 3304 3255 3373 attrabitur
3284 3329 3323 3373 a
3362 3307 3719 3386 testiculis,
3756 3310 3946 3396 sssicut
3979 3332 4017 3373 a
4074 3318 4356 3376 ventosa

2795 3413 3156 3482 attrabitur
3183 3415 3492 3507 sanguis,
3527 3425 3590 3483 et
3626 3417 3693 3483 in
3727 3417 4043 3484 testiculo
4086 3418 4358 3485 albalur

2795 3532 2858 3589 et
2889 3522 3133 3614 accipit
3169 3522 3627 3614 digestionem
3696 3548 3848 3593 eam
3909 3526 4157 3594 virtute
4216 3528 4361 3595 for-

2795 3631 3022 3700 mandi
3063 3655 3216 3723 quae
3257 3642 3359 3701 est
3388 3656 3429 3701 a
3466 3633 3698 3713 corde,
3731 3644 3801 3704 et
3850 3643 4010 3703 tunc
4038 3644 4139 3703 est
4173 3659 4360 3705 com·

2794 3738 3050 3829 pletum
3082 3738 3166 3805 ad
3200 3740 3748 3830 generationem,
3782 3739 3957 3809 sicut
3987 3750 4052 3809 et
4086 3744 4153 3810 in
4205 3742 4357 3810 aliis

2793 3844 3112 3913 diximus.
3148 3844 3348 3925 Quod
3394 3854 3625 3913 autem
3657 3845 3746 3914 ab
3775 3848 4099 3916 omnibus
4129 3873 4357 3916 mem-

2793 3952 2932 4020 bris
2961 3953 3273 4031 exsudet,
3307 3954 3583 4042 signum
3625 3964 3752 4032 est,
3788 3956 3948 4047 quia
3981 3959 4353 4046 potentiam

2792 4057 2993 4126 babet
3043 4069 3266 4127 totum
3324 4083 3578 4151 corpus
3642 4060 3981 4130 formandi
4033 4087 4049 4131 ε
4137 4074 4199 4133 et
4290 4065 4357 4131 in

2792 4166 3023 4234 multis
3124 4166 3543 4234 animalibus
3646 4168 3966 4237 videmus
4069 4170 4358 4240 delicere

2790 4274 3175 4342 membrum
3209 4274 3277 4341 in
3310 4282 3476 4343 nato
3533 4274 3721 4365 quod
3758 4275 3983 4344 delicit
4035 4278 4101 4345 in
4142 4301 4360 4364 gene-

2792 4392 3004 4451 rante.
3047 4391 3113 4450 et
3146 4383 3496 4450 inlirmum
3527 4405 3677 4451 esse
3709 4384 4094 4452 membrum
4130 4387 4196 4453 in
4229 4409 4357 4454 na-

2791 4498 2862 4555 to
2892 4488 3071 4579 quod
3121 4486 3512 4555 infirmatur
3562 4489 3633 4556 in
3672 4490 4185 4579 generantibus.
4226 4491 4356 4560 vi-

2790 4597 2987 4663 detur
3013 4607 3243 4665 lamen
3271 4595 3451 4663 velle
3501 4597 3926 4676 Aristoteles,
3988 4601 4170 4692 quod
4228 4601 4357 4669 ἴω-

2790 4707 2992 4772 mina·
3025 4726 3164 4772 non
3205 4702 3507 4773 babeant
3562 4728 3859 4796 sperma,
3920 4715 3984 4775 et
4017 4731 4146 4798 ego
4186 4716 4352 4799 puto

2790 4814 2917 4883 boc
2949 4837 3186 4882 verum
3219 4836 3393 4882 esse.
3431 4813 3567 4884 Sed
3600 4816 3685 4883 de
3724 4813 3855 4886 boc
3886 4818 3954 4884 in
3993 4819 4352 4909 sequenti-

2791 4922 2913 4989 bus
2946 4923 3348 5015 inquiretur.

2877 5029 3405 5121 complexiones
3444 5039 3673 5098 autem
3703 5029 3989 5100 diversae
4034 5031 4344 5101 accidunt

2787 5138 3027 5207 semini
3068 5145 3208 5205 tam
3252 5136 3629 5227 simplices,
3673 5160 3879 5229 quam
3921 5139 4343 5230 compositae.

2792 5245 2901 5312 Est
2932 5245 3116 5310 enim
3147 5264 3421 5333 sperma
3451 5242 3776 5319 calidum,
3813 5252 3880 5312 et
3922 5266 4193 5335 sperma
4223 5245 4349 5313 fri-

2786 5355 3044 5443 gistum.
3094 5364 3152 5419 et
3205 5374 3476 5442 sperma
3541 5349 3928 5433 tannetum,
3972 5363 4038 5419 et
4078 5378 4346 5443 sperma

2783 5467 3065 5540 siccum,
3134 5459 3513 5529 secundum
3562 5459 4077 5551 complexiones
4143 5463 4346 5530 unius

2784 5571 3110 5662 simplicis
3187 5567 3560 5658 qualitatis.
3642 5567 3726 5635 lit
3800 5569 3997 5659 signa
4066 5571 4344 5660 quidem

2782 5680 3144 5773 spermatis
3208 5674 3413 5744 calidi
3480 5682 3640 5744 sunt
3694 5676 4031 5767 apparitio
4097 5699 4348 5768 magna
4444 5690 4453 5699 ·

2779 5810 3110 5856 venarum
3160 5787 3229 5852 in
3278 5783 3479 5875 virga
3534 5790 3602 5851 et
3653 5785 3722 5851 in
3772 5782 3948 5874 pelle
3985 5783 4346 5853 testiculo-

3343 617 3491 705 ipso
3561 628 3883 706 operetur
3946 642 4217 710 sperma
4248 621 4357 686 vi-
