4919 6371
660 436 749 504 52

662 610 773 696 get
810 601 1059 673 visum,
1104 599 1170 660 et
1201 609 1338 655 non
1380 579 1726 673 permittat
1753 570 1976 655 ipsum
2015 577 2207 644 spar-

666 713 760 805 gi,
794 709 956 800 quia
1002 719 1275 791 sparsus
1331 690 1518 758 visus
1567 686 1670 748 est
1724 668 1999 741 debilis,
2038 664 2206 729 sicut

667 818 890 889 omnis
920 813 1134 882 virtus
1162 822 1315 894 quae
1357 798 1426 860 in
1465 787 1681 857 multa
1726 776 2046 848 dividitur
2080 792 2095 836 ε
2147 776 2212 834 et

668 921 1139 1019 proportionet
1164 912 1386 977 lucem
1436 908 1503 965 et
1558 896 1807 982 {eque-t,
1867 905 1953 952 ne
2016 875 2213 944 laedat

670 1037 919 1104 visum.
953 1025 1102 1093 Hoc
1133 1015 1315 1085 enim
1354 1006 1511 1075 facit
1539 997 1933 1093 operatione
1971 983 2213 1055 coloris

674 1142 781 1210 sui
819 1144 884 1205 et
912 1127 1130 1221 operit
1158 1124 1381 1210 ipsum
1410 1123 1717 1201 tempore
1772 1090 2209 1171 lassitudinis,

676 1240 947 1337 quando
974 1235 1161 1303 visus
1200 1224 1458 1314 indiget
1480 1213 1779 1288 tenebris
1822 1232 1837 1275 ε
1884 1213 1951 1274 et
1976 1209 2051 1269 ut
2079 1198 2218 1265 dis-

674 1354 943 1440 tinguat
980 1347 1156 1412 inter
1200 1336 1525 1405 humores
1572 1333 1639 1394 et
1684 1336 2004 1390 corneam
2062 1328 2216 1399 quae

678 1469 779 1530 est
803 1455 1174 1527 vehemens
1206 1441 1501 1519 duritiei,
1542 1444 1610 1504 et
1668 1437 1802 1499 stet
1845 1426 2021 1493 sicut
2072 1438 2223 1484 me-

680 1567 926 1638 diatrix
954 1563 1128 1630 inter
1165 1577 1269 1632 ea,
1303 1558 1370 1618 et
1399 1547 1605 1616 etiam
1652 1545 1729 1606 ut
1758 1532 2013 1604 nutriat
2067 1545 2225 1592 cor-

683 1700 883 1748 neam
921 1693 1078 1742 cum
1100 1690 1180 1734 eo
1236 1658 1655 1729 nutrimento
1714 1640 1901 1735 quod
1955 1630 2227 1704 advenit

682 1787 745 1857 ei
772 1808 856 1854 ex
882 1774 1251 1849 secundina
1287 1766 1528 1839 retina,
1564 1777 1720 1848 quae
1761 1756 1865 1820 est
1889 1740 2225 1838 posterius

684 1899 754 1963 in
784 1887 1009 1960 ocule.
1052 1881 1218 1949 llaec
1248 1880 1478 1943 autem
1507 1865 1643 1934 tela
1688 1882 1829 1929 non
1877 1846 2229 1924 concludi-

686 2010 799 2068 tur
824 1998 895 2064 in
916 1986 1237 2062 anteriori
1265 1977 1446 2050 oculi
1459 1992 1699 2043 versus
1712 1967 2020 2036 foramen
2036 1955 2223 2031 aciei,

688 2129 776 2178 ne
796 2100 1151 2197 prohibeat
1192 2093 1417 2159 visum
1466 2091 1534 2152 et
1589 2074 2044 2166 receptionem
2089 2063 2261 2131 for-'

688 2232 957 2282 marum
992 2229 1006 2273 :
1052 2212 1119 2272 et
1156 2200 1308 2268 ideo
1338 2188 1616 2262 dimittit
1635 2186 1707 2253 in
1735 2173 2055 2249 anteriori
2075 2192 2235 2263 par-

691 2330 760 2391 te
791 2320 936 2408 ejus
972 2314 1339 2382 fenestram
1378 2308 1445 2369 et
1491 2298 1801 2365 foramen
1847 2281 2067 2354 simile
2138 2278 2236 2345 fo-

691 2424 937 2497 ramini
992 2441 1167 2496 uvae,
1236 2407 1510 2503 quando
1576 2403 1968 2470 removetur
2018 2386 2101 2455 ab
2157 2407 2237 2452 ea

692 2531 1055 2605 coctilidon
1084 2527 1153 2594 in
1185 2543 1321 2613 quo
1352 2506 1891 2603 suspendebatur
1937 2497 2020 2566 ad
2051 2516 2239 2562 race-

695 2664 914 2718 mum,
949 2633 1133 2729 quod
1178 2633 1463 2699 vocatur
1495 2638 1718 2713 porus
1783 2632 1929 2679 uvae
1957 2628 1983 2676 .·
2047 2611 2114 2671 et
2166 2601 2237 2668 in

698 2754 816 2822 illo
845 2747 1177 2818 foramine
1223 2734 1532 2805 incidunt
1586 2716 2015 2795 advenientia
2065 2711 2240 2780 visui

701 2884 788 2929 ex
820 2854 1057 2926 formis
1083 2851 1319 2918 visivis
1356 2849 1424 2911 et
1451 2837 1709 2906 lumine
1743 2853 1760 2896 ε
1797 2836 1864 2897 et
1890 2823 2022 2893 hoc
2045 2841 2247 2889 voca-

705 3299 953 3369 tunica·
1013 3286 1270 3359 uvcalis
1326 3288 1427 3348 est
1484 3271 1824 3365 rugositas
1880 3261 2188 3357 quaedam
2231 3275 2249 3326 t

708 3404 894 3500 quod
932 3399 1085 3468 ideo
1113 3394 1269 3462 fecit
1306 3394 1572 3458 natura,
1623 3384 1703 3446 ut
1755 3374 1841 3442 sit
1899 3367 2116 3459 magis
2166 3364 2258 3431 si-

712 3512 894 3582 milis
924 3527 1077 3577 raro
1105 3496 1323 3576 molli,
1367 3500 1436 3563 et
1487 3498 1566 3557 ut
1626 3485 2010 3554 minoretur
2068 3472 2258 3542 loesio

714 3626 932 3689 tactus
960 3614 1132 3704 ejus.
1162 3602 1419 3675 Durior
1459 3602 1692 3667 autem
1736 3608 1896 3681 pars
1958 3578 2260 3671 ejusdem

718 3728 966 3799 tunicae
997 3726 1102 3790 cst
1136 3717 1207 3784 in
1270 3702 1592 3780 exteriori
1660 3703 1854 3791 parte
1908 3691 2081 3781 ejus,
2145 3685 2264 3754 ubi

721 3832 955 3905 obviat
989 3822 1236 3895 tunicae
1264 3818 1452 3886 durae
1478 3829 1633 3902 quae
1692 3822 1938 3873 cornea
1989 3799 2266 3887 propter

721 3937 1040 4012 duritiam
1070 3938 1137 3999 et
1174 3916 1742 4014 transparentiam
1769 3926 1967 3980 suem
1986 3906 2267 3971 vocatur

721 4058 792 4119 et
817 4045 910 4117 ibi
950 4040 1205 4110 tinitur.
1247 4032 1335 4101 Et
1371 4028 1504 4097 hoc
1521 4022 1681 4093 facit
1699 4016 1971 4109 sapiens
1995 4015 2260 4085 natura,

717 4163 796 4223 ut
822 4144 1217 4222 extremitas
1253 4137 1402 4227 ejus
1429 4152 1587 4224 qum
1622 4123 2020 4196 circumstet
2078 4113 2267 4183 tora-

715 4256 993 4337 men,sit
1019 4248 1278 4321 durior.
1312 4242 1652 4311 Foramen
1682 4236 1913 4299 eutem
1940 4243 2133 4294 uveoe
2163 4224 2269 4287 est

717 4367 999 4462 plenum
1033 4351 1439 4429 humiditate
1466 4353 1536 4414 et
1582 4338 1828 4432 spiritu
1870 4354 1888 4401 ε
1930 4338 1999 4402 et
2023 4326 2269 4417 hujus-

717 4472 905 4546 modi
959 4468 1234 4560 signum
1291 4465 1418 4535 est,
1487 4447 1676 4544 quod
1729 4443 2139 4513 extenuetur
2198 4431 2267 4502 id

719 4578 905 4675 quod
929 4583 1033 4644 est
1060 4589 1294 4642 coram
1322 4557 1660 4632 toramine
1690 4554 1762 4620 in
1789 4546 1995 4639 oegris
2020 4538 2267 4633 quibus

719 4706 907 4756 mors
978 4675 1210 4748 statim
1280 4665 1623 4737 imminet.
1695 4650 2053 4726 Secundus
2103 4666 2267 4715 vero

719 4785 1125 4885 panniculus
1151 4784 1255 4850 est
1280 4773 1510 4843 stricte
1536 4763 1740 4838 valde
1779 4764 2160 4831 contextus,
2194 4758 2269 4817 ut

718 4896 893 4966 hene
921 4889 1290 4961 retineatur
1316 4872 1503 4969 quod
1530 4868 1734 4940 estin
1779 4864 1957 4957 ipso,
2002 4864 2070 4926 et
2113 4875 2268 4947 pars

719 5000 1057 5096 posterior
1081 5015 1234 5087 quae
1262 4973 1783 5075 comprehendit
1808 4977 2025 5041 totam
2042 4960 2272 5058 pupil-

1654 406 1742 473 n.
1792 392 1993 466 ΑΕΒ.
2046 381 2260 451 MAG.
2313 376 2519 446 ono.
2571 370 2866 441 PRAEn.

2309 558 2466 614 sunt
2496 548 2667 612 sicut
2686 540 2970 609 cortices
3009 533 3137 601 sibi
3171 531 3468 597 invicem
3527 540 3866 613 superpo-

2312 655 2442 731 siti,
2480 654 2571 718 ita
2601 647 2783 741 quod
2815 638 3213 713 excorticari
3243 640 3472 724 potest
3534 650 3713 696 unus
3745 648 3868 693 eo-

2314 783 2489 843 rum,
2515 760 2608 825 ita
2636 753 2819 846 quod
2850 750 2966 817 alii
3004 767 3144 814 non
3176 741 3459 809 infertur
3497 754 3871 805 nocumen-

2313 874 2461 931 tum
2496 886 2510 929 :
2547 872 2613 930 et
2649 883 2803 951 pars
2826 859 2973 948 ejus
2997 860 3097 922 est
3136 870 3273 917 una
3310 866 3465 935 quac
3498 841 3873 931 opponitur

2316 971 2632 1037 foramini
2661 990 2882 1043 uveae,
2918 971 2986 1030 et
3014 960 3129 1029 illa
3149 964 3253 1026 est
3273 951 3510 1022 durior
3541 956 3608 1015 et
3635 947 3879 1013 sortior

2319 1100 2398 1145 eo
2427 1076 2609 1167 quod
2637 1073 2825 1141 locus
2852 1070 2968 1137 ille
3016 1066 3236 1156 magis
3294 1060 3552 1150 indiget
3597 1054 3877 1122 fortitu-

2320 1186 2475 1253 dine
2515 1191 2581 1250 et
2633 1177 2865 1247 tutela.
2918 1174 3144 1241 Tertia
3185 1192 3350 1238 vero
3399 1175 3501 1235 est
3558 1181 3878 1250 compre-

2322 1293 2622 1363 hendens
2650 1289 3004 1361 lacertum,
3037 1303 3157 1371 per
3188 1298 3392 1368 quem
3440 1270 3705 1364 pupilla
3733 1289 3882 1335 mo-

2325 1409 2518 1469 vetur
2559 1421 2574 1465 :
2609 1404 2674 1464 et
2703 1394 2851 1461 haec
2889 1397 2993 1459 est
3031 1393 3174 1455 tota
3219 1382 3424 1474 plena
3472 1399 3674 1445 carne
3725 1371 3884 1439 alba

2324 1506 2587 1598 pingui,
2618 1512 2695 1570 ut
2729 1524 2814 1570 ex
2854 1498 2971 1566 illa
3005 1494 3288 1561 liniatur
3323 1484 3564 1556 oculus
3607 1489 3674 1550 et
3729 1477 3885 1570 pal-

2326 1614 2556 1705 pebra,
2592 1619 2659 1679 et
2710 1604 3069 1698 prohibeat
3124 1622 3208 1668 ne
3277 1597 3756 1664 exsiccentur:
3819 1594 3889 1654 et

2331 1726 2395 1786 et
2424 1716 2571 1784 haec
2598 1720 2741 1781 tota
2760 1708 2992 1777 tunica
3049 1709 3333 1772 vocatur
3379 1694 3826 1785 conjunctiva
3861 1712 3878 1756 :

2332 1824 2414 1892 de
2480 1821 2612 1892 hoc
2698 1818 2953 1885 lacerto
2985 1811 3291 1880 dicemus
3321 1804 3499 1873 infra
3528 1804 3599 1869 in
3631 1806 3881 1874 anato-

2332 1935 2470 2001 mia
2499 1948 2865 1998 nervorum
2923 1930 2991 1990 et
3038 1919 3478 1988 lacertorum.

2420 2032 2966 2126 Rccapitulantes
3067 2032 3297 2093 autem
3354 2028 3421 2088 et
3481 2012 3889 2086 summatim

2334 2145 2863 2240 perstringentes
2891 2159 3044 2230 qum
3075 2133 3253 2202 dicta
3281 2133 3471 2205 sunt,
3505 2121 3688 2192 oculi
3738 2124 3899 2189 sunt

2337 2253 2582 2322 tunicae
2611 2254 2898 2340 septem,
2930 2250 3000 2312 et
3035 2249 3173 2309 tres
3217 2234 3570 2303 humores,

2423 2358 2832 2428 Tunicarum
2872 2348 3148 2442 quidem
3174 2343 3398 2436 prima
3446 2336 3696 2407 dicitur
3723 2332 3894 2401 reti-

2338 2495 2455 2548 na,
2499 2490 2650 2558 qua·
2681 2471 2783 2532 est
2812 2463 2880 2530 in
2919 2454 3276 2551 posteriori
3315 2457 3506 2540 parte
3535 2443 3741 2522 oculi,
3776 2464 3898 2510 or-

2340 2588 2410 2648 ta
2436 2601 2477 2644 a
2505 2597 2712 2645 nervo
2737 2570 2963 2662 optico
2993 2563 3108 2657 qui
3138 2558 3577 2650 componitur
3613 2575 3699 2621 ex
3737 2573 3900 2618 ner-

2344 2687 2448 2755 vis
2487 2695 2552 2754 et
2577 2680 2862 2751 arteriis.

2434 2796 2667 2863 Altera
2693 2791 2898 2859 etiam
2928 2807 3015 2852 ex
3052 2788 3242 2874 parte
3281 2766 3672 2867 posteriori,
3729 2767 3905 2835 dici-

2355 3122 2732 3195 cerebrum.

2442 3230 2669 3299 Tertia
2721 3229 2950 3295 autem
3005 3214 3342 3310 posterius
3392 3205 3720 3278 claudens
3775 3199 3914 3270 lm-

2361 3359 2585 3409 mores
2621 3330 2827 3407 oculi,
2860 3326 3108 3395 dicitur
3147 3319 3416 3395 seliros,
3471 3334 3626 3404 qum
3694 3307 3915 3377 oritur

2363 3473 2404 3516 a
2439 3446 2610 3515 dura
2645 3446 2860 3510 matre
2923 3428 3235 3503 cerebri:
3290 3423 3417 3493 hes
3491 3418 3677 3489 enim
3742 3414 3917 3484 duas

2364 3551 2826 3648 pelle-‘secum
2854 3539 2945 3611 ad
2978 3532 3434 3608 substantiam
3479 3522 3664 3597 oculi
3707 3518 3919 3591 trahit

2366 3683 2616 3733 nervus
2641 3653 2909 3748 opticus
2935 3648 3012 3717 in
3054 3640 3562 3736 operimentum
3599 3630 3734 3700 sui.

2454 3767 2714 3848 Quarta
2764 3764 2996 3828 antem
3055 3756 3346 3823 vocatur
3404 3765 3449 3812 a
3503 3733 3921 3832 quibusdam

2370 3893 2625 3943 aranea
2651 3858 3056 3957 specialiter,
3096 3860 3165 3924 et
3191 3856 3293 3922 cst
3346 3852 3508 3915 ante
3546 3843 3619 3910 in
3686 3834 3915 3915 oculo,

720 5109 885 5188 lam,
916 5112 984 5177 et
1012 5101 1107 5173 ibi
1135 5100 1212 5169 fit
1237 5090 1474 5189 pervia
1498 5108 1587 5156 ne
1623 5075 1985 5176 prohibeat
2003 5071 2266 5140 visum:
2377 5055 2393 5071 ’
2487 5055 2501 5070 ‘

723 5222 794 5286 et
819 5211 973 5286 ideo
1001 5205 1209 5279 habet
1233 5198 1536 5272 colorem
1571 5207 1790 5259 cornu
1843 5175 2171 5250 subtiliati
2205 5177 2273 5240 et

724 5316 955 5391 lineati
996 5323 1065 5385 et
1096 5311 1273 5381 bene
1310 5304 1445 5374 rasi
1475 5306 1543 5369 et
1581 5286 1944 5389 praeparati
1985 5281 2069 5352 ad
2116 5300 2273 5374 per·

723 5429 1074 5503 vietatem,
1105 5428 1176 5491 et
1200 5416 1355 5487 ideo
1418 5411 1706 5478 vocatur
1753 5415 2026 5474 cornea,
2099 5386 2274 5455 sicut

727 5535 1051 5606 diximus.
1086 5526 1348 5597 Clarior
1375 5524 1609 5588 autem
1636 5505 1935 5603 partium
1997 5498 2144 5589 ejus
2172 5497 2274 5561 cst

728 5639 1050 5722 anterior,
1089 5641 1159 5704 et
1184 5636 1289 5700 cst
1315 5619 1693 5696 secundum
1712 5612 2073 5684 veritatem
2090 5621 2276 5671 com·

727 5747 950 5844 posita
976 5766 1062 5813 ex
1087 5734 1335 5810 tunicis
1362 5735 1658 5823 quatuor
1683 5713 2071 5789 subtilibus,
2119 5725 2271 5799 quae

2379 5170 2482 5232 est
2508 5154 3040 5251 purgamentum
3075 5132 3408 5233 glacialis.

2470 5263 2841 5335 Oculorum
2869 5258 3100 5324 autem
3137 5241 3428 5319 colores,
3486 5242 3566 5304 ut
3609 5230 3939 5322 frequen-

2380 5380 2653 5445 tertam
2681 5367 2751 5437 in
2779 5352 3176 5432 hominibus
3210 5368 3423 5443 quam
3461 5343 3534 5410 in
3590 5337 3744 5408 aliis
3779 5333 3939 5405 ani-

2383 5477 2698 5552 malibus,
2721 5478 2787 5538 et
2825 5467 2897 5536 in
2916 5456 3178 5557 pupilla
3213 5450 3392 5525 oculi
3422 5453 3584 5519 sunt
3612 5447 3933 5536 quatuor.

2381 5585 2649 5679 Aliquis
2683 5578 2868 5649 enim
2897 5576 3002 5642 est
3036 5566 3254 5658 niger,
3306 5554 3559 5649 aliquis
3621 5544 3943 5620 subalbe-

2382 5715 2601 5771 scens,
2652 5682 2899 5778 aliquis
2921 5683 3160 5749 eutem
3213 5665 3476 5744 varius,
3545 5667 3616 5732 et
3687 5654 3943 5748 aliquis
