4919 6371
2052 419 2218 486 LlB.
2272 417 2303 483 1
2348 415 2468 483 DE
2514 413 3102 495 ANIMALIBUS,
3155 418 3466 487 TRACT.
3521 419 3582 486 11

1210 602 1434 690 ipsum
1487 599 1809 666 existens.
1857 593 2121 682 Inguen
2172 596 2398 657 autem
2427 612 2550 679 per
2577 588 2759 658 hunc

1210 705 1496 776 modum
1521 715 1624 776 est
1660 701 2180 775 communicans
2218 720 2401 768 coxae
2443 723 2594 791 quae
2658 708 2758 767 est

1210 836 1250 880 a
1285 813 1522 894 latere,
1564 821 1633 880 et
1669 807 1913 891 cahab,
1966 804 2097 874 hoc
2146 813 2244 874 est
2306 807 2579 874 renibus
2629 827 2757 895 po-

1207 923 1481 999 sterius,
1524 929 1591 988 et
1631 915 1915 985 inferius
1962 911 2166 982 habet
2201 913 2425 982 locum
2467 913 2580 1003 qui
2620 913 2756 978 mi-

1202 1030 1365 1097 raclz
1395 1027 1685 1097 Arabice
1717 1023 1990 1103 dicitur,
2035 1026 2151 1114 qui
2192 1029 2473 1091 vocatur
2519 1020 2752 1087 Latine

1200 1139 1483 1227 sicceris,
1516 1135 1714 1224 cujus
1754 1134 2178 1201 anatomiam
2215 1137 2370 1222 post
2408 1127 2752 1196 modicum

1200 1265 1563 1335 ponemus.
1634 1240 1826 1310 Intus
1886 1248 2118 1308 autem
2162 1237 2333 1304 infra
2392 1236 2644 1326 inguen
2685 1244 2752 1303 et

1202 1373 1411 1442 super
1434 1345 1725 1427 mirach,
1770 1355 1874 1417 est
1912 1345 2109 1438 pellis
2139 1343 2432 1411 retinens
2498 1342 2753 1410 intesti-

1199 1480 1309 1535 na,
1353 1478 1505 1548 quae
1550 1463 1840 1526 vocatur
1884 1453 2143 1545 sypkac
2172 1473 2210 1518 a
2238 1450 2541 1519 medicis.
2586 1449 2746 1517 Haec

1201 1565 1410 1655 igitur
1438 1564 1751 1633 membra
1778 1583 1930 1654 quae
1957 1559 2275 1637 diximuS,
2299 1565 2458 1625 sunt
2482 1564 2739 1648 pectus„

1195 1678 1262 1740 et
1308 1693 1390 1740 ea
1437 1694 1590 1762 quae
1638 1675 2021 1761 sequuntur
2067 1667 2315 1756 ipsum,
2348 1672 2415 1733 et
2466 1663 2742 1753 conjun-

1199 1789 1455 1873 guntur
1485 1782 1549 1849 ei
1578 1778 1880 1872 anterius
1913 1777 1982 1844 in
2019 1774 2321 1843 homine.
2354 1771 2462 1840 Ad
2491 1770 2747 1840 intelle-

1198 1896 1384 1957 ctum
1456 1895 1689 1956 autem
1747 1909 1989 1956 eorum
2026 1906 2175 1977 quae
2214 1904 2393 1950 nunc
2419 1881 2741 1960 diximuS,

1195 2003 1470 2088 oportet
1499 2018 1627 2064 nos
1657 1993 2115 2064 determinare
2143 1988 2560 2059 anatomiam
2579 1986 2746 2091 sub-⁴

1194 2102 1386 2172 tilem
1450 2099 1713 2194 syphac
1759 2109 1828 2170 et
1892 2100 2165 2181 (icteris,
2216 2105 2282 2167 et
2327 2119 2564 2166 eorum
2594 2119 2745 2188 quae

1195 2209 1630 2279 circumdant
1656 2208 1809 2277 loca
1838 2206 2109 2277 ficteris.

1281 2316 1612 2387 Dicamus
1643 2317 1881 2409 igitur,
1917 2313 2102 2409 quod
2128 2322 2282 2407 post
2309 2300 2534 2382 cutem
2561 2320 2743 2382 exte-

1190 2428 1443 2496 riorem
1491 2425 1574 2495 de
1608 2449 1744 2517 qua
1787 2447 1972 2495 nunc
2024 2422 2193 2492 nihil
2230 2421 2549 2501 diximuS,
2583 2429 2740 2489 ante

1194 2535 1517 2604 intestina
1537 2532 1807 2630 suntad
1831 2533 2060 2601 minus
2087 2538 2222 2600 tres
2258 2539 2375 2599 aut
2403 2528 2538 2599 duo
2566 2552 2738 2621 pan-

1190 2642 1424 2721 niculi,
1467 2650 1535 2712 et
1587 2641 1657 2712 id
1699 2641 1891 2735 quod
1917 2649 2201 2711 vocatur
2220 2637 2499 2730 ¹qirbum
2573 2639 2742 2708 inte-

1188 2732 1555 2829 stino‘rum,
1592 2758 1658 2820 et
1696 2748 2067 2819 stomachi:
2102 2747 2441 2817 ethorum
2472 2752 2742 2838 oportet

1188 2880 1317 2927 nos
1380 2857 1552 2948 scire
1601 2855 2083 2935 substantiam,
2144 2863 2210 2924 et
2261 2853 2622 2945 originem,
2671 2860 2738 2923 et

1187 2963 1579 3033 utilitatem.
1640 2963 1918 3032 Primus
1968 2970 2202 3059 autem·
2252 2959 2526 3030 illorum
2562 2983 2737 3053 pan-

1172 3071 1569 3141 niculorum
1600 3078 1704 3140 est
1732 3069 1847 3139 ille
1876 3072 1994 3163 qui
2024 3079 2124 3140 est
2174 3067 2564 3138 immediate
2581 3076 2748 3161 post,

1173 3189 1402 3251 cutem
1431 3178 1880 3260 exteriorem,
1904 3185 1992 3248 ·et
2019 3177 2172 3250 ideo
2201 3179 2406 3249 etiam
2456 3184 2740 3247 vocatur

1177 3289 1559 3384 vulgariter
1596 3293 1782 3360 cutis
1812 3290 2100 3359 interior
2131 3312 2147 3359 :
2181 3312 2222 3358 a
2273 3287 2585 3382 Physicis
2611 3311 2740 3356 au-

1177 3406 1322 3468 tem
1389 3406 1682 3468 vocatur
1741 3398 2007 3494 syphac
2042 3420 2057 3467 :
2113 3406 2179 3468 et
2240 3398 2381 3490 ipse
2446 3403 2549 3465 est
2619 3396 2735 3488 qui

1178 3506 1707 3602 comprehendit
1762 3507 2088 3579 intestina
2140 3504 2373 3577 omnia
2409 3506 2732 3586 anterius,

1183 3624 1252 3688 et
1286 3639 1448 3688 cum
1477 3615 1611 3689 hoc
1674 3612 2192 3709 comprehendit
2237 3614 2522 3687 lacertos
2565 3638 2740 3684 vcn-

1195 3724 1341 3795 tris.
1396 3723 1521 3794 Est
1581 3734 1811 3795 autem
1858 3723 2116 3818 spissus
2152 3731 2220 3794 et
2255 3746 2583 3794 nervosus
2611 3722 2738 3793 iste

1190 3832 1626 3926 panniculus,
1668 3833 1788 3905 sed
1815 3832 2018 3903 villos
2055 3856 2194 3904 non
2257 3831 2459 3902 babet
2514 3855 2734 3925 neque

1189 3941 1482 4022 tunicas,
1523 3941 1644 4013 sed
1670 3949 1777 4014 est
1801 3939 2117 4034 simplex.

1283 4048 1643 4123 Secundus
1705 4059 1938 4121 autem
2012 4058 2112 4122 est
2161 4050 2443 4121 interior
2482 4049 2627 4131 illo.
2666 4058 2736 4121 et

1193 4170 1475 4230 vocatur
1519 4162 1644 4230 istc
1694 4163 1924 4230 (iraecc
1983 4160 2396 4253 pet-illectam,
2444 4159 2572 4228 hoc
2604 4168 2728 4238 est,

1187 4269 1445 4339 circum
1474 4269 1820 4339 rotundus
1861 4291 1881 4340 :
1914 4269 2076 4362 quia
2101 4269 2314 4338 them
2351 4267 2458 4338 vel
2497 4269 2732 4338 theron

1187 4384 1292 4446 cst
1362 4375 1766 4446 rotundum.
1848 4375 2049 4447 Ratio
2119 4383 2352 4446 autem
2434 4376 2732 4446 nominis

1186 4482 1381 4550 istius
1411 4489 1515 4552 est
1540 4504 1558 4551 :
1592 4480 1757 4576 quia
1792 4479 2071 4575 quando
2098 4477 2458 4573 singularis
2477 4487 2578 4550 est
2604 4502 2733 4551 ex-

1187 4601 1443 4663 tractus
1495 4589 1584 4662 ab
1640 4589 1824 4677 aliis,
1872 4600 1984 4663 est
2015 4591 2191 4662 sicut
2225 4588 2492 4682 sphaera
2525 4613 2730 4683 supra

1160 4722 1393 4794 ‚quam
1430 4708 1595 4771 sunt
1622 4699 1937 4793 quodam
1975 4697 2431 4771 additamenta
2468 4697 2725 4783 mollia,

1182 4816 1250 4879 ct
1274 4808 1617 4880 foramina
1673 4807 1991 4902 quaedam
2019 4817 2177 4878 sunt
2200 4809 2273 4878 in
2308 4809 2484 4901 ipso,
2514 4817 2583 4879 et
2616 4805 2729 4880 hic

1180 4915 1575 4987 extenditur
1609 4918 1929 5008 superius
1958 4916 2044 4987 ad
2079 4914 2549 5010 diaphragma,
2570 4939 2650 4988 ac
2668 4918 2725 4987 si

1156 5024 1272 5099 sit
1298 5031 1664 5094 contextus
1718 5046 1807 5094 ex
1857 5021 2134 5093 funibus
2194 5022 2728 5117 diaphragmatis

1156 5129 1453 5221 ,reflexis
1479 5137 1551 5200 et
1586 5129 2127 5225 dependentibus
2152 5130 2432 5201 inferius
2458 5152 2544 5200 ex
2571 5128 2724 5203 loco

1182 5238 1254 5305 in
1312 5259 1453 5329 quo
1510 5238 1955 5309 continuatur
2013 5259 2171 5309 cum
2234 5236 2611 5332 epiglottali
2654 5248 2726 5311 et

1179 5341 1387 5414 dorso
1460 5351 1532 5416 et
1593 5341 1927 5416 lateribus
1971 5344 2044 5414 in
2094 5346 2374 5416 circuitu
2411 5370 2500 5416 ex
2533 5355 2721 5439 parte

1177 5452 1500 5523 anteriori
1540 5461 1609 5522 et
1632 5451 1893 5523 laterali
1925 5461 1994 5523 et
2019 5456 2374 5545 posteriori
2409 5457 2664 5526 ventris
2699 5479 2716 5527 :

1179 5558 1387 5631 ethic
1412 5569 1523 5651 cst}
1540 5560 1811 5632 subtilis
1832 5569 2148 5632 extensus
2182 5561 2310 5632 sub
2348 5571 2500 5634 cute
2528 5572 2724 5634 exte-

1177 5667 1339 5755 riori
1375 5670 1774 5759 ventris,‚et
1798 5693 1927 5740 suo
1954 5670 2344 5763 panniculo,
2375 5680 2444 5742 et
2481 5672 2718 5743 adhae-

1146 5776 1329 5849 „rent
1352 5777 1418 5849 ei
1444 5776 1585 5849 duo
1610 5799 1699 5869 ex
1725 5774 1995 5850 lacertis
2026 5780 2309 5864 ventris,
2348 5780 2588 5853 dexter
2618 5783 2718 5853 vi-

4303 425 4414 490 12¹

2867 588 3113 658 delicet
3152 599 3221 658 et
3268 591 3568 671 sinister,
3613 591 3769 658 forti
3817 588 4235 659 adhaerentia
4289 593 4431 660 val-

2866 696 2990 764 de:
3024 705 3182 786 post
3213 720 3506 787 quorum
3549 695 4037 794 adh-:arentiam
4077 702 4430 768 continua·

2861 811 2976 869 tur
3005 801 3537 894 diaphragmati,
3573 805 3747 871 siout
3797 803 4122 893 diximuS‚
4186 830 4428 877 ascen-

2863 910 3112 991 dend0,
3141 919 3210 980 et
3246 914 3560 1004 partibus
3600 914 4138 1006 diaphragmatis
4177 940 4427 987 carno-

2860 1017 2975 1096 sis,
3046 1012 3565 1088 continuatione
3632 1044 3783 1111 quae
3841 1029 3943 1090 est
3986 1022 4206 1091 unitio
4263 1047 4421 1092 cum

2860 1122 3408 1192 extremitatibus
3467 1125 3640 1214 ejuS,
3695 1128 3872 1193 sicut
3926 1126 4014 1193 sit
4049 1127 4423 1217 productus

2860 1252 2943 1297 ex
2973 1231 3150 1322 ipso,
3193 1232 3369 1300 sicut
3400 1230 3741 1301 diximus:
3777 1233 3898 1301 sed
3937 1233 4309 1326 aliquando
4350 1239 4418 1305 in

2856 1340 2969 1407 via
3043 1362 3179 1431 qua
3236 1341 3542 1409 ascendit
3600 1339 3903 1411 adhaeret
3936 1344 4322 1430 stomach0,
4355 1355 4423 1415 et

2856 1450 2950 1517 ihi
2991 1472 3315 1540 magnam
3349 1449 3558 1519 habet
3589 1451 4166 1522 confortationem
4206 1462 4274 1522 et
4301 1478 4415 1523 so-

2855 1556 3193 1626 liditatem
3232 1556 3633 1626 substantiae
3666 1581 3831 1639 suae,
3866 1567 3934 1627 et
3961 1557 4284 1629 dilatatur
4321 1562 4416 1630 ibi

2853 1687 3059 1757 super
3086 1664 3520 1734 stomachum
3559 1667 3800 1735 valde:
3837 1667 3957 1736 sed
3987 1691 4145 1736 cum
4184 1679 4418 1739 exten-

2852 1774 3034 1843 ditur
3070 1776 3253 1843 ultra
3281 1774 3495 1868 hepar
3541 1784 3609 1845 et
3654 1775 3957 1846 adhaeret
3996 1778 4084 1861 ei,
4129 1778 4419 1849 efficitur

2850 1884 2921 1951 in
2940 1882 3091 1953 loco
3116 1882 3607 1976 directe'super
3633 1884 3849 1977 hepar
3877 1886 4214 1956 existente
4244 1886 4415 1956 sub-

2847 1991 2984 2060 tilis
3046 1990 3273 2061 valde.
3329 1991 3470 2062 Sed
3524 2016 3686 2063 cum
3749 1993 4063 2076 elevatur
4124 1995 4210 2065 ab
4242 1996 4418 2067 infe-

2848 2101 3025 2168 riore
3077 2098 3164 2168 ad
3218 2099 3680 2181 stomachum,
3747 2110 3814 2170 et
3890 2103 3961 2170 in
4030 2105 4407 2174 reflexione

2847 2228 2982 2297 qua
3010 2205 3365 2275 descendit
3400 2230 3441 2275 a
3498 2207 3855 2278 stomacho
3901 2209 3989 2278 ad
4062 2211 4406 2292 intestina,

2845 2315 3138 2408 acquirit
3156 2313 3553 2386 firmitatem
3573 2340 3898 2410 magnam
3922 2342 4006 2388 ex
4029 2318 4186 2402 hoc,
4222 2322 4409 2415 quod

2844 2432 3287 2515 apponuntur
3304 2425 3367 2494 ei
3401 2424 3494 2494 ibi
3522 2448 3717 2494 venae
3750 2434 3820 2495 et
3846 2427 4111 2497 arteriae
4141 2451 4409 2521 magna:

2842 2554 3190 2624 suspensae
3228 2556 3385 2601 cum
3426 2555 3534 2613 eo,
3570 2542 3637 2603 et
3667 2541 3830 2603 tunc
3855 2535 4208 2604 descendit
4238 2536 4408 2604 sub-

2841 2646 2951 2708 tus
2979 2639 3325 2721 intestina,
3378 2648 3444 2710 et
3509 2640 3797 2710 includit
3851 2642 4124 2711 tertiam
4152 2643 4403 2735 pellem

2843 2767 2994 2840 quae
3068 2752 3353 2814 vocatur
3394 2745 3701 2838 qirbum.
3756 2746 4056 2815 Multum
4095 2750 4281 2816 enim
4314 2749 4397 2819 de

2841 2852 3205 2924 subtilibus
3243 2854 3440 2923 venis
3464 2853 3761 2924 dilatatis
3790 2863 3858 2925 et
3892 2854 4162 2926 lacertis
4193 2858 4402 2927 currit

2839 2985 3045 3056 super
3083 2985 3295 3031 unam
3316 2963 3619 3033 tunicam
3661 2963 3857 3032 istius
3896 2964 4244 3056 panniculi
4289 2966 4407 3057 qui

2831 3072 3230 3164 peritheron
3257 3080 3569 3155 vocatur,
3588 3072 3684 3141 ita
3706 3071 3893 3164 quod
3922 3072 4134 3165 aliqui
4177 3073 4410 3145 existi·

2841 3188 3054 3260 mant,
3108 3178 3296 3272 quod
3322 3179 3602 3273 girbum
3630 3182 3719 3250 sit
3757 3204 3916 3273 pars
3946 3180 4094 3271 ejus
4121 3191 4408 3276 propter

2840 3290 3362 3361 similitudinem
3418 3299 3489 3361 ct
3539 3291 4137 3362 continuationem
4196 3315 4405 3384 quam

2841 3397 3049 3468 babet
3075 3420 3236 3468 cum
3298 3396 3524 3491 girbo.
3588 3396 4132 3468 similitudinem
4163 3407 4396 3469 autem

2839 3502 3018 3587 hanc
3053 3512 3123 3577 et
3157 3506 3750 3603 continuationem
3799 3503 4008 3576 habet
4060 3507 4404 3600 praecipue

2840 3616 2912 3684 in
2977 3613 3430 3685 nervositate.
3494 3611 3671 3684 Cum
3723 3621 3955 3684 autem
4001 3613 4397 3708 peritheron

2839 3720 3275 3815 singulariter
3326 3721 3802 3793 consideratur
3901 3727 4258 3815 separatus
4358 3746 4401 3794 a

2838 3829 3060 3924 girbo.
3105 3836 3209 3901 est
3234 3828 3434 3899 valde
3462 3827 3732 3899 subtilis
3760 3838 4077 3911 texturae,
4118 3838 4186 3901 et
4237 3838 4400 3900 tunc

2836 3969 2998 4017 vere
3025 3953 3130 4018 est
3173 3955 3245 4017 et
3267 3954 3557 4018 vocatur
3574 3948 3997 4039 peritheron,
4058 3955 4125 4016 et
4182 3946 4400 4017 subti-

2834 4053 2971 4125 lior
2993 4076 3157 4148 pars
3177 4054 3351 4145 ejus,
3382 4062 3455 4124 et
3488 4053 3834 4147 posterior
3869 4061 3973 4124 est
4025 4054 4218 4145 justa
4262 4055 4404 4147 epi-

2837 4160 3195 4252 glottalcm
3251 4159 3378 4229 sub
3437 4168 3738 4253 pectore.
3790 4160 3905 4229 ubi
3952 4164 4396 4229 continuatur

2833 4291 2993 4340 cum
3047 4268 3593 4361 diaphragmate,
3623 4277 3694 4339 et
3732 4269 3806 4338 in
3833 4267 3991 4338 loco
4019 4268 4136 4338 ubi
4166 4269 4385 4338 oritur

2834 4402 2920 4450 ex
2945 4376 3465 4472 diaphragmate
3495 4379 3567 4448 in
3594 4379 3971 4448 intrinseco
4013 4385 4393 4450 costarum.

2830 4494 2914 4565 In
2966 4494 3175 4566 domo
3219 4502 3456 4566 autem
3480 4516 3641 4564 cum
3670 4502 3978 4565 extremo
4017 4492 4395 4586 diaphrag-

2829 4603 3060 4681 matis,
3090 4608 3198 4673 est
3221 4600 3401 4673 sicut
3431 4622 3586 4673 ,una
3609 4622 3722 4672 res
3758 4601 4163 4671 continuata
4225 4599 4385 4670 sibi.

2813 4706 3090 4781 ,Lacon-ti
3137 4715 3386 4787 sutem,
3409 4728 3666 4780 omnes
3689 4774 3692 4781 ,
3712 4714 3877 4779 sunt
3901 4707 4245 4801 posterius
4266 4711 4414 4777 su·'

2828 4840 2950 4910 per
2976 4839 3255 4889 carnem
3317 4815 3830 4909 glandulosam,
3861 4840 4018 4910 que
4053 4825 4158 4888 est
4195 4816 4392 4909 quasi

2825 4924 2917 4996 sit
2971 4926 3073 4997 eis
3118 4924 3487 5004 substmta,
3509 4934 3617 4997 :et
3664 4934 3768 4996 est
3822 4925 4168 4995 substrata
4194 4926 4391 4994 venis

2825 5032 3097 5124 magnis
3149 5054 3304 5124 que
3366 5033 3764 5103 mesaraicae
3838 5030 4186 5112 dicuntur,
4262 5053 4386 5122 per

2826 5162 2999 5233 quas
3068 5138 3158 5212 ab
3224 5141 3569 5212 intestinis
3631 5140 4012 5211 succositas
4044 5139 4135 5210 ad
4169 5136 4387 5232 hepar

2826 5244 3126 5332 vehitur,
3158 5269 3315 5340 quae
3355 5248 3682 5319 continue
3734 5246 4082 5318 ducuntur
4108 5244 4195 5316 ab
4257 5244 4388 5316 he-

2825 5363 2983 5450 pate
3037 5353 3125 5426 ad
3194 5352 3628 5427 stomachum
3703 5362 3774 5424 et
3809 5355 4159 5425 intestina.
4202 5352 4383 5425 Sunt

2822 5470 3054 5533 autem
3118 5463 3241 5555 qui
3290 5463 3668 5556 opinantur
3733 5462 3908 5532 istos
3974 5461 4383 5554 panniculos

2821 5591 2964 5638 non
3016 5567 3270 5639 habere
3296 5568 3501 5659 villos
3553 5569 3761 5639 trium
3789 5572 4126 5640 virtutum
4156 5577 4378 5639 attra-

2823 5675 3161 5759 hentium,
3193 5677 3311 5771 qui
3342 5676 3595 5746 suntin
3624 5676 3968 5747 intestinis
4006 5684 4075 5746 et
4110 5682 4379 5746 stoma·

2819 5780 2980 5869 cho'.
3003 5782 3185 5855 sicut
3212 5781 3658 5855 ostendemus
3694 5784 4060 5876 posterius.
4093 5780 4236 5851 Ista
4249 5803 4382 5852 au-
