4919 6371
1983 444 2154 513 LlB.
2208 445 2235 511 1
2286 445 2407 513 DE
2452 446 3045 531 ANlMALlssUS,
3095 447 3404 518 TRACT.
3456 447 3550 513 111

1122 622 1351 710 spissae
1381 616 1601 705 pellis,
1647 624 1711 682 et
1743 615 1825 680 al)
1870 615 2001 682 illis
2033 640 2173 684 non
2206 621 2299 686 ita
2330 617 2682 687 resolvun-

1119 736 1227 793 tur
1265 722 1761 812 superfluitates
1801 724 1976 790 sicut
2002 725 2085 791 ab
2120 725 2252 792 illis
2274 726 2390 815 qui
2420 722 2680 790 habent

1795 835 1958 923 quia
2004 832 2217 923 frigus
2282 830 2677 919 inspissavit

1114 937 1388 1028 pellem,
1425 946 1492 1005 et
1519 936 1651 1007 hoc
1687 938 2093 1028 multiplicat
2139 937 2668 1026 superfluitateS,

1116 1054 1180 1112 et
1211 1043 1406 1133 pellis
1445 1047 1660 1136 spissa
1712 1045 2012 1112 continet
2045 1065 2180 1124 eaS,
2226 1044 2318 1109 ita
2347 1042 2533 1133 quod
2564 1043 2673 1109 ni-

1113 1151 1209 1219 hil
1268 1154 1634 1236 resolvitur
1689 1152 1771 1219 de
1850 1153 1945 1217 eis
2013 1173 2131 1239 per
2177 1151 2423 1240 ipsam.
2461 1149 2668 1217 Pellis

1107 1272 1336 1332 autem
1384 1262 1685 1331 homiuis
1734 1258 1989 1350 ubique
2047 1260 2352 1349 ejusdem
2418 1261 2666 1327 coloris

1105 1392 1250 1437 esse
1324 1369 1618 1444 videtur,
1664 1366 1793 1432 nisi
1852 1366 1922 1432 in
1981 1388 2111 1433 ano
2165 1373 2444 1456 propter
2490 1366 2666 1433 adu-

1116 832 1364 923 pellem
1414 838 1690 897 tenuem
1733 854 1747 900 ε

1103 1478 1400 1544 stionem
1433 1497 1582 1565 quae
1613 1479 1713 1540 est
1742 1472 1902 1540 illic.
1944 1472 2274 1541 Similiter
2302 1480 2532 1540 autem
2589 1473 2660 1537 in

1026 1637 1029 1640 .
1099 1581 1469 1650 omni-loco
1510 1582 1578 1647 in
1623 1604 1759 1671 quo
1809 1579 2198 1648 membrum
2248 1578 2661 1645 confricatur

1099 1692 1182 1759 ad
1246 1679 1634 1758 membrum
1698 1690 1884 1757 aliud
1929 1696 2236 1777 tempore
2265 1696 2496 1771 aestuS,
2540 1687 2655 1754 diu

1097 1798 1405 1866 aduritur
1465 1799 1663 1890 pellis
1729 1806 1795 1863 et
1833 1798 2253 1864 convertitur
2309 1795 2395 1863 ad
2453 1796 2656 1863 rubo-

1097 1933 1265 1988 rem,
1300 1916 1367 1976 ct
1403 1910 1475 1976 in
1514 1892 1680 1974 locis
1721 1906 1907 1973 duris
1946 1906 2303 1974 induratur
2349 1905 2548 1997 pellis
2588 1915 2655 1975 et

1094 2017 1522 2107 inspissatur,
1556 2015 1732 2082 sicut
1761 2015 1830 2081 in
1860 2014 2092 2104 planta
2130 2015 2346 2106 pedis,
2382 2023 2448 2082 et
2494 2015 2652 2082 vola
2689 2038 2693 2042 ⁴

1092 2145 1365 2202 manuS,
1400 2131 1468 2191 et
1495 2146 1701 2213 super
1729 2145 2052 2190 craneum
2092 2123 2356 2213 capitiS.

1172 2230 1715 2321 physiognomia
1777 2239 2011 2298 autem
2053 2229 2258 2318 hujus
2298 2253 2438 2298 non
2477 2231 2652 2298 assi-

1079 2346 1326 2427 gnatur
1390 2337 1521 2403 nisi
1579 2361 1618 2404 a
1667 2336 2073 2404 Philemone.
2120 2338 2474 2427 sapiente,
2534 2336 2648 2427 qui

1083 2445 1268 2523 dicit,
1330 2446 1516 2537 quod
1573 2445 1765 2512 color
1817 2447 2013 2535 niger
2066 2445 2240 2514 lenis
2295 2453 2648 2513 versutum

1084 2554 1333 2622 indicat
1368 2562 1433 2622 et
1472 2553 1910 2636 imbecillem,
1957 2562 2023 2622 ct
2072 2555 2361 2622 refertur
2388 2554 2475 2622 ad
2522 2553 2652 2622 ha-

1079 2662 1408 2730 bitatores
1440 2664 1556 2753 qui
1589 2660 1905 2730 habitant
1945 2671 2239 2753 quatuor
2266 2666 2494 2754 prima
2523 2662 2652 2731 cli-

1056 2780 1292 2841 .mata.
1329 2770 1783 2838 Colorautem
1815 2771 2010 2838 albus
2041 2772 2313 2850 rubeus,
2349 2773 2556 2841 fortes
2588 2779 2650 2839 et

1095 2880 1443 2948 animosos
1500 2880 1796 2947 ostendit
1837 2903 1851 2946 ε
1889 2888 1953 2946 et
2012 2878 2119 2948 hic
2174 2891 2273 2948 est
2330 2879 2653 2948 habitan-

1093 2989 1262 3054 tium
1295 2989 1366 3055 in
1397 2988 1762 3056 Germania
1785 2988 2146 3079 praecipue,
2191 2999 2259 3058 et
2306 2988 2652 3056 habitato-

1091 3119 1241 3163 rum
1273 3098 1446 3165 sexti
1475 3104 1540 3164 et
1571 3097 1840 3187 septimi
1882 3096 2258 3165 climatum.
2304 3097 2508 3165 Color
2537 3121 2654 3165 au·

1088 3213 1223 3273 tem
1265 3205 1710 3274 vehementer
1736 3205 1934 3273 albus
1964 3213 2029 3273 et
2058 3230 2214 3275 cum
2244 3205 2653 3298 pallore,de-

1087 3314 1337 3380 fertum
1377 3315 1712 3405 signiticat
1744 3314 2016 3381 virtutis
2054 3337 2139 3382 ex
2177 3316 2391 3383 nimia
2428 3316 2652 3385 victo-

1089 3422 1185 3489 ria
1230 3420 1663 3513 phlegmatis.
1700 3422 1905 3489 Color
1943 3433 2173 3490 autem
2230 3422 2651 3492 rubicundus

1090 3552 1228 3598 non
1285 3529 1486 3598 clara·
1555 3529 1906 3599 rubedinis
1962 3530 2079 3599 sed
2144 3532 2403 3622 spissae,
2457 3533 2648 3602 omni

1088 3645 1395 3728 tempore
1442 3637 1619 3706 dolis
1672 3636 2061 3707 studentem
2118 3637 2472 3709 hominem
2527 3639 2651 3711 de-

1087 3743 1319 3812 clarat.
1364 3744 1572 3813 Color
1616 3754 1844 3813 autem
1891 3745 2150 3837 pallore
2198 3745 2643 3828 deformatus,

1086 3852 1581 3920 effu-minatum
1623 3876 1856 3921 amore
1906 3853 2342 3922 t'oeminarum
2402 3863 2469 3923 et
2526 3856 2651 3924 im-

1087 3960 1397 4029 becillem
1437 3972 1503 4031 et
1541 3963 1886 4041 timidum,
1922 3965 1975 4029 si
2013 3987 2148 4031 non
2181 3962 2267 4031 ab
2295 3965 2649 4054 {egritudi-

1085 4090 1167 4136 ne
1197 4070 1283 4136 sit
1311 4092 1518 4137 causa
1555 4068 1834 4153 coloris,
1869 4070 1986 4137 sed
2016 4093 2055 4137 a
2093 4079 2362 4138 natura.
2412 4070 2487 4138 Si
2520 4094 2649 4139 au-

1082 4184 1219 4244 tem
1253 4175 1482 4244 fuscus
1511 4174 1701 4243 color
1728 4184 1791 4243 et
1833 4176 2142 4245 cinereus
2171 4176 2503 4267 pallorem
2535 4200 2649 4246 oc·

1082 4290 1309 4374 cupat,
1344 4283 1701 4375 loquacem
1742 4284 2083 4375 significat
2117 4292 2182 4351 et
2232 4287 2647 4377 intempera-

1083 4397 1227 4457 tum
1277 4397 1343 4456 et
1393 4389 1822 4457 iracundum.
1859 4389 2066 4459 Color
2102 4398 2333 4458 autem
2390 4391 2646 4483 ignitus

1082 4494 1464 4564 lucentibus
1521 4494 1739 4564 oculis
1774 4496 2280 4574 circumductis,
2328 4497 2415 4565 ad
2463 4499 2645 4567 insa-

1082 4603 1264 4669 niam
1310 4603 1556 4692 vergit.
1601 4601 1808 4670 Color
1862 4611 2089 4672 autem
2141 4604 2411 4673 medius
2468 4605 2643 4675 inter

1081 4709 1312 4776 album
1342 4716 1409 4775 et
1439 4710 1711 4799 nigrum
1746 4710 1862 4800 qui
1884 4709 2176 4778 declinat
2209 4712 2279 4779 in
2309 4709 2638 4797 brunum,

1079 4817 1134 4883 si
1183 4825 1284 4883 est
1320 4815 1566 4894 clarus,
1639 4815 1801 4884 boni
1864 4818 2117 4909 ingenii
2187 4827 2251 4887 et
2296 4819 2639 4888 bonorum

1081 4946 1352 4993 morum
1382 4924 1609 4992 virum
1639 4922 1961 4992 ostendit.

1168 5032 1485 5124 Amplius
1514 5041 1743 5101 autem
1791 5054 1949 5100 cum
2005 5043 2239 5124 pectus
2267 5034 2494 5103 solum
2531 5060 2638 5105 ru·

1079 5141 1243 5210 bore
1283 5149 1385 5210 est
1431 5140 1833 5219 obductum,
1869 5141 2217 5212 iracundia
2254 5144 2639 5212 inflamma-

1077 5257 1222 5318 tum
1266 5250 1576 5320 animum
1632 5249 1955 5318 ostendit.
2017 5248 2090 5317 Si
2141 5259 2371 5320 autem
2435 5274 2631 5321 venoe

4229 451 4353 518 139

2796 625 3193 703 temporum
3264 624 3327 679 et
3387 619 3669 684 cervicis
3745 617 3969 684 rubea*
4044 628 4223 695 sunt,
4292 628 4360 686 et

2794 722 2974 790 oculi
3032 723 3418 811 sanguinei,
3472 725 3838 793 ostendunt
3901 729 4070 797 adeo
4114 730 4358 796 iratum

2789 852 2864 896 ae
2905 831 2959 895 si
2990 830 3076 896 sit
3104 831 3411 898 insanus.
3463 829 3641 898 Cum
3703 840 3930 900 autem
3970 836 4200 904 vultus
4237 860 4357 903 ru-

2785 937 2921 1016 bet,
2967 941 3022 1006 si
3067 941 3294 1029 major
3346 941 3602 1009 rubedo
3647 950 3745 1010 est
3808 944 3877 1009 iu
3931 944 4151 1013 fronte
4196 970 4350 1015 cum

2784 1044 3137 1112 oculorum
3191 1046 3627 1125 demissione,
3681 1049 4088 1137 significabit
4152 1075 4349 1119 vere-

2780 1153 3133 1221 cundiam.
3175 1154 3249 1220 Si
3316 1163 3545 1222 autem
3579 1164 3678 1223 est
3723 1180 3877 1224 cum
3919 1166 4212 1227 tremore
4251 1159 4348 1226 la-

2776 1258 3044 1327 biorum
3087 1270 3153 1327 et
3186 1261 3640 1350 ampliatione
3684 1265 3978 1344 narium,
4013 1268 4348 1358 significat

2774 1374 2995 1434 totum
3068 1368 3374 1435 animum
3445 1371 3544 1435 ira
3609 1371 3908 1438 maxima
3957 1373 4340 1443 inflamma-

2771 1482 2941 1540 tum.
2983 1473 3057 1540 Si
3093 1483 3335 1543 autem
3370 1477 3497 1543 soli
3532 1477 3708 1545 oculi
3752 1481 3998 1549 rubent
4025 1506 4178 1550 curn
4210 1483 4345 1551 hu-

2770 1603 2981 1658 more,
3045 1582 3535 1672 significabunt
3582 1584 3977 1653 ebrietatem
4043 1590 4331 1658 maden-

2763 1703 2926 1762 tem.
2968 1687 3043 1755 Si
3092 1698 3323 1756 autem
3355 1714 3510 1758 cum
3545 1691 3789 1761 rubore
3820 1695 3979 1762 sicci
4018 1704 4198 1775 sunt,
4231 1699 4326 1765 si-

2763 1799 3087 1888 gniticant
3128 1800 3227 1864 ira
3257 1797 3597 1866 detentem
3636 1801 3969 1869 animum.

2852 1904 3014 1971 llaec
3081 1906 3292 1994 igitur
3345 1917 3507 1975 sunt
3564 1910 3758 1999 signa
3785 1907 4327 2003 physiognomia}

2763 2035 2912 2102 quae
2977 2013 3283 2102 regimen
3339 2013 3697 2105 physicum
3748 2017 3906 2085 vitae
3961 2017 4320 2089 hominum

2761 2143 2897 2186 non
2938 2119 3213 2210 quidem
3271 2143 3540 2212 semper
3590 2147 3669 2191 ex
3718 2127 4140 2205 necessitate,
4202 2131 4321 2198 sed

2762 2226 3142 2317 frequenter
3174 2236 3238 2294 et
3268 2228 3722 2316 probabiliter
3749 2233 4136 2302 ostendunt.
4165 2236 4325 2305 ltaec

2762 2345 2989 2404 autem
3029 2337 3222 2427 signa
3263 2337 3330 2403 in
3362 2337 3758 2407 hominibus
3797 2349 3864 2408 et
3910 2344 4320 2413 animalibus

2761 2465 2898 2510 non
2931 2442 3315 2511 referuntur
3351 2446 3478 2512 nisi
3513 2446 3595 2512 ad
3627 2470 3742 2515 eas
3772 2450 4123 2539 passiones
4163 2474 4314 2543 qua:

2759 2550 3158 2620 naturaliter
3186 2555 3442 2632 insunt,
3479 2578 3631 2646 qua·
3684 2556 4016 2648 incipiunt
4055 2568 4117 2628 et
4157 2585 4317 2652 per-

2760 2662 3043 2728 veniunt
3078 2660 3162 2728 ad
3200 2662 3526 2738 animam,
3564 2671 3631 2730 et
3676 2686 3813 2730 non
3847 2664 3932 2732 ad
3962 2665 4111 2734 illas
4163 2691 4314 2758 quae

2761 2778 2916 2837 sunt
2972 2771 3221 2837 animm
3285 2771 3522 2848 solius,
3567 2774 3738 2840 sicut
3778 2782 3876 2840 est
3927 2779 4207 2854 musica,
4253 2787 4317 2844 et

2761 2877 3155 2966 geometria,
3183 2877 3297 2944 sed
3317 2881 3545 2967 potius
3576 2880 3743 2946 sieut
3777 2876 3877 2948 es't
3908 2881 4030 2954 ira,
4063 2892 4125 2949 et
4157 2907 4316 2951 con·

2760 2986 3198 3076 cupiscentia‚
3257 2995 3321 3052 et
3377 2985 3796 3074 hujusmodi.
3871 2988 3950 3056 Et
4018 2989 4147 3058 boc
4215 3001 4313 3059 est

2761 3091 2940 3181 quod
2999 3090 3158 3158 dicit
3227 3093 3624 3161 Aristoteles
3691 3096 3759 3161 in
3827 3098 3960 3163 tine
4036 3099 4312 3166 secundi

2753 3199 3068 3289 priorum
3125 3200 3678 3289 :tualyticorung
3722 3203 3907 3293 quod
3949 3232 3979 3268 ι
4036 3216 4311 3274 naturas

2760 3330 3170 3397 cognoscere
3202 3309 3520 3399 possibile
3552 3320 3678 3394 est,
3713 3314 3767 3379 si
3802 3314 3953 3402 quis
3990 3316 4315 3383 concedat

2760 3419 3192 3484 transmutari
3233 3419 3433 3485 simul
3465 3442 3713 3511 corpus
3753 3429 3814 3488 et
3858 3423 4157 3490 animam
4205 3448 4319 3490 se-

2759 3524 3057 3592 cundum
3125 3548 3205 3592 ea
3235 3549 3676 3618 quem-umque
3751 3538 3912 3596 sunt
3978 3530 4317 3599 naturales

2760 3632 3136 3722 passiones.
3166 3658 3198 3696 ι»
3233 3631 3514 3702 hiscens
3542 3637 3726 3703 enim
3757 3635 4004 3729 aliquis
4030 3638 4314 3707 fortasse

2762 3739 3120 3816 musicam,
3190 3748 3681 3809 transmutatus
3744 3753 3847 3811 est
3926 3745 3989 3812 in
4067 3749 4313 3815 anima:

2760 3846 3111 3935 passiones
3144 3870 3160 3915 ε
3197 3856 3256 3914 et
3292 3846 3421 3915 hoc
3455 3849 3523 3914 in
3574 3848 4017 3939 dispositione
4064 3876 4314 3944 corpo-

2760 3952 2850 4017 ris
2893 3976 3029 4021 non
3059 3963 3279 4044 potest
3309 3955 3585 4045 agnosci
3631 3976 3648 4022 :
3691 3954 3837 4024 baec
3865 3958 4045 4024 enim
4087 3962 4312 4049 passio

2759 4079 2896 4124 non
2927 4070 3023 4126 est
3058 4059 3286 4150 aliqua
3325 4084 3561 4128 earum
3592 4084 3744 4152 qua·
3773 4062 4148 4130 secundum
4187 4088 4315 4133 na-

2756 4170 2978 4232 turam
3027 4165 3332 4256 corporis
3381 4165 3579 4235 nobis
3621 4167 3877 4247 insunt,
3919 4168 4034 4234 sed
4084 4170 4311 4259 potius

2757 4270 2922 4340 tates
2953 4273 3065 4339 irae
3094 4282 3162 4341 et
3189 4274 3776 4365 concupiscentia.

2846 4380 2956 4446 Sic
2978 4404 3140 4471 ergo
3167 4379 3501 4449 elementa
3520 4391 3586 4450 et
3606 4383 3933 4473 principia
3955 4406 4038 4450 ex
4060 4384 4310 4474 quibus

2755 4487 2819 4553 in
2904 4485 3030 4554 bac
3079 4489 3357 4556 scientia
3396 4490 3759 4580 procedere
3817 4489 4148 4557 babemus
4221 4493 4308 4561 ad

2751 4595 3295 4684 cognoscendum
3388 4596 3839 4664 substantiam
3900 4598 4304 4669 animalium

2749 4713 2813 4772 et
2851 4726 3058 4793 opera
3089 4726 3327 4771 eorum
3358 4713 3423 4772 et
3453 4704 3949 4774 nutrimentum
4006 4718 4067 4774 et
4103 4733 4308 4799 gene·

2751 4810 3111 4887 rationem,
3145 4811 3291 4898 jam
3322 4821 3655 4902 quantum
3686 4814 3932 4882 sufficit
3971 4816 4309 4904 praemisi-

2749 4942 2924 4987 mus.
2949 4919 3255 4988 Membra
3269 4921 3453 4989 enim
3475 4922 3709 4990 omnia
3730 4923 4301 5014 investigavimus

2751 5028 2818 5096 in
2883 5029 3394 5119 comparatione
3459 5029 3546 5096 ad
3602 5030 3912 5100 membra
3966 5029 4295 5112 hominis,

2747 5131 3061 5201 similiter
3096 5142 3162 5201 et
3194 5156 3428 5223 opera,
3459 5142 3527 5202 et
3559 5135 3844 5202 virtutes
3875 5159 4142 5205 eorum.
