4919 6371
1954 416 2125 489 LIB.
2180 420 2277 488 XI
2324 420 2447 488 DE
2494 417 3076 499 ANIMALIBUS,
3127 418 3435 487 TRACT.
3490 418 3517 483 1

1154 590 1237 658 Et
1269 589 1509 656 eodem
1546 586 1749 652 modo
1783 609 1903 677 per
1943 591 2277 658 rationem
2311 592 2465 659 linis
2493 599 2558 658 et
2594 590 2725 656 for·

1154 720 1284 765 mae
1304 693 1923 763 determinabimus
1947 707 2176 788 partes
2217 699 2715 790 heterogenias,

1156 828 1308 895 quae
1369 812 1706 870 vocantur
1763 828 2055 895 orqcma,
2120 831 2201 875 eo
2244 808 2429 899 quod
2487 805 2722 873 osticiis

1155 912 1402 977 aniinae
1442 918 1603 977 sunt
1652 913 2116 992 accomodata,
2161 915 2336 981 sicut
2374 920 2476 980 est
2523 911 2722 977 facies

1154 1039 1308 1108 quae
1359 1019 1801 1108 componitur
1857 1043 1941 1088 ex
2001 1019 2233 1086 multis
2299 1018 2596 1107 organiS,
2657 1024 2723 1083 et

1153 1147 1424 1204 manus,
1469 1134 1534 1195 et
1573 1150 1717 1217 peS,
1781 1150 1931 1217 quae
1992 1134 2149 1193 sunt
2206 1124 2722 1214 compositionis

1151 1257 1234 1302 ex
1275 1236 1615 1303 similibus
1646 1244 1712 1303 et
1743 1234 2189 1302 dissimilibus
2218 1234 2550 1325 partibuS,
2587 1237 2723 1303 sic—

1148 1351 1225 1412 ut
1266 1352 1334 1412 et
1383 1345 1589 1411 facies
1645 1366 1659 1408 ε
1706 1343 2035 1432 quoniam
2088 1352 2597 1434 componuntur
2637 1367 2721 1412 ex

1150 1450 1384 1540 digitis
1415 1450 1716 1539 quisunt
1756 1449 2125 1519 dissimiles
2155 1461 2404 1541 partes,
2440 1461 2507 1519 et
2536 1474 2719 1519 com·

1150 1562 1504 1646 ponuntur
1550 1577 1633 1622 ex
1673 1578 1874 1624 carne
1915 1564 1980 1624 et
2020 1580 2172 1626 osse
2213 1580 2365 1649 quae
2420 1565 2582 1626 sunt
2621 1559 2721 1624 si·-

1152 1664 1350 1733 miles
1390 1672 1619 1754 partes
1671 1688 1686 1731 :
1741 1673 1805 1733 et
1846 1663 1949 1733 hae
1990 1674 2151 1735 sunt
2205 1673 2432 1756 partes
2481 1688 2717 1733 omnes

1149 1781 1429 1861 propter
1458 1772 1648 1863 quid,
1684 1771 1816 1841 hoc
1854 1780 1978 1851 est,
2026 1780 2305 1864 propter
2343 1774 2549 1839 tinem
2596 1796 2611 1839 ε
2654 1783 2714 1840 et

1150 1886 1421 1968 oportet
1479 1903 1605 1947 nos
1663 1879 1887 1947 dicere
1947 1902 2068 1970 per
2123 1903 2332 1969 quam
2394 1881 2714 1947 virtutem

1146 1992 1397 2058 animte
1442 1991 1576 2056 sint
1620 1998 1685 2056 et
1727 2011 1873 2056 esse
1915 1987 2210 2057 babeant
2251 1989 2419 2057 tales
2466 1997 2712 2079 partes,

1147 2099 1476 2188 quoniam
1538 2096 1650 2164 illa
1712 2098 1927 2165 virtus
2009 2107 2110 2165 est
2168 2099 2386 2164 forma
2443 2106 2721 2188 propter

1147 2228 1355 2297 quam
1395 2214 1556 2273 sunt
1600 2206 1823 2273 :sicut
1868 2208 1936 2272 in
1995 2207 2278 2273 scientia
2327 2206 2408 2272 de
2464 2207 2716 2273 Anima

1146 2314 1404 2381 dictum
1437 2323 1562 2389 est,
1603 2313 1786 2404 quod
1838 2315 1893 2380 si
1928 2314 2171 2381 oculus
2219 2321 2396 2382 esset
2433 2313 2713 2393 animal,

1143 2422 1333 2489 visus
1373 2430 1548 2489 esset
1579 2421 1800 2489 forma
1842 2424 2056 2512 ipsius
2093 2444 2108 2489 :
2143 2431 2209 2490 et
2254 2422 2351 2491 sic
2394 2445 2532 2490 non
2573 2421 2718 2489 suf·-

1147 2530 1285 2597 ticit
1314 2530 1663 2619 assignare
1696 2537 1967 2598 tantum
2001 2532 2388 2608 materiam,
2425 2539 2498 2597 ut
2528 2529 2719 2598 dica-

1147 2660 1302 2704 mus
1352 2659 1437 2704 ex
1487 2635 1737 2726 quibus
1790 2636 1992 2705 rebus
2041 2646 2167 2720 est,
2212 2638 2384 2705 sicut
2435 2660 2522 2705 ex
2562 2639 2714 2727 igne

1145 2754 1211 2812 et
1242 2753 1445 2820 terra,
1490 2745 1660 2812 sieut
1697 2744 1868 2812 dixit
1904 2742 2372 2835 Empedocles
2414 2744 2486 2812 Si
2531 2746 2714 2813 enim

1141 2850 1549 2919 deberemus
1579 2851 1799 2919 dicere
1841 2860 1905 2919 et
1939 2852 2273 2920 rationem
2316 2862 2380 2920 et
2421 2852 2715 2942 disposi-

1140 2958 1402 3026 tionem
1444 2957 1598 3025 lecti
1640 2965 1755 3025 aut
1789 2957 2073 3027 alterius
2106 2959 2442 3026 artiliciati
2479 2959 2543 3026 in
2577 2982 2712 3048 quo

1136 3089 1246 3135 ars
1287 3066 1593 3135 imitatur
1643 3076 1983 3146 naturam,
2041 3067 2261 3157 magis
2308 3066 2711 3136 deberemus

1136 3173 1531 3243 distinctiva
1576 3172 1984 3242 diffinitione
2024 3175 2373 3266 assignare
2422 3174 2710 3245 formam

1138 3282 1351 3373 ipsius
1378 3305 1590 3373 quam
1636 3284 2026 3358 materiam,
2073 3283 2362 3352 dicendo
2403 3284 2587 3375 quod
2614 3283 2716 3352 le-

1137 3398 1286 3458 ctus
1325 3397 1423 3456 est
1457 3389 1725 3480 lignum
1767 3398 1833 3458 et
1870 3413 1990 3470 ωε,
2023 3393 2080 3458 si
2114 3391 2326 3460 lectus
2364 3401 2581 3460 estex
2628 3393 2715 3460 li-

1139 3518 1278 3587 gno
1339 3502 1407 3565 et
1444 3518 1602 3563 aere.
1678 3494 1751 3563 Si
1812 3504 2044 3564 autem
2099 3520 2237 3565 nou
2294 3497 2712 3567 diffiniamus

1142 3604 1394 3672 lectum
1434 3602 1813 3671 secundum
1846 3602 1978 3672 hoc
2008 3605 2193 3695 quod
2221 3603 2547 3681 diximus,
2581 3603 2710 3673 hoc

1145 3718 1272 3791 est,
1316 3734 1438 3801 per
1472 3710 1793 3786 formam,
1829 3712 2207 3782 secundum
2249 3710 2380 3782 hoc
2416 3712 2718 3781 diltinie-

1145 3844 1298 3889 mus
1358 3821 1580 3911 ipsum
1639 3829 1862 3889 totum
1922 3845 2070 3889 esse
2128 3824 2363 3912 ipsius,
2424 3822 2709 3892 dicendo

1143 3926 1328 4019 quod
1356 3927 1570 3996 lectus
1599 3937 1699 3996 est
1729 3926 1862 3997 hoc
1893 3937 1956 3996 et
1986 3927 2144 4007 boc,
2180 3926 2445 4020 lignum
2478 3930 2712 3997 videli-

1140 4047 1245 4105 cet
1275 4045 1342 4105 et
1371 4061 1467 4104 aes
1503 4059 1518 4105 :
1553 4046 1615 4105 et
1650 4035 1781 4105 boi·
1813 4046 1914 4106 est
1958 4039 2447 4107 inconvenieus
2494 4062 2509 4107 ε
2544 4063 2712 4132 quo-

1141 4144 1326 4211 niam
1358 4144 1740 4213 secuudum
1782 4142 1908 4214 lioc
1943 4147 1996 4212 si
2042 4143 2303 4213 idolum
2335 4155 2437 4216 est
2464 4171 2548 4216 ex
2576 4146 2711 4238 lig-

1141 4275 1230 4320 no
1270 4259 1338 4320 et
1375 4275 1530 4331 aere,
1592 4251 1851 4320 idolum
1908 4255 2034 4323 erit
2081 4254 2319 4323 lectus.
2367 4253 2439 4321 Si
2480 4262 2708 4323 autem

1138 4358 1564 4427 voluerimus
1603 4358 1733 4428 boc
1776 4383 2077 4441 narrare,
2113 4371 2210 4429 est
2243 4361 2558 4429 diffinitio
2596 4387 2711 4428 se-

1140 4466 1442 4534 cuudum
1486 4466 1778 4556 liguram
1821 4488 1974 4557 quae
2031 4475 2134 4535 est
2194 4466 2411 4535 lorina
2469 4468 2703 4558 ipsius,

1139 4600 1221 4641 eo
1271 4572 1454 4664 quod
1496 4573 1567 4640 in
1605 4573 1982 4641 artitieiatis
2033 4573 2251 4665 ligura
2289 4584 2390 4643 est
2432 4574 2702 4644 forma:

1140 4691 1303 4750 tuuc
1331 4680 1649 4750 distincta
1683 4683 1752 4748 iu
1793 4681 2204 4750 dittinitione
2233 4681 2539 4751 dicemus
2577 4683 2708 4752 sor-

1142 4812 1325 4857 mam
1359 4789 1598 4879 ipsius,
1632 4797 1696 4856 et
1727 4787 2229 4859 declarabimus
2260 4813 2412 4858 eam
2444 4812 2563 4881 per
2585 4814 2708 4861 sua

1139 4896 1569 4975 diffinientia‚
1602 4919 1686 4963 eo
1718 4896 1902 4986 quod
1924 4906 2170 4964 natura
2186 4920 2338 4988 quoe
2359 4901 2710 4990 cognosci·

1140 5011 1250 5070 tur
1287 5024 1409 5092 per
1463 5000 1784 5080 formam,
1857 4999 2159 5070 nobilior
2209 5011 2312 5071 est
2366 5027 2571 5095 quam
2627 5028 2705 5073 ea

1139 5133 1293 5201 quae
1326 5109 1764 5199 cognoscitur
1801 5133 1922 5200 pei·
1961 5111 2345 5178 materiam.

1160 5296 1166 5301 ,
1231 5218 1304 5284 si
1332 5239 1496 5308 ergo
1520 5216 1877 5307 quodlibet
1906 5217 2378 5287 membrorum
2408 5228 2473 5287 et
2495 5220 2709 5310 quod-

1135 5331 1301 5398 libet
1372 5326 1631 5396 animal
1696 5327 1794 5394 sic
1840 5327 2083 5396 debeat
2140 5352 2288 5397 esse
2353 5330 2704 5419 cognitum

1134 5459 1255 5529 per
1291 5435 1585 5525 liguram
1637 5443 1703 5502 et
1752 5434 2082 5512 colorem,
2131 5436 2302 5505 bene
2352 5437 2524 5505 «lixit
2567 5437 2707 5506 lle-

1133 5543 1502 5613 mocritus:
1527 5543 1856 5632 quoniam
1890 5565 1973 5611 ex
2004 5543 2201 5612 dictis
2238 5546 2380 5612 suis
2409 5544 2699 5628 videtur,

1136 5648 1321 5744 quod
1378 5670 1503 5717 sua
1543 5648 1781 5738 opinio
1847 5652 1935 5718 sit
1999 5649 2181 5735 talis,
2242 5650 2428 5743 quod
2483 5651 2702 5723 torinna

1135 5757 1413 5851 quidem
1452 5756 1862 5846 inquirenda
1900 5758 1990 5826 sit
2031 5780 2046 5825 z
2080 5758 2198 5828 sed
2227 5758 2521 5828 formam
2560 5784 2698 5830 non

4249 421 4377 486 569

2830 586 2991 654 dixit
3059 610 3202 654 esse
3243 586 3786 665 substantialem,
3831 590 3947 655 sed
3998 591 4382 659 accidenta-

2826 695 2983 772 lem,
3030 717 3180 785 quae
3220 704 3318 762 est
3349 695 3563 785 figura
3604 703 3670 762 et
3699 694 3889 762 color
3932 720 4015 762 ex
4054 699 4185 764 situ
4237 706 4382 768 ato-

2823 823 3094 869 morum
3127 809 3420 880 causata,
3458 804 3632 869 sicut
3670 809 3853 892 patet
3886 827 3967 871 ex
3996 806 4217 895 primo
4251 829 4382 873 no-

2826 918 3119 978 strorum
3168 912 3496 979 librorum
3521 913 3684 979 Peri
3709 935 4046 1001 qeneseOS,
4091 913 4208 981 ubi
4258 937 4376 982 ex-

2825 1020 3176 1108 posuimus
3207 1020 3602 1110 opinionem
3635 1019 4030 1087 Democriti.
4060 1020 4189 1099 Qui
4214 1045 4375 1112 ergo

2825 1123 3141 1215 tingendo
3174 1126 3512 1215 opinatur,
3542 1124 3726 1214 quod
3756 1124 3842 1192 ad
3870 1124 4162 1193 formam
4185 1135 4381 1194 natu-

2824 1231 3032 1299 ralem
3055 1232 3300 1298 suflicit
3322 1231 3539 1322 figura
3567 1240 3633 1299 ct
3654 1231 3843 1299 color
3865 1235 3981 1322 qui
4007 1233 4377 1323 adspicitur

2823 1340 2891 1405 in
2931 1337 3232 1417 homine,
3276 1362 3415 1405 non
3444 1338 3604 1406 dicit
3634 1338 3790 1417 hoc,
3827 1341 3954 1406 nisi
3997 1343 4157 1430 quia
4186 1350 4378 1431 putat

2824 1446 3109 1538 liguram
3143 1470 3284 1515 esse
3325 1449 3670 1538 cognitam
3714 1472 3833 1538 per
3871 1471 3967 1525 se,
4003 1458 4070 1516 et
4116 1450 4377 1540 princi-

2821 1555 3009 1645 pium
3068 1577 3213 1623 esse
3270 1556 3678 1645 cognitionis
3729 1556 4175 1625 formatorum
4229 1558 4373 1625 siue

2821 1660 3240 1730 dubitatione
3278 1686 3292 1729 :
3327 1662 3547 1730 forma
3583 1663 3766 1731 enim
3807 1665 4081 1753 cognita
4117 1673 4219 1731 est
4258 1688 4379 1755 per

2820 1793 2916 1849 se,
2943 1779 3003 1836 et
3027 1763 3430 1861 principium
3449 1772 3861 1862 cognitionis
3888 1771 4368 1852 formatorum,

2820 1878 2990 1945 sicut
3040 1877 3417 1946 ostenditur
3454 1879 3524 1944 in
3571 1879 4020 1970 philosophia
4071 1881 4306 1970 prima
4355 1903 4369 1947 ;

2820 2010 2957 2053 non
2998 1996 3222 2055 tamen
3253 1989 3321 2054 in
3353 1987 3651 2079 physicis
3682 2012 3831 2079 quae
3871 1997 4235 2078 conceptas
4257 1987 4375 2057 ha-

2818 2094 2977 2163 bent
3009 2097 3259 2164 formas
3299 2121 3453 2165 cum
3495 2101 3800 2177 materia,
3846 2099 3992 2168 sola
4025 2102 4243 2171 forma
4276 2127 4377 2170 as·

2818 2204 3142 2296 signanda
3183 2214 3284 2272 est
3327 2228 3341 2271 ε
3387 2206 3676 2273 sormam
3710 2209 3892 2276 enim
3941 2208 4247 2280 bominis
4278 2212 4379 2280 si-

2820 2337 2902 2382 ne
2943 2316 3222 2381 materia
3262 2313 3465 2382 babet
3511 2312 3720 2384 bomo
3772 2318 4183 2409 imaginatus
4238 2344 4251 2387 ε
4308 2331 4369 2389 et

2819 2421 3130 2511 quamvis
3170 2421 3254 2487 sit
3294 2418 3498 2488 bomo
3548 2422 3923 2490 secundum
3976 2426 4264 2515 liguram
4307 2437 4370 2495 et

2820 2531 3262 2620 imaginatum
3313 2531 3612 2598 colorem
3661 2532 3898 2611 animi,
3956 2542 4181 2603 tamen
4212 2560 4371 2604 vere

2819 2660 2954 2704 non
2986 2644 3082 2703 est
3117 2635 3348 2704 bomo.
3379 2635 3712 2705 Similiter
3741 2648 3966 2706 autem
4001 2651 4095 2709 est
4122 2642 4204 2709 de
4238 2667 4378 2711 ma-

2818 2767 2907 2811 nu
2955 2746 3080 2811 ista
3113 2744 3426 2821 naturali,
3462 2752 3526 2813 et
3558 2767 3765 2813 manu
3796 2748 4084 2838 figurata
4121 2749 4229 2818 vel
4267 2753 4375 2841 pi—

2816 2860 2923 2920 cta
2958 2874 2972 2918 :
3018 2850 3158 2919 haec
3184 2853 3364 2918 enim
3396 2852 3744 2943 aequivoca
3786 2862 3942 2922 sunt
3976 2856 4041 2922 in
4091 2860 4370 2925 nomine

2815 2959 3312 3040 convenientia,
3348 2967 3414 3025 et
3453 2980 3588 3025 non
3621 2959 3689 3026 iu
3732 2961 3991 3027 ratione
4040 2982 4054 3025 :
4100 2963 4273 3028 sicut
4305 2969 4370 3029 et

2817 3064 3115 3131 medicus
3147 3065 3475 3155 liguratus
3497 3066 3612 3156 qui
3646 3088 3784 3133 non
3817 3065 4022 3134 babet
4047 3067 4176 3133 uisi
4200 3068 4372 3154 tigu-

2816 3193 2958 3237 ram
3017 3169 3282 3249 medici,
3355 3179 3421 3239 et
3503 3170 3805 3239 medicus
3872 3196 4099 3241 verus.
4176 3170 4368 3241 Sicut

2815 3280 2997 3346 enim
3037 3278 3196 3349 facit
3222 3282 3688 3370 carpentarius
3720 3280 3993 3369 quaudo
4034 3280 4181 3348 vult
4213 3303 4370 3350 nar-

2816 3410 2960 3454 rare
2987 3410 3293 3465 manum,
3335 3388 3443 3454 vel
3482 3386 3742 3479 aliquid
3781 3389 3965 3455 aliud
4001 3389 4253 3457 factum
4286 3414 4371 3458 ex

2816 3494 3039 3586 lignis,
3069 3518 3189 3586 per
3245 3495 3729 3563 diffinitionem
3787 3497 3975 3575 artiS‚
4053 3496 4169 3565 dat
4227 3497 4374 3566 for-

2814 3627 2996 3671 mam
3029 3604 3094 3670 iu
3126 3607 3432 3672 materia.
3471 3603 3807 3673 Similiter
3853 3605 4010 3674 facit
4040 3607 4369 3675 naturalis

2813 3712 3085 3805 quando
3134 3713 3279 3783 vult
3325 3713 3618 3782 diftinire
3676 3717 4186 3805 gem-rationem
4248 3740 4367 3785 seu

2814 3842 2955 3887 rem
2986 3827 3376 3910 generatam
3419 3844 3501 3888 ex
3544 3819 3673 3889 bac
3713 3822 4020 3899 materia,
4065 3823 4370 3914 assignat

2813 3939 2878 3997 et
2900 3950 3138 3996 causas
3166 3927 3537 3996 efficientes
3584 3938 3651 3997 et
3699 3929 3957 3998 formas
3986 3938 4043 4000 et
4081 3932 4368 3998 virtutes

2812 4036 3182 4104 formarum
3214 4045 3575 4127 operantes
3608 4037 3677 4105 in
3708 4035 3835 4105 hac
3867 4040 4173 4106 materia.
4210 4039 4370 4107 Car-

2810 4145 3157 4234 pentarius
3213 4151 3439 4213 autem
3508 4144 3736 4212 dando
3804 4168 4045 4215 causas
4109 4147 4369 4215 instru-

2811 4249 3216 4329 mentaliter,
3260 4274 3552 4342 quarum
3611 4253 3861 4320 virtute
3920 4254 3990 4320 tit
4052 4253 4237 4344 quod
4297 4254 4363 4321 in

2812 4361 3090 4427 materia
3140 4360 3239 4432 fit.
3292 4359 3407 4428 dat
3454 4361 3748 4429 securim
3799 4369 3864 4430 et
3912 4384 4168 4429 serram
4209 4383 4363 4452 qua·

2811 4465 3059 4534 habent
3097 4466 3389 4534 formam
3431 4468 3499 4535 iu
3556 4464 3685 4536 hac
3724 4470 4033 4548 materia,
4095 4478 4162 4538 et
4205 4478 4364 4539 suut

2812 4574 3256 4642 iustrumenta
3286 4571 3534 4665 quibus
3582 4574 3925 4644 inducitur
3961 4598 4160 4668 opus.
4215 4575 4362 4646 Na-

2809 4681 3045 4752 turalis
3091 4692 3317 4751 autem
3366 4683 3480 4751 dat
3528 4691 3776 4752 terram
3825 4694 3888 4753 et
3942 4707 4194 4776 aquam
4233 4709 4358 4777 pro

2808 4788 3113 4870 materia,
3164 4789 3233 4855 iu
3283 4810 3418 4879 qua
3476 4797 3636 4857 sunt
3690 4788 4051 4879 qualitates
4090 4790 4354 4880 primm,

2808 4896 3054 4988 quibus
3092 4897 3296 4964 motis
3342 4895 3427 4962 ab
3468 4896 3799 4965 efficiente
3841 4895 4185 4967 inducitur
4212 4898 4361 4967 for-

2809 5029 2920 5074 ma
2949 5005 3295 5074 naturalis.
3335 5005 3529 5095 Saepe
3569 5006 3752 5073 enim
3784 5005 4144 5074 docuimus
4175 5007 4242 5074 in
4283 5008 4362 5075 li-

2807 5112 2945 5181 bris
2974 5112 3257 5181 diversis
3295 5110 3747 5204 pbilosophiae
3773 5114 4131 5196 naturalis,
4174 5114 4361 5205 quod

2809 5218 3165 5311 qualitates
3197 5220 3431 5310 primae
3459 5217 3714 5287 babent
3735 5221 4020 5287 virtutes
4047 5219 4361 5290 substau-

2808 5326 3070 5396 tialium
3120 5327 3491 5394 soi-inarum
3541 5350 3581 5395 a
3629 5324 3879 5418 quibus
3931 5337 4295 5398 moventur
4340 5356 4355 5400 ε

2807 5436 2975 5504 sicut
3008 5433 3364 5526 qualitates
3393 5437 3633 5524 prima·
3674 5457 3825 5525 quoe
3856 5445 4015 5504 sunt
4065 5438 4134 5504 in
4166 5460 4363 5528 sper-

2807 5554 3010 5623 mate,
3074 5541 3326 5612 babent
3374 5542 3693 5612 virtutem
3753 5542 3992 5614 forinae
4055 5545 4360 5615 bominis

2806 5673 2955 5743 quae
2985 5659 3267 5720 vocatur
3291 5650 3696 5741 formation.
3732 5650 4213 5742 carpentarius
4241 5675 4360 5721 au-

2805 5769 2942 5831 tem
2973 5760 3042 5827 in
3061 5758 3466 5828 diffinitione
3495 5781 3630 5850 qua
3650 5760 3930 5850 ponitur
3948 5760 4359 5832 instrumen-
