4919 6371
1840 467 2012 537 LIB.
2064 466 2161 534 IX
2207 465 2327 533 DE
2373 462 2967 549 ANIMALIBUS‚
3016 470 3328 542 TRACT.
3384 474 3413 541 1

1092 646 1331 714 Adhuc
1360 653 1588 712 autem
1618 639 1940 710 disserens
1971 651 2072 710 est
2102 644 2171 710 in
2201 642 2396 710 annis
2425 665 2560 733 pu·

1001 756 1279 824 bertatis
1309 754 1597 822 elevatio
1642 760 1711 819 et
1738 759 1972 820 tumor
1998 752 2457 822 mamillarum
2488 754 2560 822 in

1000 862 1283 953 puellis:
1318 861 1648 950 quoniam
1691 860 2005 950 quaedam
2055 885 2289 930 earum
2318 865 2560 954 acqui-

1003 978 1157 1037 runt
1188 966 1528 1035 mamillas
1567 989 1855 1059 magnas
1884 968 2107 1049 valde,
2152 979 2219 1039 et
2247 970 2559 1062 quaedam

1002 1099 1267 1168 parvas,
1311 1083 1379 1142 et
1403 1096 1638 1165 paucae
1670 1078 2114 1145 inveniuntur
2160 1100 2314 1169 quae
2353 1079 2557 1145 etiam

1001 1183 1221 1251 nullas
1253 1181 1532 1263 habent,
1584 1184 1718 1250 nisi
1748 1182 1924 1251 sicut
1959 1184 2131 1251 viri:
2167 1183 2318 1253 talis
2375 1183 2558 1251 enim

999 1299 1100 1359 est
1130 1292 1410 1360 inventa
1434 1292 1720 1359 foemina
1764 1291 1947 1382 apud
2011 1315 2138 1359 nos
2178 1292 2248 1358 in
2285 1292 2557 1359 civitate

997 1397 1438 1488 Vangionum
1498 1420 1654 1488 quoe
1705 1419 1890 1464 nunc
1946 1396 2304 1464 Vormatia
2338 1420 2553 1465 voca-

996 1515 1129 1584 tur,
1164 1527 1315 1596 quae
1333 1513 1566 1571 tamen
1602 1502 1832 1593 plures
1871 1504 2072 1570 enixa
2111 1512 2212 1571 est
2239 1504 2554 1584 infanteS,

1000 1623 1064 1682 et
1095 1612 1463 1703 aliquando
1494 1620 1631 1679 tres
1663 1610 1870 1680 simul
1919 1612 2120 1679 enixa
2156 1620 2257 1681 est
2293 1612 2560 1704 gemel-

1000 1721 1124 1789 los.
1161 1718 1238 1785 In
1280 1741 1875 1811 quarumcumque
1916 1719 2099 1787 enim
2156 1721 2556 1812 corporibus

997 1836 1155 1896 sunt
1184 1826 1624 1897 humiditates
1671 1828 2034 1918 superssuae
2097 1828 2353 1907 multae,
2390 1837 2454 1897 et
2484 1830 2556 1897 in

998 1935 1129 2003 illis
1186 1935 1566 2003 secundum
1630 1935 2085 2027 quantitatem
2124 1934 2395 2003 illarum
2435 1959 2558 2003 su-

999 2043 1461 2131 perfluitatum
1493 2041 1580 2109 ad
1618 2041 2073 2109 substantiam
2095 2063 2552 2110 mammarum

999 2151 1401 2218 directarum
1476 2150 1550 2219 fit
1606 2149 1898 2218 elevatio
1970 2158 2037 2218 et
2066 2172 2547 2232 mammarum,

999 2293 1355 2362 quousque
1389 2271 1790 2361 perveniant
1819 2270 1905 2338 ad
1943 2271 2390 2361 quantitatem
2421 2269 2554 2336 dis-

994 2378 1351 2468 positionis
1390 2387 1458 2445 et
1485 2378 1935 2469 longitudinis
1968 2379 2036 2445 in
2067 2401 2201 2468 qua
2229 2378 2552 2468 frangun-

993 2495 1103 2554 tur
1122 2494 1188 2555 et
1207 2485 1620 2579 subiguntur
1630 2496 1698 2555 et
1717 2486 2154 2555 dimittuntur
2172 2487 2553 2577 dependen-

991 2603 1089 2662 tes
1110 2594 1422 2663 inserius:
1450 2603 1607 2685 post
1637 2594 1808 2662 illud
1830 2595 2013 2663 enim
2053 2603 2183 2663 stat
2200 2596 2552 2687 {equaliter

988 2700 1245 2768 elevata
1276 2700 1607 2779 mamilla,
1642 2709 1710 2769 et
1741 2700 2190 2769 remanebunt
2227 2710 2380 2793 post
2416 2700 2550 2772 hoc

992 2808 1312 2876 mamillae
1388 2831 1661 2900 semper
1727 2811 1798 2876 in
1864 2832 2003 2877 una
2076 2810 2542 2900 dispositione.

990 2916 1158 2995 Quae
1199 2924 1429 2985 autem
1468 2917 1827 3008 pauciores
1865 2915 2122 2986 habent
2167 2916 2549 2986 humidita-

995 3031 1119 3100 tes,
1189 3022 1538 3113 parviores
1593 3024 1803 3091 etiam
1843 3020 2100 3091 habent
2164 3047 2542 3092 mammas:

993 3136 1056 3196 et
1097 3151 1248 3219 quae
1287 3151 1370 3197 ex
1438 3128 1670 3221 aliqua
1736 3131 2093 3199 occasione
2132 3153 2378 3199 venam
2422 3130 2553 3199 ha·-

992 3235 1151 3304 bent
1182 3236 1627 3317 obstructam,
1670 3245 1742 3306 et
1767 3246 2043 3307 caeteras
2083 3239 2229 3307 vias
2285 3238 2549 3308 clausas

991 3366 1110 3435 per
1137 3367 1305 3435 quas
1334 3342 1780 3413 humiditates
1810 3345 2191 3416 redundant
2220 3347 2306 3414 ad
2336 3371 2552 3414 mam-

994 3474 1164 3535 mas,
1224 3460 1290 3519 et
1329 3451 1686 3521 inferiores
1751 3453 1977 3522 vulvae
2026 3455 2175 3521 vias
2254 3455 2547 3523 multum

992 3555 1247 3625 liabent
1283 3556 1548 3648 amplas
1583 3580 1709 3649 per
1738 3581 1909 3649 quas
1947 3559 2206 3628 multus
2225 3561 2552 3630 velociter

991 3664 1223 3731 effluat
1259 3661 1538 3747 humor,
1609 3665 1785 3735 forte
1838 3666 2094 3735 nullius
2142 3678 2257 3736 aut
2324 3691 2549 3759 parvae

994 3772 1392 3863 quantitatis
1459 3771 1716 3842 habent
1776 3775 2139 3844 mamillas.
2221 3776 2552 3847 Similiter

992 3889 1247 3960 autem,
1290 3880 1444 3950 licet
1486 3904 1625 3950 non
1696 3890 1988 3962 tantum,
2059 3894 2158 3953 est
2216 3887 2420 3953 etiam
2481 3888 2551 3954 in

995 3988 1393 4079 corporibus
1457 3992 1800 4059 marium:
1845 3994 2304 4084 quorumdam
2368 3998 2550 4063 enim

996 4104 1152 4162 sunt
1194 4096 1513 4167 mamilla}
1568 4097 1770 4168 valde
1825 4109 2169 4171 tumentes
2233 4111 2299 4170 et
2337 4126 2554 4194 appa-

994 4211 1218 4271 rentes
1253 4213 1531 4297 propter
1577 4205 1872 4275 multum
1927 4206 2289 4278 humidum
2368 4211 2555 4302 quod

996 4322 1097 4380 est
1127 4312 1196 4379 in
1226 4313 1630 4404 corporibus
1668 4338 1952 4385 eorum:
2006 4326 2073 4386 et
2118 4317 2366 4387 horum
2396 4342 2557 4388 cor-

997 4443 1163 4512 pora
1191 4421 1583 4513 frequenter
1636 4434 1797 4495 sunt
1853 4426 2030 4495 levia
2077 4438 2142 4499 et
2208 4428 2441 4498 mollia
2489 4440 2556 4498 et

995 4552 1186 4598 venae
1227 4531 1507 4601 occultae
1545 4542 1828 4624 propter
1890 4535 2327 4628 frigiditatem
2394 4563 2556 4609 cor-

997 4637 1181 4728 poris
1236 4661 1500 4723 eorum,
1578 4649 1648 4709 et
1704 4650 1868 4710 sunt
1921 4644 2246 4712 mamillae
2313 4669 2551 4715 eorum

996 4745 1195 4815 valde
1233 4746 1494 4816 similes
1533 4750 1857 4819 mamillis
1911 4752 2322 4844 puellarum,
2381 4780 2559 4847 qua-

1002 4875 1152 4920 rum
1196 4876 1401 4944 poma
1468 4856 1934 4926 mamillarum
1967 4860 2116 4950 jam
2179 4871 2556 4934 tumescere

1001 4961 1380 5051 incipiunt:
1424 4970 1490 5032 et
1534 4962 1669 5033 hoc
1720 4966 1960 5036 accidit
1990 4967 2358 5060 aliquando
2410 4974 2560 5062 pin-

1000 5068 1248 5158 guibus
1304 5071 1526 5160 magis
1563 5093 1775 5162 quam
1830 5072 2031 5142 aliis:
2103 5081 2429 5167 quoniam
2490 5081 2558 5148 in

1000 5174 1256 5243 talibus
1285 5185 1385 5244 est
1418 5175 1795 5247 humiditas
1835 5189 2101 5251 terrena
2130 5208 2368 5276 grossa
2406 5211 2558 5279 quae

992 5281 1088 5350 ad
1130 5283 1475 5353 mamillas
1513 5284 1886 5356 derivatur.

4095 485 4226 552 499

3203 1515 3498 1587 CAPUT
3539 1519 3625 1586 ΙΙ.

2658 2268 2762 2335 De
2791 2269 3137 2360 principio
3172 2274 3632 2360 qmzeralionis
3659 2275 3851 2364 quod
3893 2287 3991 2343 est
4025 2301 4220 2368 sper-

2747 2399 2862 2442 ma
2892 2387 3247 2445 maturum
3275 2379 3456 2447 circa
3480 2382 3885 2470 viqesimum
3903 2386 4214 2473 prt’mmn

2748 2506 3010 2551 annum
3035 2488 3541 2574 qenerante'um.

2750 3338 3038 3430 Sperma
3066 3362 3230 3408 vero
3262 3342 3447 3431 quod
3475 3345 3891 3413 conveniens
3921 3346 4219 3417 esttilio-

2659 3469 2811 3514 rum
2849 3449 3336 3537 generationis,
3369 3459 3468 3518 est
3511 3450 3675 3519 illud
3706 3454 3891 3542 quod
3923 3463 4024 3522 est
4072 3456 4219 3524 suf-

2658 3553 2966 3621 ficienter
3027 3552 3426 3624 decoctum:
3495 3567 3561 3626 et
3585 3555 3717 3627 hoc
3790 3561 4108 3653 estquod
4149 3563 4217 3629 in

2658 3664 2857 3729 tertio
2898 3662 3177 3732 distillat
3197 3666 3580 3755 septennio,
3607 3665 3738 3735 hoc
3767 3677 3893 3747 est,
3925 3670 3994 3736 in
4037 3693 4219 3738 anno

2658 3771 2993 3860 vigesimo
3027 3773 3248 3862 primo
3313 3796 3353 3841 a
3383 3774 3737 3845 nativitate
3780 3779 4213 3868 generantis:

2660 3886 2818 3944 ante
2883 3875 3016 3945 hoc
3082 3878 3267 3945 enim
3319 3888 3590 3970 tenipus
3647 3892 3723 3949 ut
3789 3884 3855 3950 in
3913 3884 4224 3974 pluribus

2661 4006 2804 4049 nun
2831 3991 2932 4052 est
2959 4006 3228 4074 sperma
3251 3986 3587 4077 complete
3616 3987 3875 4058 habens
3899 3992 4223 4060 virtutem

2661 4089 3032 4181 generandi
3087 4090 3464 4181 perfectum
3519 4095 3781 4186 aliquid
3848 4096 3917 4163 in
3973 4120 4223 4189 genere

2664 4199 2966 4268 humano
3015 4222 3031 4267 ε
3067 4202 3226 4292 quia
3281 4207 3597 4295 quamvis
3627 4207 3695 4273 in
3735 4208 3984 4277 minori
4026 4217 4223 4278 oetate

2664 4319 3023 4400 parentum
3089 4322 3457 4402 generetur
3509 4314 3681 4384 forte
3747 4339 3835 4386 ex
3881 4327 4224 4410 spermate

2663 4438 2931 4496 eorum,
2973 4424 3207 4484 tamen
3244 4419 3313 4485 in
3344 4420 3530 4510 quod
3568 4432 3954 4511 generetur,
3989 4424 4064 4493 [it
4100 4425 4228 4494 de-

2666 4521 2799 4589 bile
2864 4528 2933 4589 et
2978 4522 3358 4603 infirmum,
3419 4547 3559 4594 non
3598 4529 3951 4620 complens
3997 4532 4230 4622 perio-

2667 4630 2831 4697 dum
2879 4629 3202 4699 humanae
3251 4632 3434 4701 vitae.
3484 4633 3782 4728 Tempus
3819 4648 4053 4707 autem
4100 4640 4229 4708 de-

2667 4739 3108 4807 terminatum
3141 4743 3391 4810 maturi
3448 4744 3733 4815 seminis
3798 4746 4041 4815 accidit
4087 4754 4230 4815 tam

2667 4847 2832 4914 viris
2861 4869 3070 4937 quam
3100 4847 3528 4931 mulieribus,
3596 4854 3773 4923 sicut
3799 4864 3868 4923 et
3895 4856 4050 4924 aliis
4077 4855 4237 4947 plu-

2671 4954 2858 5022 ribus
2886 4953 3324 5040 animalibus,
3384 4960 3708 5029 omnibus
3736 4963 3921 5030 enim
3961 4963 4229 5043 accidit,

2672 5086 2824 5154 qua·
2858 5063 3152 5153 perlecta
3181 5066 3557 5135 secundum
3625 5077 3878 5139 statum
3923 5072 4233 5163 corporis

2673 5179 2737 5238 et
2793 5171 3041 5238 animae
3107 5180 3267 5241 sunt
3331 5174 3680 5244 animalia.
3725 5175 3806 5244 In
3844 5177 3962 5246 tali
4003 5187 4233 5247 autem

2677 5286 2900 5361 aetate,
2944 5271 3298 5348 autetiam
3351 5291 3506 5352 ante
3557 5283 3764 5351 talem
3820 5292 4092 5354 aetatem
4134 5288 4239 5356 ci-

2675 5384 2812 5451 tius
2895 5385 3440 5477 impraegnantur
3518 5390 3909 5478 juvencula&
4000 5415 4236 5483 parvm

2677 5492 2938 5581 spissae,
3010 5514 3162 5584 quae
3229 5517 3624 5583 grossorum
3680 5506 3836 5565 sunt
3866 5521 4109 5567 renum
4177 5506 4242 5568 et

2679 5597 2975 5666 multum
3057 5608 3333 5691 turgent
3424 5602 3493 5670 in
3591 5604 3942 5686 mamillis,
4034 5626 4241 5696 quam

2679 5702 2831 5771 aliae
2864 5703 3211 5797 longiores
3239 5714 3305 5775 et
3343 5708 3713 5778 macriores
3760 5711 3906 5779 sive
3970 5710 4249 5779 tenuio-

2688 5835 2818 5880 res.
2883 5811 3025 5883 Sed
3077 5835 3235 5881 cum
3294 5815 3857 5907 impraegnantur,
3901 5816 4245 5887 dolentia
