<?xml version="1.0" encoding="UTF-8"?>
<!DOCTYPE html PUBLIC "-//W3C//DTD XHTML 1.0 Transitional//EN"
    "http://www.w3.org/TR/xhtml1/DTD/xhtml1-transitional.dtd">
<html xmlns="http://www.w3.org/1999/xhtml" xml:lang="en" lang="en">
 <head>
  <title>
</title>
<meta http-equiv="Content-Type" content="text/html;charset=utf-8" />
  <meta name='ocr-system' content='tesseract 3.04.00' />
  <meta name='ocr-capabilities' content='ocr_page ocr_carea ocr_par ocr_line ocrx_word'/>
</head>
<body>
  <div class='ocr_page' id='page_1' title='image "balbertimagnira01chgoog_0270.png"; bbox 0 0 4919 6371; ppageno 0'>
   <div class='ocr_carea' id='block_1_1' title="bbox 622 405 753 480">
    <p class='ocr_par' dir='ltr' id='par_1_1' title="bbox 622 405 753 480">
     <span class='ocr_line' id='line_1_1' title="bbox 622 405 753 480; baseline 0.053 -7"><span class='ocrx_word' id='word_1_1' title='bbox 622 405 753 480; x_wconf 75' lang='lat'>254</span> 
     </span>
    </p>
   </div>
   <div class='ocr_carea' id='block_1_2' title="bbox 562 564 2182 5799">
    <p class='ocr_par' dir='ltr' id='par_1_2' title="bbox 600 564 2182 2154">
     <span class='ocr_line' id='line_1_2' title="bbox 618 564 2182 657; baseline -0.004 -23"><span class='ocrx_word' id='word_1_2' title='bbox 618 596 798 652; x_wconf 75' lang='lat' dir='ltr'>rum,</span> <span class='ocrx_word' id='word_1_3' title='bbox 824 580 890 639; x_wconf 83' lang='lat' dir='ltr'>et</span> <span class='ocrx_word' id='word_1_4' title='bbox 920 566 1311 657; x_wconf 75' lang='lat' dir='ltr'>grossitudo</span> <span class='ocrx_word' id='word_1_5' title='bbox 1353 573 1418 630; x_wconf 86' lang='lat' dir='ltr'>et</span> <span class='ocrx_word' id='word_1_6' title='bbox 1477 567 1811 654; x_wconf 72' lang='lat' dir='ltr'>asperitas</span> <span class='ocrx_word' id='word_1_7' title='bbox 1846 564 2081 655; x_wconf 83' lang='lat' dir='ltr'>ipsius,</span> <span class='ocrx_word' id='word_1_8' title='bbox 2116 570 2182 628; x_wconf 90' lang='lat' dir='ltr'>et</span> 
     </span>
     <span class='ocr_line' id='line_1_3' title="bbox 621 672 2179 768; baseline -0.005 -23"><span class='ocrx_word' id='word_1_9' title='bbox 621 678 804 768; x_wconf 87' lang='lat' dir='ltr'>quod</span> <span class='ocrx_word' id='word_1_10' title='bbox 837 677 969 742; x_wconf 84' lang='lat' dir='ltr'>cito</span> <span class='ocrx_word' id='word_1_11' title='bbox 1015 675 1330 740; x_wconf 85' lang='lat' dir='ltr'>oriuntur</span> <span class='ocrx_word' id='word_1_12' title='bbox 1379 672 1494 760; x_wconf 87' lang='lat' dir='ltr'>pili</span> <span class='ocrx_word' id='word_1_13' title='bbox 1548 697 1752 762; x_wconf 75' lang='lat' dir='ltr'>super</span> <span class='ocrx_word' id='word_1_14' title='bbox 1802 676 2080 762; x_wconf 75' lang='lat' dir='ltr'>inguen,</span> <span class='ocrx_word' id='word_1_15' title='bbox 2115 679 2179 738; x_wconf 86' lang='lat' dir='ltr'>ct</span> 
     </span>
     <span class='ocr_line' id='line_1_4' title="bbox 621 780 2177 870; baseline -0.004 -20"><span class='ocrx_word' id='word_1_16' title='bbox 621 785 677 850; x_wconf 90' lang='lat' dir='ltr'>si</span> <span class='ocrx_word' id='word_1_17' title='bbox 710 789 870 851; x_wconf 88' lang='lat' dir='ltr'>sunt</span> <span class='ocrx_word' id='word_1_18' title='bbox 898 782 1117 869; x_wconf 83' lang='lat' dir='ltr'>asperi</span> <span class='ocrx_word' id='word_1_19' title='bbox 1168 780 1287 869; x_wconf 90' lang='lat' dir='ltr'>pili</span> <span class='ocrx_word' id='word_1_20' title='bbox 1337 789 1402 847; x_wconf 85' lang='lat' dir='ltr'>et</span> <span class='ocrx_word' id='word_1_21' title='bbox 1451 780 1742 856; x_wconf 88' lang='lat' dir='ltr'>multum</span> <span class='ocrx_word' id='word_1_22' title='bbox 1800 781 2043 870; x_wconf 79' lang='lat' dir='ltr'>crispi:</span> <span class='ocrx_word' id='word_1_23' title='bbox 2109 781 2177 844; x_wconf 93' lang='lat' dir='ltr'>in</span> 
     </span>
     <span class='ocr_line' id='line_1_5' title="bbox 617 888 2178 979; baseline -0.002 -23"><span class='ocrx_word' id='word_1_24' title='bbox 617 889 843 961; x_wconf 79' lang='lat' dir='ltr'>colore</span> <span class='ocrx_word' id='word_1_25' title='bbox 877 898 1102 965; x_wconf 81' lang='lat' dir='ltr'>tamen</span> <span class='ocrx_word' id='word_1_26' title='bbox 1144 888 1393 955; x_wconf 89' lang='lat' dir='ltr'>melius</span> <span class='ocrx_word' id='word_1_27' title='bbox 1435 889 1870 979; x_wconf 80' lang='lat' dir='ltr'>cognoscitur</span> <span class='ocrx_word' id='word_1_28' title='bbox 1910 891 1966 956; x_wconf 89' lang='lat' dir='ltr'>si</span> <span class='ocrx_word' id='word_1_29' title='bbox 2006 910 2178 977; x_wconf 82' lang='lat' dir='ltr'>pan-.</span> 
     </span>
     <span class='ocr_line' id='line_1_6' title="bbox 617 992 2175 1084; baseline -0.003 -22"><span class='ocrx_word' id='word_1_30' title='bbox 617 1018 705 1063; x_wconf 90' lang='lat' dir='ltr'>no</span> <span class='ocrx_word' id='word_1_31' title='bbox 736 994 1042 1084; x_wconf 77' lang='lat' dir='ltr'>capiatur</span> <span class='ocrx_word' id='word_1_32' title='bbox 1081 1002 1145 1062; x_wconf 87' lang='lat' dir='ltr'>et</span> <span class='ocrx_word' id='word_1_33' title='bbox 1175 995 1512 1074; x_wconf 80' lang='lat' dir='ltr'>videatur,</span> <span class='ocrx_word' id='word_1_34' title='bbox 1560 998 1615 1066; x_wconf 90' lang='lat' dir='ltr'>si</span> <span class='ocrx_word' id='word_1_35' title='bbox 1658 997 1841 1064; x_wconf 89' lang='lat' dir='ltr'>enim</span> <span class='ocrx_word' id='word_1_36' title='bbox 1895 1003 1998 1062; x_wconf 84' lang='lat' dir='ltr'>est</span> <span class='ocrx_word' id='word_1_37' title='bbox 2060 992 2175 1059; x_wconf 89' lang='lat' dir='ltr'>ali·</span> 
     </span>
     <span class='ocr_line' id='line_1_7' title="bbox 622 1100 2175 1191; baseline -0.004 -23"><span class='ocrx_word' id='word_1_38' title='bbox 622 1101 1025 1191; x_wconf 80' lang='lat' dir='ltr'>quantulum</span> <span class='ocrx_word' id='word_1_39' title='bbox 1084 1123 1405 1182; x_wconf 86' lang='lat' dir='ltr'>croceum</span> <span class='ocrx_word' id='word_1_40' title='bbox 1462 1110 1531 1169; x_wconf 83' lang='lat' dir='ltr'>et</span> <span class='ocrx_word' id='word_1_41' title='bbox 1583 1100 2025 1178; x_wconf 84' lang='lat' dir='ltr'>odoriferum,</span> <span class='ocrx_word' id='word_1_42' title='bbox 2074 1102 2175 1162; x_wconf 81' lang='lat' dir='ltr'>est</span> 
     </span>
     <span class='ocr_line' id='line_1_8' title="bbox 614 1205 2175 1291; baseline -0.004 -16"><span class='ocrx_word' id='word_1_43' title='bbox 614 1208 932 1287; x_wconf 82' lang='lat' dir='ltr'>calidum.</span> <span class='ocrx_word' id='word_1_44' title='bbox 971 1208 1328 1280; x_wconf 78' lang='lat' dir='ltr'>Contraria</span> <span class='ocrx_word' id='word_1_45' title='bbox 1386 1218 1619 1280; x_wconf 87' lang='lat' dir='ltr'>autem</span> <span class='ocrx_word' id='word_1_46' title='bbox 1659 1205 1905 1274; x_wconf 90' lang='lat' dir='ltr'>horum</span> <span class='ocrx_word' id='word_1_47' title='bbox 1948 1206 2175 1291; x_wconf 77' lang='lat' dir='ltr'>signo-</span> 
     </span>
     <span class='ocr_line' id='line_1_9' title="bbox 618 1310 2170 1407; baseline -0.005 -22"><span class='ocrx_word' id='word_1_48' title='bbox 618 1342 769 1398; x_wconf 84' lang='lat' dir='ltr'>rum</span> <span class='ocrx_word' id='word_1_49' title='bbox 817 1327 979 1397; x_wconf 81' lang='lat' dir='ltr'>sunt</span> <span class='ocrx_word' id='word_1_50' title='bbox 1023 1320 1221 1407; x_wconf 84' lang='lat' dir='ltr'>signa</span> <span class='ocrx_word' id='word_1_51' title='bbox 1258 1315 1754 1406; x_wconf 80' lang='lat' dir='ltr'>complexionis</span> <span class='ocrx_word' id='word_1_52' title='bbox 1794 1310 2052 1402; x_wconf 71' lang='lat' dir='ltr'>frigidm</span> <span class='ocrx_word' id='word_1_53' title='bbox 2105 1312 2170 1378; x_wconf 90' lang='lat' dir='ltr'>in</span> 
     </span>
     <span class='ocr_line' id='line_1_10' title="bbox 612 1417 2172 1515; baseline -0.008 -19"><span class='ocrx_word' id='word_1_54' title='bbox 612 1424 1069 1515; x_wconf 86' lang='lat' dir='ltr'>spermatibus</span> <span class='ocrx_word' id='word_1_55' title='bbox 1099 1424 1411 1500; x_wconf 81' lang='lat' dir='ltr'>omnium</span> <span class='ocrx_word' id='word_1_56' title='bbox 1452 1420 1879 1488; x_wconf 87' lang='lat' dir='ltr'>animalium.</span> <span class='ocrx_word' id='word_1_57' title='bbox 1931 1417 2005 1486; x_wconf 86' lang='lat' dir='ltr'>Si</span> <span class='ocrx_word' id='word_1_58' title='bbox 2044 1443 2172 1486; x_wconf 87' lang='lat' dir='ltr'>an-</span> 
     </span>
     <span class='ocr_line' id='line_1_11' title="bbox 613 1527 2170 1616; baseline -0.006 -16"><span class='ocrx_word' id='word_1_59' title='bbox 613 1543 749 1606; x_wconf 84' lang='lat' dir='ltr'>tem</span> <span class='ocrx_word' id='word_1_60' title='bbox 776 1529 1019 1613; x_wconf 67' lang='lat' dir='ltr'>debilis</span> <span class='ocrx_word' id='word_1_61' title='bbox 1060 1538 1127 1595; x_wconf 88' lang='lat' dir='ltr'>et</span> <span class='ocrx_word' id='word_1_62' title='bbox 1152 1527 1379 1595; x_wconf 86' lang='lat' dir='ltr'>mollis</span> <span class='ocrx_word' id='word_1_63' title='bbox 1429 1530 1515 1595; x_wconf 92' lang='lat' dir='ltr'>sit</span> <span class='ocrx_word' id='word_1_64' title='bbox 1555 1527 1806 1605; x_wconf 81' lang='lat' dir='ltr'>erectio</span> <span class='ocrx_word' id='word_1_65' title='bbox 1836 1528 2070 1616; x_wconf 60' lang='lat' dir='ltr'>virgae,</span> <span class='ocrx_word' id='word_1_66' title='bbox 2104 1533 2170 1592; x_wconf 87' lang='lat' dir='ltr'>et</span> 
     </span>
     <span class='ocr_line' id='line_1_12' title="bbox 611 1633 2169 1726; baseline -0.004 -22"><span class='ocrx_word' id='word_1_67' title='bbox 611 1637 699 1705; x_wconf 88' lang='lat' dir='ltr'>sit</span> <span class='ocrx_word' id='word_1_68' title='bbox 726 1658 998 1726; x_wconf 78' lang='lat' dir='ltr'>sperma</span> <span class='ocrx_word' id='word_1_69' title='bbox 1026 1633 1277 1702; x_wconf 76' lang='lat' dir='ltr'>subtile</span> <span class='ocrx_word' id='word_1_70' title='bbox 1320 1644 1388 1703; x_wconf 91' lang='lat' dir='ltr'>et</span> <span class='ocrx_word' id='word_1_71' title='bbox 1417 1634 1740 1720; x_wconf 87' lang='lat' dir='ltr'>multum,</span> <span class='ocrx_word' id='word_1_72' title='bbox 1765 1635 2039 1724; x_wconf 84' lang='lat' dir='ltr'>signum</span> <span class='ocrx_word' id='word_1_73' title='bbox 2068 1640 2169 1698; x_wconf 87' lang='lat' dir='ltr'>est</span> 
     </span>
     <span class='ocr_line' id='line_1_13' title="bbox 609 1740 2160 1834; baseline -0.007 -18"><span class='ocrx_word' id='word_1_74' title='bbox 609 1742 739 1827; x_wconf 72' lang='lat' dir='ltr'>buc</span> <span class='ocrx_word' id='word_1_75' title='bbox 777 1766 1049 1834; x_wconf 83' lang='lat' dir='ltr'>sperma</span> <span class='ocrx_word' id='word_1_76' title='bbox 1095 1766 1244 1816; x_wconf 83' lang='lat' dir='ltr'>esse</span> <span class='ocrx_word' id='word_1_77' title='bbox 1303 1743 1803 1833; x_wconf 74' lang='lat' dir='ltr'>complexionis</span> <span class='ocrx_word' id='word_1_78' title='bbox 1840 1740 2160 1822; x_wconf 62' lang='lat' dir='ltr'>humidae.</span> 
     </span>
     <span class='ocr_line' id='line_1_14' title="bbox 610 1851 2167 1942; baseline -0.003 -22"><span class='ocrx_word' id='word_1_79' title='bbox 610 1853 963 1927; x_wconf 76' lang='lat' dir='ltr'>Contraria</span> <span class='ocrx_word' id='word_1_80' title='bbox 1001 1862 1230 1929; x_wconf 85' lang='lat' dir='ltr'>autem</span> <span class='ocrx_word' id='word_1_81' title='bbox 1270 1851 1546 1934; x_wconf 85' lang='lat' dir='ltr'>horum,</span> <span class='ocrx_word' id='word_1_82' title='bbox 1580 1860 1648 1926; x_wconf 82' lang='lat' dir='ltr'>et</span> <span class='ocrx_word' id='word_1_83' title='bbox 1678 1851 1951 1942; x_wconf 81' lang='lat' dir='ltr'>qnando</span> <span class='ocrx_word' id='word_1_84' title='bbox 1980 1870 2167 1939; x_wconf 81' lang='lat' dir='ltr'>egre-</span> 
     </span>
     <span class='ocr_line' id='line_1_15' title="bbox 600 1955 2163 2049; baseline 0.003 -24"><span class='ocrx_word' id='word_1_85' title='bbox 600 1957 784 2036; x_wconf 84' lang='lat' dir='ltr'>ditur</span> <span class='ocrx_word' id='word_1_86' title='bbox 800 1980 1071 2048; x_wconf 77' lang='lat' dir='ltr'>sperma</span> <span class='ocrx_word' id='word_1_87' title='bbox 1113 1958 1413 2037; x_wconf 74' lang='lat' dir='ltr'>iilosum,</span> <span class='ocrx_word' id='word_1_88' title='bbox 1448 1968 1609 2032; x_wconf 85' lang='lat' dir='ltr'>sunt</span> <span class='ocrx_word' id='word_1_89' title='bbox 1640 1961 1834 2049; x_wconf 85' lang='lat' dir='ltr'>signa</span> <span class='ocrx_word' id='word_1_90' title='bbox 1868 1955 2163 2047; x_wconf 77' lang='lat' dir='ltr'>complc-</span> 
     </span>
     <span class='ocr_line' id='line_1_16' title="bbox 600 2065 1564 2154; baseline 0 -22"><span class='ocrx_word' id='word_1_91' title='bbox 600 2065 828 2142; x_wconf 84' lang='lat' dir='ltr'>xionis</span> <span class='ocrx_word' id='word_1_92' title='bbox 864 2066 1059 2135; x_wconf 78' lang='lat' dir='ltr'>siocae</span> <span class='ocrx_word' id='word_1_93' title='bbox 1088 2067 1159 2145; x_wconf 88' lang='lat' dir='ltr'>in</span> <span class='ocrx_word' id='word_1_94' title='bbox 1197 2075 1564 2154; x_wconf 80' lang='lat' dir='ltr'>spermate.</span> 
     </span>
    </p>

    <p class='ocr_par' dir='ltr' id='par_1_3' title="bbox 562 2168 2157 5799">
     <span class='ocr_line' id='line_1_17' title="bbox 688 2168 2157 2263; baseline 0 -23"><span class='ocrx_word' id='word_1_95' title='bbox 688 2171 1215 2263; x_wconf 71' lang='lat' dir='ltr'>Complexiones</span> <span class='ocrx_word' id='word_1_96' title='bbox 1280 2174 1680 2263; x_wconf 64' lang='lat' dir='ltr'>compositae</span> <span class='ocrx_word' id='word_1_97' title='bbox 1750 2196 1833 2243; x_wconf 82' lang='lat' dir='ltr'>ex</span> <span class='ocrx_word' id='word_1_98' title='bbox 1895 2168 2157 2249; x_wconf 80' lang='lat' dir='ltr'>duabus</span> 
     </span>
     <span class='ocr_line' id='line_1_18' title="bbox 599 2277 2156 2369; baseline 0.001 -25"><span class='ocrx_word' id='word_1_99' title='bbox 599 2278 1041 2369; x_wconf 68' lang='lat' dir='ltr'>qualitatibus</span> <span class='ocrx_word' id='word_1_100' title='bbox 1074 2281 1141 2345; x_wconf 91' lang='lat' dir='ltr'>in</span> <span class='ocrx_word' id='word_1_101' title='bbox 1181 2286 1548 2368; x_wconf 83' lang='lat' dir='ltr'>spermate,</span> <span class='ocrx_word' id='word_1_102' title='bbox 1598 2288 1758 2347; x_wconf 90' lang='lat' dir='ltr'>sunt</span> <span class='ocrx_word' id='word_1_103' title='bbox 1813 2277 2028 2357; x_wconf 71' lang='lat' dir='ltr'>calida</span> <span class='ocrx_word' id='word_1_104' title='bbox 2092 2284 2156 2345; x_wconf 89' lang='lat' dir='ltr'>et</span> 
     </span>
     <span class='ocr_line' id='line_1_19' title="bbox 598 2384 2153 2477; baseline -0.001 -25"><span class='ocrx_word' id='word_1_105' title='bbox 598 2386 798 2469; x_wconf 59' lang='lat' dir='ltr'>sicca,</span> <span class='ocrx_word' id='word_1_106' title='bbox 832 2385 1051 2464; x_wconf 79' lang='lat' dir='ltr'>calida</span> <span class='ocrx_word' id='word_1_107' title='bbox 1087 2394 1155 2453; x_wconf 86' lang='lat' dir='ltr'>et</span> <span class='ocrx_word' id='word_1_108' title='bbox 1185 2384 1493 2464; x_wconf 74' lang='lat' dir='ltr'>humida,</span> <span class='ocrx_word' id='word_1_109' title='bbox 1548 2385 1792 2477; x_wconf 65' lang='lat' dir='ltr'>frigida</span> <span class='ocrx_word' id='word_1_110' title='bbox 1823 2393 1890 2455; x_wconf 88' lang='lat' dir='ltr'>et</span> <span class='ocrx_word' id='word_1_111' title='bbox 1917 2384 2153 2453; x_wconf 87' lang='lat' dir='ltr'>humi-</span> 
     </span>
     <span class='ocr_line' id='line_1_20' title="bbox 598 2492 2155 2585; baseline 0.002 -21"><span class='ocrx_word' id='word_1_112' title='bbox 598 2492 708 2575; x_wconf 85' lang='lat' dir='ltr'>da,</span> <span class='ocrx_word' id='word_1_113' title='bbox 738 2493 986 2585; x_wconf 76' lang='lat' dir='ltr'>frigida</span> <span class='ocrx_word' id='word_1_114' title='bbox 1015 2503 1080 2563; x_wconf 87' lang='lat' dir='ltr'>et</span> <span class='ocrx_word' id='word_1_115' title='bbox 1129 2494 1330 2573; x_wconf 82' lang='lat' dir='ltr'>sicca.</span> <span class='ocrx_word' id='word_1_116' title='bbox 1378 2493 1593 2585; x_wconf 77' lang='lat' dir='ltr'>Signa</span> <span class='ocrx_word' id='word_1_117' title='bbox 1638 2518 1804 2568; x_wconf 77' lang='lat' dir='ltr'>vero</span> <span class='ocrx_word' id='word_1_118' title='bbox 1852 2492 2049 2569; x_wconf 74' lang='lat' dir='ltr'>calidi</span> <span class='ocrx_word' id='word_1_119' title='bbox 2089 2500 2155 2567; x_wconf 74' lang='lat' dir='ltr'>ct</span> 
     </span>
     <span class='ocr_line' id='line_1_21' title="bbox 592 2602 2150 2694; baseline 0.004 -27"><span class='ocrx_word' id='word_1_120' title='bbox 592 2602 752 2670; x_wconf 86' lang='lat' dir='ltr'>sicci</span> <span class='ocrx_word' id='word_1_121' title='bbox 812 2611 995 2681; x_wconf 81' lang='lat' dir='ltr'>sunt,</span> <span class='ocrx_word' id='word_1_122' title='bbox 1050 2602 1325 2694; x_wconf 84' lang='lat' dir='ltr'>quando</span> <span class='ocrx_word' id='word_1_123' title='bbox 1381 2613 1481 2672; x_wconf 84' lang='lat' dir='ltr'>est</span> <span class='ocrx_word' id='word_1_124' title='bbox 1520 2625 1791 2693; x_wconf 83' lang='lat' dir='ltr'>sperma</span> <span class='ocrx_word' id='word_1_125' title='bbox 1857 2602 2150 2678; x_wconf 76' lang='lat' dir='ltr'>multum</span> 
     </span>
     <span class='ocr_line' id='line_1_22' title="bbox 591 2709 2154 2801; baseline -0.001 -19"><span class='ocrx_word' id='word_1_126' title='bbox 591 2712 887 2800; x_wconf 75' lang='lat' dir='ltr'>spissum</span> <span class='ocrx_word' id='word_1_127' title='bbox 923 2712 994 2784; x_wconf 86' lang='lat' dir='ltr'>iu</span> <span class='ocrx_word' id='word_1_128' title='bbox 1024 2710 1429 2789; x_wconf 79' lang='lat' dir='ltr'>substantia,</span> <span class='ocrx_word' id='word_1_129' title='bbox 1466 2720 1529 2779; x_wconf 87' lang='lat' dir='ltr'>et</span> <span class='ocrx_word' id='word_1_130' title='bbox 1575 2710 1850 2801; x_wconf 79' lang='lat' dir='ltr'>quando</span> <span class='ocrx_word' id='word_1_131' title='bbox 1895 2709 2154 2783; x_wconf 74' lang='lat' dir='ltr'>deside·</span> 
     </span>
     <span class='ocr_line' id='line_1_23' title="bbox 597 2817 2151 2909; baseline 0.001 -23"><span class='ocrx_word' id='word_1_132' title='bbox 597 2825 787 2894; x_wconf 82' lang='lat' dir='ltr'>ratur</span> <span class='ocrx_word' id='word_1_133' title='bbox 821 2819 1041 2896; x_wconf 76' lang='lat' dir='ltr'>coitus</span> <span class='ocrx_word' id='word_1_134' title='bbox 1082 2820 1150 2889; x_wconf 91' lang='lat' dir='ltr'>in</span> <span class='ocrx_word' id='word_1_135' title='bbox 1184 2817 1486 2909; x_wconf 77' lang='lat' dir='ltr'>qualibet</span> <span class='ocrx_word' id='word_1_136' title='bbox 1527 2819 1819 2885; x_wconf 61' lang='lat' dir='ltr'>immina}</span> <span class='ocrx_word' id='word_1_137' title='bbox 1850 2840 2151 2907; x_wconf 77' lang='lat' dir='ltr'>praesen·</span> 
     </span>
     <span class='ocr_line' id='line_1_24' title="bbox 595 2923 2150 3016; baseline -0.001 -25"><span class='ocrx_word' id='word_1_138' title='bbox 595 2924 715 3008; x_wconf 81' lang='lat' dir='ltr'>tia,</span> <span class='ocrx_word' id='word_1_139' title='bbox 766 2930 833 2992; x_wconf 90' lang='lat' dir='ltr'>et</span> <span class='ocrx_word' id='word_1_140' title='bbox 887 2925 1076 3016; x_wconf 84' lang='lat' dir='ltr'>quod</span> <span class='ocrx_word' id='word_1_141' title='bbox 1131 2923 1522 3016; x_wconf 73' lang='lat' dir='ltr'>frequenter</span> <span class='ocrx_word' id='word_1_142' title='bbox 1580 2926 1983 3016; x_wconf 81' lang='lat' dir='ltr'>impraegnat</span> <span class='ocrx_word' id='word_1_143' title='bbox 2037 2945 2150 2996; x_wconf 79' lang='lat' dir='ltr'>eas</span> 
     </span>
     <span class='ocr_line' id='line_1_25' title="bbox 590 3031 2151 3121; baseline -0.001 -23"><span class='ocrx_word' id='word_1_144' title='bbox 590 3052 747 3108; x_wconf 84' lang='lat' dir='ltr'>cum</span> <span class='ocrx_word' id='word_1_145' title='bbox 778 3031 1028 3121; x_wconf 84' lang='lat' dir='ltr'>quibus</span> <span class='ocrx_word' id='word_1_146' title='bbox 1058 3033 1219 3109; x_wconf 86' lang='lat' dir='ltr'>coit,</span> <span class='ocrx_word' id='word_1_147' title='bbox 1280 3040 1345 3098; x_wconf 85' lang='lat' dir='ltr'>et</span> <span class='ocrx_word' id='word_1_148' title='bbox 1388 3031 1571 3121; x_wconf 84' lang='lat' dir='ltr'>quod</span> <span class='ocrx_word' id='word_1_149' title='bbox 1616 3031 1987 3121; x_wconf 85' lang='lat' dir='ltr'>plurimum</span> <span class='ocrx_word' id='word_1_150' title='bbox 2028 3056 2151 3120; x_wconf 71' lang='lat' dir='ltr'>ge·-</span> 
     </span>
     <span class='ocr_line' id='line_1_26' title="bbox 589 3138 2147 3232; baseline 0.001 -26"><span class='ocrx_word' id='word_1_151' title='bbox 589 3147 782 3218; x_wconf 80' lang='lat' dir='ltr'>nerat</span> <span class='ocrx_word' id='word_1_152' title='bbox 825 3139 1044 3215; x_wconf 80' lang='lat' dir='ltr'>tilius:</span> <span class='ocrx_word' id='word_1_153' title='bbox 1115 3149 1179 3214; x_wconf 82' lang='lat' dir='ltr'>et</span> <span class='ocrx_word' id='word_1_154' title='bbox 1229 3139 1506 3232; x_wconf 84' lang='lat' dir='ltr'>quando</span> <span class='ocrx_word' id='word_1_155' title='bbox 1565 3138 1977 3211; x_wconf 80' lang='lat' dir='ltr'>desiderium</span> <span class='ocrx_word' id='word_1_156' title='bbox 2047 3145 2147 3207; x_wconf 87' lang='lat' dir='ltr'>est</span> 
     </span>
     <span class='ocr_line' id='line_1_27' title="bbox 586 3245 2148 3326; baseline 0 -8"><span class='ocrx_word' id='word_1_157' title='bbox 586 3247 785 3325; x_wconf 78' lang='lat' dir='ltr'>valde</span> <span class='ocrx_word' id='word_1_158' title='bbox 805 3245 1201 3326; x_wconf 75' lang='lat' dir='ltr'>vehemens,</span> <span class='ocrx_word' id='word_1_159' title='bbox 1251 3256 1317 3316; x_wconf 87' lang='lat' dir='ltr'>et</span> <span class='ocrx_word' id='word_1_160' title='bbox 1364 3249 1569 3316; x_wconf 77' lang='lat' dir='ltr'>velox</span> <span class='ocrx_word' id='word_1_161' title='bbox 1622 3248 1869 3325; x_wconf 81' lang='lat' dir='ltr'>coitus,</span> <span class='ocrx_word' id='word_1_162' title='bbox 1920 3253 1984 3317; x_wconf 86' lang='lat' dir='ltr'>et</span> <span class='ocrx_word' id='word_1_163' title='bbox 2015 3245 2148 3318; x_wconf 77' lang='lat' dir='ltr'>vii·-</span> 
     </span>
     <span class='ocr_line' id='line_1_28' title="bbox 585 3353 2148 3445; baseline -0.002 -22"><span class='ocrx_word' id='word_1_164' title='bbox 585 3378 689 3445; x_wconf 79' lang='lat' dir='ltr'>gae</span> <span class='ocrx_word' id='word_1_165' title='bbox 726 3356 977 3433; x_wconf 82' lang='lat' dir='ltr'>erectio</span> <span class='ocrx_word' id='word_1_166' title='bbox 1045 3355 1238 3427; x_wconf 76' lang='lat' dir='ltr'>sortis</span> <span class='ocrx_word' id='word_1_167' title='bbox 1301 3364 1365 3424; x_wconf 83' lang='lat' dir='ltr'>rt</span> <span class='ocrx_word' id='word_1_168' title='bbox 1434 3356 1680 3444; x_wconf 80' lang='lat' dir='ltr'>rigoris</span> <span class='ocrx_word' id='word_1_169' title='bbox 1744 3353 2004 3442; x_wconf 72' lang='lat' dir='ltr'>inegni,</span> <span class='ocrx_word' id='word_1_170' title='bbox 2081 3360 2148 3427; x_wconf 79' lang='lat' dir='ltr'>et</span> 
     </span>
     <span class='ocr_line' id='line_1_29' title="bbox 587 3462 2149 3555; baseline 0.002 -22"><span class='ocrx_word' id='word_1_171' title='bbox 587 3463 771 3554; x_wconf 86' lang='lat' dir='ltr'>quod</span> <span class='ocrx_word' id='word_1_172' title='bbox 800 3463 1175 3555; x_wconf 86' lang='lat' dir='ltr'>aliquando</span> <span class='ocrx_word' id='word_1_173' title='bbox 1213 3464 1302 3534; x_wconf 90' lang='lat' dir='ltr'>sit</span> <span class='ocrx_word' id='word_1_174' title='bbox 1328 3466 1674 3555; x_wconf 73' lang='lat' dir='ltr'>impotens,</span> <span class='ocrx_word' id='word_1_175' title='bbox 1703 3462 1788 3536; x_wconf 79' lang='lat' dir='ltr'>ad</span> <span class='ocrx_word' id='word_1_176' title='bbox 1826 3462 2149 3541; x_wconf 78' lang='lat' dir='ltr'>emitten-</span> 
     </span>
     <span class='ocr_line' id='line_1_30' title="bbox 584 3569 2150 3661; baseline 0 -18"><span class='ocrx_word' id='word_1_177' title='bbox 584 3574 748 3643; x_wconf 91' lang='lat' dir='ltr'>dum</span> <span class='ocrx_word' id='word_1_178' title='bbox 786 3574 854 3647; x_wconf 91' lang='lat' dir='ltr'>in</span> <span class='ocrx_word' id='word_1_179' title='bbox 885 3574 1070 3646; x_wconf 85' lang='lat' dir='ltr'>coitu</span> <span class='ocrx_word' id='word_1_180' title='bbox 1114 3572 1268 3649; x_wconf 85' lang='lat' dir='ltr'>licet</span> <span class='ocrx_word' id='word_1_181' title='bbox 1311 3574 1602 3661; x_wconf 72' lang='lat' dir='ltr'>rigescat</span> <span class='ocrx_word' id='word_1_182' title='bbox 1652 3573 1871 3661; x_wconf 75' lang='lat' dir='ltr'>virge.</span> <span class='ocrx_word' id='word_1_183' title='bbox 1917 3569 1992 3645; x_wconf 82' lang='lat' dir='ltr'>Si</span> <span class='ocrx_word' id='word_1_184' title='bbox 2032 3593 2150 3647; x_wconf 72' lang='lat' dir='ltr'>eu·</span> 
     </span>
     <span class='ocr_line' id='line_1_31' title="bbox 580 3676 2149 3771; baseline 0 -18"><span class='ocrx_word' id='word_1_185' title='bbox 580 3691 721 3759; x_wconf 75' lang='lat' dir='ltr'>teni</span> <span class='ocrx_word' id='word_1_186' title='bbox 786 3681 1133 3771; x_wconf 65' lang='lat' dir='ltr'>superflue</span> <span class='ocrx_word' id='word_1_187' title='bbox 1190 3681 1282 3753; x_wconf 75' lang='lat' dir='ltr'>sit</span> <span class='ocrx_word' id='word_1_188' title='bbox 1333 3679 1673 3757; x_wconf 68' lang='lat' dir='ltr'>excedens</span> <span class='ocrx_word' id='word_1_189' title='bbox 1718 3676 2028 3760; x_wconf 59' lang='lat' dir='ltr'>caliditas</span> <span class='ocrx_word' id='word_1_190' title='bbox 2083 3683 2149 3753; x_wconf 73' lang='lat' dir='ltr'>ot</span> 
     </span>
     <span class='ocr_line' id='line_1_32' title="bbox 577 3784 2148 3879; baseline 0 -21"><span class='ocrx_word' id='word_1_191' title='bbox 577 3789 871 3873; x_wconf 65' lang='lat' dir='ltr'>siccitas,</span> <span class='ocrx_word' id='word_1_192' title='bbox 917 3788 991 3858; x_wconf 84' lang='lat' dir='ltr'>in</span> <span class='ocrx_word' id='word_1_193' title='bbox 1044 3788 1379 3879; x_wconf 78' lang='lat' dir='ltr'>principio</span> <span class='ocrx_word' id='word_1_194' title='bbox 1446 3786 1755 3869; x_wconf 68' lang='lat' dir='ltr'>libidinis</span> <span class='ocrx_word' id='word_1_195' title='bbox 1803 3784 1893 3858; x_wconf 83' lang='lat' dir='ltr'>ad</span> <span class='ocrx_word' id='word_1_196' title='bbox 1948 3805 2148 3876; x_wconf 48' lang='lat' dir='ltr'>ospes</span> 
     </span>
     <span class='ocr_line' id='line_1_33' title="bbox 582 3894 2149 3985; baseline -0.004 -15"><span class='ocrx_word' id='word_1_197' title='bbox 582 3903 769 3973; x_wconf 72' lang='lat' dir='ltr'>etum</span> <span class='ocrx_word' id='word_1_198' title='bbox 798 3894 1096 3977; x_wconf 64' lang='lat' dir='ltr'>imminue</span> <span class='ocrx_word' id='word_1_199' title='bbox 1149 3894 1401 3970; x_wconf 84' lang='lat' dir='ltr'>emittit</span> <span class='ocrx_word' id='word_1_200' title='bbox 1465 3917 1711 3985; x_wconf 77' lang='lat' dir='ltr'>parum</span> <span class='ocrx_word' id='word_1_201' title='bbox 1763 3914 1959 3984; x_wconf 64' lang='lat' dir='ltr'>aquae</span> <span class='ocrx_word' id='word_1_202' title='bbox 1998 3912 2149 3982; x_wconf 69' lang='lat' dir='ltr'>qum</span> 
     </span>
     <span class='ocr_line' id='line_1_34' title="bbox 582 3999 2149 4092; baseline -0.001 -24"><span class='ocrx_word' id='word_1_203' title='bbox 582 4024 721 4080; x_wconf 85' lang='lat' dir='ltr'>non</span> <span class='ocrx_word' id='word_1_204' title='bbox 754 4010 857 4069; x_wconf 88' lang='lat' dir='ltr'>est</span> <span class='ocrx_word' id='word_1_205' title='bbox 887 4024 1185 4092; x_wconf 82' lang='lat' dir='ltr'>sperma,</span> <span class='ocrx_word' id='word_1_206' title='bbox 1217 4009 1286 4069; x_wconf 84' lang='lat' dir='ltr'>et</span> <span class='ocrx_word' id='word_1_207' title='bbox 1349 4000 1533 4091; x_wconf 79' lang='lat' dir='ltr'>quud</span> <span class='ocrx_word' id='word_1_208' title='bbox 1574 3999 1691 4090; x_wconf 89' lang='lat' dir='ltr'>pili</span> <span class='ocrx_word' id='word_1_209' title='bbox 1748 4006 1906 4073; x_wconf 86' lang='lat' dir='ltr'>sunt</span> <span class='ocrx_word' id='word_1_210' title='bbox 1946 4021 2149 4089; x_wconf 84' lang='lat' dir='ltr'>super</span> 
     </span>
     <span class='ocr_line' id='line_1_35' title="bbox 578 4105 2149 4199; baseline -0.002 -21"><span class='ocrx_word' id='word_1_211' title='bbox 578 4108 831 4179; x_wconf 68' lang='lat' dir='ltr'>anchus</span> <span class='ocrx_word' id='word_1_212' title='bbox 869 4117 939 4177; x_wconf 85' lang='lat' dir='ltr'>et</span> <span class='ocrx_word' id='word_1_213' title='bbox 966 4111 1222 4199; x_wconf 78' lang='lat' dir='ltr'>inguen</span> <span class='ocrx_word' id='word_1_214' title='bbox 1253 4108 1484 4198; x_wconf 75' lang='lat' dir='ltr'>spissi,</span> <span class='ocrx_word' id='word_1_215' title='bbox 1515 4108 1679 4197; x_wconf 83' lang='lat' dir='ltr'>quie</span> <span class='ocrx_word' id='word_1_216' title='bbox 1707 4105 1865 4181; x_wconf 80' lang='lat' dir='ltr'>licet</span> <span class='ocrx_word' id='word_1_217' title='bbox 1894 4107 1984 4181; x_wconf 81' lang='lat' dir='ltr'>sit</span> <span class='ocrx_word' id='word_1_218' title='bbox 2009 4106 2149 4177; x_wconf 76' lang='lat' dir='ltr'>sie.-</span> 
     </span>
     <span class='ocr_line' id='line_1_36' title="bbox 578 4213 2150 4306; baseline 0.003 -24"><span class='ocrx_word' id='word_1_219' title='bbox 578 4216 746 4291; x_wconf 69' lang='lat' dir='ltr'>citas</span> <span class='ocrx_word' id='word_1_220' title='bbox 773 4239 930 4290; x_wconf 83' lang='lat' dir='ltr'>cum</span> <span class='ocrx_word' id='word_1_221' title='bbox 965 4215 1338 4295; x_wconf 76' lang='lat' dir='ltr'>caliditate,</span> <span class='ocrx_word' id='word_1_222' title='bbox 1392 4223 1623 4287; x_wconf 83' lang='lat' dir='ltr'>tamen</span> <span class='ocrx_word' id='word_1_223' title='bbox 1662 4213 1852 4287; x_wconf 79' lang='lat' dir='ltr'>ealur</span> <span class='ocrx_word' id='word_1_224' title='bbox 1877 4236 2150 4306; x_wconf 75' lang='lat' dir='ltr'>semper</span> 
     </span>
     <span class='ocr_line' id='line_1_37' title="bbox 580 4320 2145 4414; baseline -0.004 -16"><span class='ocrx_word' id='word_1_225' title='bbox 580 4322 898 4414; x_wconf 71' lang='lat' dir='ltr'>propellit</span> <span class='ocrx_word' id='word_1_226' title='bbox 924 4321 1294 4395; x_wconf 74' lang='lat' dir='ltr'>hunnidum</span> <span class='ocrx_word' id='word_1_227' title='bbox 1333 4322 1420 4394; x_wconf 83' lang='lat' dir='ltr'>ed</span> <span class='ocrx_word' id='word_1_228' title='bbox 1475 4321 1627 4394; x_wconf 77' lang='lat' dir='ltr'>loca</span> <span class='ocrx_word' id='word_1_229' title='bbox 1673 4320 2145 4395; x_wconf 86' lang='lat' dir='ltr'>membrorum</span> 
     </span>
     <span class='ocr_line' id='line_1_38' title="bbox 578 4429 2148 4519; baseline 0.001 -22"><span class='ocrx_word' id='word_1_230' title='bbox 578 4431 943 4500; x_wconf 78' lang='lat' dir='ltr'>«lictorum.</span> <span class='ocrx_word' id='word_1_231' title='bbox 982 4430 1198 4519; x_wconf 67' lang='lat' dir='ltr'>Signa</span> <span class='ocrx_word' id='word_1_232' title='bbox 1237 4438 1466 4503; x_wconf 77' lang='lat' dir='ltr'>autem</span> <span class='ocrx_word' id='word_1_233' title='bbox 1496 4429 1999 4519; x_wconf 71' lang='lat' dir='ltr'>complexionis</span> <span class='ocrx_word' id='word_1_234' title='bbox 2028 4453 2148 4499; x_wconf 80' lang='lat' dir='ltr'>ca-</span> 
     </span>
     <span class='ocr_line' id='line_1_39' title="bbox 576 4534 2148 4627; baseline 0 -24"><span class='ocrx_word' id='word_1_235' title='bbox 576 4535 731 4607; x_wconf 79' lang='lat' dir='ltr'>lidae</span> <span class='ocrx_word' id='word_1_236' title='bbox 760 4544 827 4606; x_wconf 86' lang='lat' dir='ltr'>et</span> <span class='ocrx_word' id='word_1_237' title='bbox 854 4534 1157 4614; x_wconf 76' lang='lat' dir='ltr'>humida.-</span> <span class='ocrx_word' id='word_1_238' title='bbox 1177 4544 1364 4615; x_wconf 73' lang='lat' dir='ltr'>sunt,</span> <span class='ocrx_word' id='word_1_239' title='bbox 1383 4534 1568 4627; x_wconf 82' lang='lat' dir='ltr'>quod</span> <span class='ocrx_word' id='word_1_240' title='bbox 1599 4544 1702 4603; x_wconf 82' lang='lat' dir='ltr'>est</span> <span class='ocrx_word' id='word_1_241' title='bbox 1731 4534 1943 4626; x_wconf 85' lang='lat' dir='ltr'>pluris</span> <span class='ocrx_word' id='word_1_242' title='bbox 1963 4559 2148 4626; x_wconf 82' lang='lat' dir='ltr'>sper-</span> 
     </span>
     <span class='ocr_line' id='line_1_40' title="bbox 579 4643 2146 4737; baseline -0.001 -23"><span class='ocrx_word' id='word_1_243' title='bbox 579 4645 778 4720; x_wconf 82' lang='lat' dir='ltr'>matis</span> <span class='ocrx_word' id='word_1_244' title='bbox 843 4666 1053 4737; x_wconf 85' lang='lat' dir='ltr'>quam</span> <span class='ocrx_word' id='word_1_245' title='bbox 1098 4644 1317 4717; x_wconf 80' lang='lat' dir='ltr'>calida</span> <span class='ocrx_word' id='word_1_246' title='bbox 1356 4652 1423 4713; x_wconf 82' lang='lat' dir='ltr'>et</span> <span class='ocrx_word' id='word_1_247' title='bbox 1488 4645 1695 4725; x_wconf 78' lang='lat' dir='ltr'>sicca,</span> <span class='ocrx_word' id='word_1_248' title='bbox 1727 4643 1847 4715; x_wconf 75' lang='lat' dir='ltr'>sed</span> <span class='ocrx_word' id='word_1_249' title='bbox 1885 4666 2146 4734; x_wconf 80' lang='lat' dir='ltr'>pauco-</span> 
     </span>
     <span class='ocr_line' id='line_1_41' title="bbox 574 4747 2142 4840; baseline 0.001 -21"><span class='ocrx_word' id='word_1_250' title='bbox 574 4772 725 4830; x_wconf 78' lang='lat' dir='ltr'>rum</span> <span class='ocrx_word' id='word_1_251' title='bbox 778 4749 1101 4840; x_wconf 78' lang='lat' dir='ltr'>pilorum,</span> <span class='ocrx_word' id='word_1_252' title='bbox 1172 4773 1255 4825; x_wconf 79' lang='lat' dir='ltr'>eo</span> <span class='ocrx_word' id='word_1_253' title='bbox 1312 4748 1501 4840; x_wconf 80' lang='lat' dir='ltr'>quod</span> <span class='ocrx_word' id='word_1_254' title='bbox 1557 4748 1627 4819; x_wconf 92' lang='lat' dir='ltr'>in</span> <span class='ocrx_word' id='word_1_255' title='bbox 1677 4747 1963 4828; x_wconf 82' lang='lat' dir='ltr'>humido</span> <span class='ocrx_word' id='word_1_256' title='bbox 2004 4770 2142 4820; x_wconf 84' lang='lat' dir='ltr'>non</span> 
     </span>
     <span class='ocr_line' id='line_1_42' title="bbox 572 4856 2141 4925; baseline 0.002 -4"><span class='ocrx_word' id='word_1_257' title='bbox 572 4866 669 4923; x_wconf 82' lang='lat' dir='ltr'>est</span> <span class='ocrx_word' id='word_1_258' title='bbox 713 4858 1008 4924; x_wconf 70' lang='lat' dir='ltr'>validum</span> <span class='ocrx_word' id='word_1_259' title='bbox 1071 4874 1347 4924; x_wconf 65' lang='grc' dir='ltr'>εινιιὶιιιιι</span> <span class='ocrx_word' id='word_1_260' title='bbox 1407 4856 1663 4924; x_wconf 62' lang='lat' dir='ltr'>facie-n&gt;</span> <span class='ocrx_word' id='word_1_261' title='bbox 1712 4857 2031 4925; x_wconf 79' lang='lat' dir='ltr'>fuinuin:</span> <span class='ocrx_word' id='word_1_262' title='bbox 2075 4864 2141 4925; x_wconf 83' lang='lat' dir='ltr'>et</span> 
     </span>
     <span class='ocr_line' id='line_1_43' title="bbox 575 4963 2142 5056; baseline 0 -23"><span class='ocrx_word' id='word_1_263' title='bbox 575 4963 707 5041; x_wconf 77' lang='lat' dir='ltr'>hoe</span> <span class='ocrx_word' id='word_1_264' title='bbox 734 4988 1005 5056; x_wconf 78' lang='lat' dir='ltr'>sperma</span> <span class='ocrx_word' id='word_1_265' title='bbox 1035 4988 1176 5038; x_wconf 86' lang='lat' dir='ltr'>non</span> <span class='ocrx_word' id='word_1_266' title='bbox 1222 4965 1396 5038; x_wconf 83' lang='lat' dir='ltr'>adeo</span> <span class='ocrx_word' id='word_1_267' title='bbox 1431 4965 1825 5055; x_wconf 66' lang='lat' dir='ltr'>frequentor</span> <span class='ocrx_word' id='word_1_268' title='bbox 1869 4966 2142 5056; x_wconf 79' lang='lat' dir='ltr'>iniprae-</span> 
     </span>
     <span class='ocr_line' id='line_1_44' title="bbox 572 5072 2133 5163; baseline 0 -21"><span class='ocrx_word' id='word_1_269' title='bbox 572 5080 763 5163; x_wconf 65' lang='lat' dir='ltr'>gnei,</span> <span class='ocrx_word' id='word_1_270' title='bbox 812 5081 880 5151; x_wconf 74' lang='lat' dir='ltr'>et</span> <span class='ocrx_word' id='word_1_271' title='bbox 934 5072 1192 5149; x_wconf 76' lang='lat' dir='ltr'>diutius</span> <span class='ocrx_word' id='word_1_272' title='bbox 1227 5073 1366 5144; x_wconf 80' lang='lat' dir='ltr'>coit</span> <span class='ocrx_word' id='word_1_273' title='bbox 1405 5080 1776 5162; x_wconf 67' lang='lat' dir='ltr'>antequam</span> <span class='ocrx_word' id='word_1_274' title='bbox 1825 5072 2133 5148; x_wconf 76' lang='lat' dir='ltr'>emittat:</span> 
     </span>
     <span class='ocr_line' id='line_1_45' title="bbox 568 5177 2135 5269; baseline 0.002 -23"><span class='ocrx_word' id='word_1_275' title='bbox 568 5177 690 5255; x_wconf 79' lang='lat' dir='ltr'>sed</span> <span class='ocrx_word' id='word_1_276' title='bbox 723 5178 877 5269; x_wconf 76' lang='lat' dir='ltr'>plns</span> <span class='ocrx_word' id='word_1_277' title='bbox 901 5177 1110 5257; x_wconf 72' lang='lat' dir='ltr'>hebet.</span> <span class='ocrx_word' id='word_1_278' title='bbox 1136 5179 1411 5254; x_wconf 71' lang='lat' dir='ltr'>virtutis</span> <span class='ocrx_word' id='word_1_279' title='bbox 1438 5177 1527 5251; x_wconf 78' lang='lat' dir='ltr'>ad</span> <span class='ocrx_word' id='word_1_280' title='bbox 1563 5177 1957 5267; x_wconf 72' lang='lat' dir='ltr'>frequenter</span> <span class='ocrx_word' id='word_1_281' title='bbox 1983 5202 2135 5249; x_wconf 87' lang='lat' dir='ltr'>coe·</span> 
     </span>
     <span class='ocr_line' id='line_1_46' title="bbox 568 5283 2135 5378; baseline 0.001 -24"><span class='ocrx_word' id='word_1_282' title='bbox 568 5285 835 5364; x_wconf 82' lang='lat' dir='ltr'>undum</span> <span class='ocrx_word' id='word_1_283' title='bbox 865 5310 1073 5378; x_wconf 85' lang='lat' dir='ltr'>quam</span> <span class='ocrx_word' id='word_1_284' title='bbox 1104 5287 1366 5362; x_wconf 68' lang='lat' dir='ltr'>calidus</span> <span class='ocrx_word' id='word_1_285' title='bbox 1398 5294 1466 5357; x_wconf 83' lang='lat' dir='ltr'>et</span> <span class='ocrx_word' id='word_1_286' title='bbox 1504 5284 1752 5363; x_wconf 71' lang='lat' dir='ltr'>siccus,</span> <span class='ocrx_word' id='word_1_287' title='bbox 1795 5283 1951 5360; x_wconf 80' lang='lat' dir='ltr'>licet</span> <span class='ocrx_word' id='word_1_288' title='bbox 1995 5310 2135 5367; x_wconf 86' lang='lat' dir='ltr'>non</span> 
     </span>
     <span class='ocr_line' id='line_1_47' title="bbox 568 5390 2137 5486; baseline 0.003 -25"><span class='ocrx_word' id='word_1_289' title='bbox 568 5390 814 5472; x_wconf 68' lang='lat' dir='ltr'>hebeat</span> <span class='ocrx_word' id='word_1_290' title='bbox 852 5401 1115 5472; x_wconf 67' lang='lat' dir='ltr'>uniam</span> <span class='ocrx_word' id='word_1_291' title='bbox 1143 5394 1525 5471; x_wconf 79' lang='lat' dir='ltr'>libidinem,</span> <span class='ocrx_word' id='word_1_292' title='bbox 1571 5415 1698 5465; x_wconf 80' lang='lat' dir='ltr'>nec</span> <span class='ocrx_word' id='word_1_293' title='bbox 1745 5392 1920 5461; x_wconf 81' lang='lat' dir='ltr'>adeo</span> <span class='ocrx_word' id='word_1_294' title='bbox 1967 5396 2137 5486; x_wconf 81' lang='lat' dir='ltr'>rigi-</span> 
     </span>
     <span class='ocr_line' id='line_1_48' title="bbox 566 5499 2134 5598; baseline -0.003 -20"><span class='ocrx_word' id='word_1_295' title='bbox 566 5499 723 5578; x_wconf 63' lang='lat' dir='ltr'>dam</span> <span class='ocrx_word' id='word_1_296' title='bbox 754 5502 1199 5583; x_wconf 83' lang='lat' dir='ltr'>erectionem,</span> <span class='ocrx_word' id='word_1_297' title='bbox 1242 5511 1309 5573; x_wconf 87' lang='lat' dir='ltr'>et</span> <span class='ocrx_word' id='word_1_298' title='bbox 1340 5501 1609 5579; x_wconf 60' lang='lat' dir='ltr'>laeditur</span> <span class='ocrx_word' id='word_1_299' title='bbox 1652 5499 1840 5579; x_wconf 76' lang='lat' dir='ltr'>coitu</span> <span class='ocrx_word' id='word_1_300' title='bbox 1890 5524 2134 5598; x_wconf 78' lang='lat' dir='ltr'>super-</span> 
     </span>
     <span class='ocr_line' id='line_1_49' title="bbox 566 5605 2134 5702; baseline 0.006 -19"><span class='ocrx_word' id='word_1_301' title='bbox 566 5608 733 5690; x_wconf 76' lang='lat' dir='ltr'>flue,</span> <span class='ocrx_word' id='word_1_302' title='bbox 774 5616 845 5678; x_wconf 80' lang='lat' dir='ltr'>et</span> <span class='ocrx_word' id='word_1_303' title='bbox 883 5606 1153 5702; x_wconf 69' lang='lat' dir='ltr'>luditur</span> <span class='ocrx_word' id='word_1_304' title='bbox 1188 5610 1401 5687; x_wconf 74' lang='lat' dir='ltr'>etiem</span> <span class='ocrx_word' id='word_1_305' title='bbox 1466 5605 1884 5693; x_wconf 60' lang='lat' dir='ltr'>abstinenti}</span> <span class='ocrx_word' id='word_1_306' title='bbox 1917 5610 2134 5693; x_wconf 65' lang='lat' dir='ltr'>multa</span> 
     </span>
     <span class='ocr_line' id='line_1_50' title="bbox 562 5712 2135 5799; baseline 0 -15"><span class='ocrx_word' id='word_1_307' title='bbox 562 5712 811 5795; x_wconf 66' lang='lat' dir='ltr'>coitus.</span> <span class='ocrx_word' id='word_1_308' title='bbox 856 5715 995 5788; x_wconf 79' lang='lat' dir='ltr'>Sed</span> <span class='ocrx_word' id='word_1_309' title='bbox 1028 5738 1237 5791; x_wconf 72' lang='lat' dir='ltr'>cause</span> <span class='ocrx_word' id='word_1_310' title='bbox 1273 5717 1579 5797; x_wconf 61' lang='lat' dir='ltr'>lusionis</span> <span class='ocrx_word' id='word_1_311' title='bbox 1605 5715 1679 5794; x_wconf 85' lang='lat' dir='ltr'>in</span> <span class='ocrx_word' id='word_1_312' title='bbox 1710 5714 1930 5796; x_wconf 75' lang='lat' dir='ltr'>innuo</span> <span class='ocrx_word' id='word_1_313' title='bbox 1986 5720 2135 5799; x_wconf 43' lang='lat' dir='ltr'>eois</span> 
     </span>
    </p>
   </div>
   <div class='ocr_carea' id='block_1_3' title="bbox 1623 389 2228 466">
    <p class='ocr_par' dir='ltr' id='par_1_4' title="bbox 1623 389 2228 466">
     <span class='ocr_line' id='line_1_51' title="bbox 1623 389 2228 466; baseline -0.01 -1"><span class='ocrx_word' id='word_1_314' title='bbox 1623 395 1707 466; x_wconf 82' lang='lat' dir='ltr'>l).</span> <span class='ocrx_word' id='word_1_315' title='bbox 1758 394 1959 461; x_wconf 58' lang='grc' dir='ltr'>ΑΕΒ.</span> <span class='ocrx_word' id='word_1_316' title='bbox 2015 389 2228 461; x_wconf 80' lang='lat' dir='ltr'><strong>MAG.</strong></span> 
     </span>
    </p>
   </div>
   <div class='ocr_carea' id='block_1_4' title="bbox 2283 388 2830 461">
    <p class='ocr_par' dir='ltr' id='par_1_5' title="bbox 2283 388 2830 461">
     <span class='ocr_line' id='line_1_52' title="bbox 2283 388 2830 461; baseline -0.005 -1"><span class='ocrx_word' id='word_1_317' title='bbox 2283 388 2485 460; x_wconf 69' lang='lat'>0111).</span> <span class='ocrx_word' id='word_1_318' title='bbox 2541 392 2830 461; x_wconf 81' lang='lat' dir='ltr'><strong>PRAEI).</strong></span> 
     </span>
    </p>
   </div>
   <div class='ocr_carea' id='block_1_5' title="bbox 2259 562 3834 2678">
    <p class='ocr_par' dir='ltr' id='par_1_6' title="bbox 2265 562 3834 2263">
     <span class='ocr_line' id='line_1_53' title="bbox 2287 562 3827 654; baseline 0.001 -25"><span class='ocrx_word' id='word_1_319' title='bbox 2287 569 2356 629; x_wconf 86' lang='lat' dir='ltr'>tu</span> <span class='ocrx_word' id='word_1_320' title='bbox 2380 567 2717 654; x_wconf 76' lang='lat' dir='ltr'>cstzquia</span> <span class='ocrx_word' id='word_1_321' title='bbox 2791 584 3059 651; x_wconf 84' lang='lat' dir='ltr'>semper</span> <span class='ocrx_word' id='word_1_322' title='bbox 3114 562 3386 640; x_wconf 89' lang='lat' dir='ltr'>emittit,</span> <span class='ocrx_word' id='word_1_323' title='bbox 3451 563 3634 652; x_wconf 89' lang='lat' dir='ltr'>quod</span> <span class='ocrx_word' id='word_1_324' title='bbox 3694 588 3827 638; x_wconf 88' lang='lat' dir='ltr'>non</span> 
     </span>
     <span class='ocr_line' id='line_1_54' title="bbox 2284 668 3828 740; baseline 0.003 -5"><span class='ocrx_word' id='word_1_325' title='bbox 2284 668 2433 735; x_wconf 82' lang='lat' dir='ltr'>facit</span> <span class='ocrx_word' id='word_1_326' title='bbox 2467 670 2717 737; x_wconf 84' lang='lat' dir='ltr'>calidus</span> <span class='ocrx_word' id='word_1_327' title='bbox 2749 679 2811 736; x_wconf 89' lang='lat' dir='ltr'>et</span> <span class='ocrx_word' id='word_1_328' title='bbox 2845 671 3098 736; x_wconf 81' lang='lat' dir='ltr'>siccus:</span> <span class='ocrx_word' id='word_1_329' title='bbox 3137 678 3236 736; x_wconf 82' lang='lat' dir='ltr'>est</span> <span class='ocrx_word' id='word_1_330' title='bbox 3288 672 3473 737; x_wconf 87' lang='lat' dir='ltr'>enim</span> <span class='ocrx_word' id='word_1_331' title='bbox 3523 669 3630 737; x_wconf 88' lang='lat' dir='ltr'>hic</span> <span class='ocrx_word' id='word_1_332' title='bbox 3676 671 3828 740; x_wconf 84' lang='lat' dir='ltr'>talis</span> 
     </span>
     <span class='ocr_line' id='line_1_55' title="bbox 2282 776 3829 866; baseline 0.001 -24"><span class='ocrx_word' id='word_1_333' title='bbox 2282 776 3276 866; x_wconf 72' lang='lat' dir='ltr'>frequentissimae·pollutionis</span> <span class='ocrx_word' id='word_1_334' title='bbox 3345 787 3409 846; x_wconf 85' lang='lat' dir='ltr'>et</span> <span class='ocrx_word' id='word_1_335' title='bbox 3459 777 3713 846; x_wconf 82' lang='lat' dir='ltr'>velocis</span> <span class='ocrx_word' id='word_1_336' title='bbox 3745 801 3829 851; x_wconf 79' lang='lat' dir='ltr'>cx</span> 
     </span>
     <span class='ocr_line' id='line_1_56' title="bbox 2282 882 3831 978; baseline 0.002 -29"><span class='ocrx_word' id='word_1_337' title='bbox 2282 884 2551 952; x_wconf 80' lang='lat' dir='ltr'>levibus</span> <span class='ocrx_word' id='word_1_338' title='bbox 2583 886 2821 950; x_wconf 83' lang='lat' dir='ltr'>causis.</span> <span class='ocrx_word' id='word_1_339' title='bbox 2863 882 3073 978; x_wconf 77' lang='lat' dir='ltr'>Signa</span> <span class='ocrx_word' id='word_1_340' title='bbox 3123 906 3284 950; x_wconf 78' lang='lat' dir='ltr'>vero</span> <span class='ocrx_word' id='word_1_341' title='bbox 3336 886 3831 976; x_wconf 78' lang='lat' dir='ltr'>complexionis</span> 
     </span>
     <span class='ocr_line' id='line_1_57' title="bbox 2283 987 3834 1076; baseline 0.003 -22"><span class='ocrx_word' id='word_1_342' title='bbox 2283 988 2499 1076; x_wconf 75' lang='lat' dir='ltr'>frigidi</span> <span class='ocrx_word' id='word_1_343' title='bbox 2539 996 2604 1055; x_wconf 82' lang='lat' dir='ltr'>et</span> <span class='ocrx_word' id='word_1_344' title='bbox 2632 987 2892 1055; x_wconf 87' lang='lat' dir='ltr'>humidi</span> <span class='ocrx_word' id='word_1_345' title='bbox 2962 991 3321 1075; x_wconf 82' lang='lat' dir='ltr'>spermatis</span> <span class='ocrx_word' id='word_1_346' title='bbox 3378 1001 3541 1066; x_wconf 89' lang='lat' dir='ltr'>sunt</span> <span class='ocrx_word' id='word_1_347' title='bbox 3594 992 3834 1062; x_wconf 87' lang='lat' dir='ltr'>lenitas</span> 
     </span>
     <span class='ocr_line' id='line_1_58' title="bbox 2280 1096 3824 1185; baseline 0.005 -25"><span class='ocrx_word' id='word_1_348' title='bbox 2280 1096 2599 1184; x_wconf 84' lang='lat' dir='ltr'>inguinis,</span> <span class='ocrx_word' id='word_1_349' title='bbox 2649 1104 2714 1168; x_wconf 82' lang='lat' dir='ltr'>et</span> <span class='ocrx_word' id='word_1_350' title='bbox 2751 1097 3020 1185; x_wconf 86' lang='lat' dir='ltr'>pigrum</span> <span class='ocrx_word' id='word_1_351' title='bbox 3054 1096 3465 1164; x_wconf 85' lang='lat' dir='ltr'>desiderium</span> <span class='ocrx_word' id='word_1_352' title='bbox 3508 1101 3824 1181; x_wconf 81' lang='lat' dir='ltr'>coeundi,</span> 
     </span>
     <span class='ocr_line' id='line_1_59' title="bbox 2280 1204 3825 1293; baseline 0.005 -24"><span class='ocrx_word' id='word_1_353' title='bbox 2280 1211 2344 1269; x_wconf 88' lang='lat' dir='ltr'>et</span> <span class='ocrx_word' id='word_1_354' title='bbox 2418 1204 2709 1270; x_wconf 87' lang='lat' dir='ltr'>tenuitas</span> <span class='ocrx_word' id='word_1_355' title='bbox 2765 1206 3126 1293; x_wconf 87' lang='lat' dir='ltr'>spermatis</span> <span class='ocrx_word' id='word_1_356' title='bbox 3181 1205 3559 1280; x_wconf 79' lang='lat' dir='ltr'>secundum</span> <span class='ocrx_word' id='word_1_357' title='bbox 3654 1208 3825 1276; x_wconf 84' lang='lat' dir='ltr'>sul)-</span> 
     </span>
     <span class='ocr_line' id='line_1_60' title="bbox 2278 1310 3830 1401; baseline 0.003 -25"><span class='ocrx_word' id='word_1_358' title='bbox 2278 1310 2617 1389; x_wconf 80' lang='lat' dir='ltr'>stantiam,</span> <span class='ocrx_word' id='word_1_359' title='bbox 2654 1319 2714 1386; x_wconf 70' lang='lat' dir='ltr'>el</span> <span class='ocrx_word' id='word_1_360' title='bbox 2773 1311 3075 1400; x_wconf 86' lang='lat' dir='ltr'>paucitas</span> <span class='ocrx_word' id='word_1_361' title='bbox 3107 1310 3722 1401; x_wconf 79' lang='lat' dir='ltr'>impraegnationis‚</span> <span class='ocrx_word' id='word_1_362' title='bbox 3765 1323 3830 1382; x_wconf 85' lang='lat' dir='ltr'>et</span> 
     </span>
     <span class='ocr_line' id='line_1_61' title="bbox 2278 1416 3830 1508; baseline 0.003 -24"><span class='ocrx_word' id='word_1_363' title='bbox 2278 1417 2550 1494; x_wconf 67' lang='lat' dir='ltr'>tarditas,</span> <span class='ocrx_word' id='word_1_364' title='bbox 2598 1427 2785 1493; x_wconf 84' lang='lat' dir='ltr'>ortus</span> <span class='ocrx_word' id='word_1_365' title='bbox 2831 1416 3153 1506; x_wconf 78' lang='lat' dir='ltr'>pilorum,</span> <span class='ocrx_word' id='word_1_366' title='bbox 3214 1427 3281 1488; x_wconf 86' lang='lat' dir='ltr'>et</span> <span class='ocrx_word' id='word_1_367' title='bbox 3326 1420 3637 1508; x_wconf 86' lang='lat' dir='ltr'>paucitas</span> <span class='ocrx_word' id='word_1_368' title='bbox 3705 1443 3830 1490; x_wconf 87' lang='lat' dir='ltr'>co-</span> 
     </span>
     <span class='ocr_line' id='line_1_62' title="bbox 2277 1524 3826 1617; baseline 0.003 -24"><span class='ocrx_word' id='word_1_369' title='bbox 2277 1548 2451 1604; x_wconf 88' lang='lat' dir='ltr'>rum,</span> <span class='ocrx_word' id='word_1_370' title='bbox 2498 1534 2565 1592; x_wconf 86' lang='lat' dir='ltr'>et</span> <span class='ocrx_word' id='word_1_371' title='bbox 2614 1526 2746 1598; x_wconf 76' lang='lat' dir='ltr'>alia</span> <span class='ocrx_word' id='word_1_372' title='bbox 2800 1524 3218 1613; x_wconf 82' lang='lat' dir='ltr'>hujusmodi.</span> <span class='ocrx_word' id='word_1_373' title='bbox 3265 1526 3562 1617; x_wconf 73' lang='lat' dir='ltr'>Frigidae</span> <span class='ocrx_word' id='word_1_374' title='bbox 3593 1537 3826 1602; x_wconf 85' lang='lat' dir='ltr'>autem</span> 
     </span>
     <span class='ocr_line' id='line_1_63' title="bbox 2273 1632 3824 1726; baseline 0.003 -27"><span class='ocrx_word' id='word_1_375' title='bbox 2273 1641 2337 1707; x_wconf 85' lang='lat' dir='ltr'>et</span> <span class='ocrx_word' id='word_1_376' title='bbox 2357 1632 2545 1700; x_wconf 86' lang='lat' dir='ltr'>siccae</span> <span class='ocrx_word' id='word_1_377' title='bbox 2583 1632 3077 1721; x_wconf 82' lang='lat' dir='ltr'>complexionis</span> <span class='ocrx_word' id='word_1_378' title='bbox 3122 1635 3191 1700; x_wconf 92' lang='lat' dir='ltr'>in</span> <span class='ocrx_word' id='word_1_379' title='bbox 3250 1646 3595 1723; x_wconf 80' lang='lat' dir='ltr'>spermate</span> <span class='ocrx_word' id='word_1_380' title='bbox 3627 1639 3824 1726; x_wconf 85' lang='lat' dir='ltr'>signa</span> 
     </span>
     <span class='ocr_line' id='line_1_64' title="bbox 2271 1739 3822 1832; baseline 0.005 -27"><span class='ocrx_word' id='word_1_381' title='bbox 2271 1746 2427 1806; x_wconf 86' lang='lat' dir='ltr'>sunt</span> <span class='ocrx_word' id='word_1_382' title='bbox 2457 1739 2829 1806; x_wconf 85' lang='lat' dir='ltr'>crassitudo</span> <span class='ocrx_word' id='word_1_383' title='bbox 2860 1741 3217 1827; x_wconf 83' lang='lat' dir='ltr'>spermatis</span> <span class='ocrx_word' id='word_1_384' title='bbox 3276 1749 3343 1809; x_wconf 84' lang='lat' dir='ltr'>et</span> <span class='ocrx_word' id='word_1_385' title='bbox 3373 1744 3682 1832; x_wconf 83' lang='lat' dir='ltr'>paucitas</span> <span class='ocrx_word' id='word_1_386' title='bbox 3716 1747 3822 1832; x_wconf 89' lang='lat' dir='ltr'>ip-</span> 
     </span>
     <span class='ocr_line' id='line_1_65' title="bbox 2269 1846 3818 1926; baseline 0.004 -11"><span class='ocrx_word' id='word_1_387' title='bbox 2269 1848 2449 1922; x_wconf 85' lang='lat' dir='ltr'>sius:</span> <span class='ocrx_word' id='word_1_388' title='bbox 2493 1856 2557 1914; x_wconf 83' lang='lat' dir='ltr'>et</span> <span class='ocrx_word' id='word_1_389' title='bbox 2589 1856 2661 1913; x_wconf 89' lang='lat' dir='ltr'>ut</span> <span class='ocrx_word' id='word_1_390' title='bbox 2689 1847 2984 1919; x_wconf 84' lang='lat' dir='ltr'>breviter</span> <span class='ocrx_word' id='word_1_391' title='bbox 3013 1846 3302 1926; x_wconf 81' lang='lat' dir='ltr'>dicatur,</span> <span class='ocrx_word' id='word_1_392' title='bbox 3356 1851 3590 1922; x_wconf 76' lang='lat' dir='ltr'>omnia</span> <span class='ocrx_word' id='word_1_393' title='bbox 3647 1875 3818 1921; x_wconf 89' lang='lat' dir='ltr'>con-</span> 
     </span>
     <span class='ocr_line' id='line_1_66' title="bbox 2269 1953 3819 2048; baseline 0.003 -25"><span class='ocrx_word' id='word_1_394' title='bbox 2269 1954 2468 2031; x_wconf 81' lang='lat' dir='ltr'>traria</span> <span class='ocrx_word' id='word_1_395' title='bbox 2497 1956 2706 2044; x_wconf 72' lang='lat' dir='ltr'>signis</span> <span class='ocrx_word' id='word_1_396' title='bbox 2763 1953 2993 2026; x_wconf 80' lang='lat' dir='ltr'>oalidae</span> <span class='ocrx_word' id='word_1_397' title='bbox 3051 1964 3117 2022; x_wconf 94' lang='lat' dir='ltr'>et</span> <span class='ocrx_word' id='word_1_398' title='bbox 3172 1953 3477 2026; x_wconf 81' lang='lat' dir='ltr'>humidae</span> <span class='ocrx_word' id='word_1_399' title='bbox 3508 1959 3819 2048; x_wconf 79' lang='lat' dir='ltr'>coiiiple-</span> 
     </span>
     <span class='ocr_line' id='line_1_67' title="bbox 2266 2063 3823 2153; baseline 0.002 -22"><span class='ocrx_word' id='word_1_400' title='bbox 2266 2063 2486 2141; x_wconf 74' lang='lat' dir='ltr'>xionis</span> <span class='ocrx_word' id='word_1_401' title='bbox 2507 2064 2889 2153; x_wconf 78' lang='lat' dir='ltr'>significant</span> <span class='ocrx_word' id='word_1_402' title='bbox 2911 2063 3223 2151; x_wconf 76' lang='lat' dir='ltr'>frigidam</span> <span class='ocrx_word' id='word_1_403' title='bbox 3258 2073 3323 2132; x_wconf 89' lang='lat' dir='ltr'>et</span> <span class='ocrx_word' id='word_1_404' title='bbox 3352 2065 3605 2134; x_wconf 87' lang='lat' dir='ltr'>siccam</span> <span class='ocrx_word' id='word_1_405' title='bbox 3639 2090 3823 2134; x_wconf 84' lang='lat' dir='ltr'>com-</span> 
     </span>
     <span class='ocr_line' id='line_1_68' title="bbox 2265 2172 2670 2263; baseline -0.002 -25"><span class='ocrx_word' id='word_1_406' title='bbox 2265 2172 2670 2263; x_wconf 79' lang='lat' dir='ltr'>plexionem.</span> 
     </span>
    </p>

    <p class='ocr_par' dir='ltr' id='par_1_7' title="bbox 2259 2279 3814 2678">
     <span class='ocr_line' id='line_1_69' title="bbox 2354 2279 3811 2370; baseline 0 -20"><span class='ocrx_word' id='word_1_407' title='bbox 2354 2279 2513 2350; x_wconf 76' lang='lat' dir='ltr'>llaec</span> <span class='ocrx_word' id='word_1_408' title='bbox 2552 2280 2852 2370; x_wconf 83' lang='lat' dir='ltr'>igiturde</span> <span class='ocrx_word' id='word_1_409' title='bbox 2883 2280 3169 2348; x_wconf 86' lang='lat' dir='ltr'>humore</span> <span class='ocrx_word' id='word_1_410' title='bbox 3209 2284 3568 2370; x_wconf 86' lang='lat' dir='ltr'>spermatis</span> <span class='ocrx_word' id='word_1_411' title='bbox 3633 2283 3811 2350; x_wconf 85' lang='lat' dir='ltr'>dicta</span> 
     </span>
     <span class='ocr_line' id='line_1_70' title="bbox 2264 2389 3807 2481; baseline 0.002 -25"><span class='ocrx_word' id='word_1_412' title='bbox 2264 2389 2373 2457; x_wconf 83' lang='lat' dir='ltr'>liic</span> <span class='ocrx_word' id='word_1_413' title='bbox 2427 2389 2817 2468; x_wconf 78' lang='lat' dir='ltr'>sufficiant:</span> <span class='ocrx_word' id='word_1_414' title='bbox 2888 2392 3217 2478; x_wconf 81' lang='lat' dir='ltr'>quoniam</span> <span class='ocrx_word' id='word_1_415' title='bbox 3275 2389 3498 2460; x_wconf 75' lang='lat' dir='ltr'>adhuc</span> <span class='ocrx_word' id='word_1_416' title='bbox 3556 2393 3807 2481; x_wconf 66' lang='lat' dir='ltr'>saepius</span> 
     </span>
     <span class='ocr_line' id='line_1_71' title="bbox 2261 2495 3814 2588; baseline 0.002 -24"><span class='ocrx_word' id='word_1_417' title='bbox 2261 2505 2522 2588; x_wconf 74' lang='lat' dir='ltr'>opertet</span> <span class='ocrx_word' id='word_1_418' title='bbox 2555 2505 2835 2564; x_wconf 86' lang='lat' dir='ltr'>tractare</span> <span class='ocrx_word' id='word_1_419' title='bbox 2868 2495 2948 2563; x_wconf 85' lang='lat' dir='ltr'>de</span> <span class='ocrx_word' id='word_1_420' title='bbox 2987 2496 3230 2566; x_wconf 82' lang='lat' dir='ltr'>eodem</span> <span class='ocrx_word' id='word_1_421' title='bbox 3266 2498 3332 2564; x_wconf 90' lang='lat' dir='ltr'>in</span> <span class='ocrx_word' id='word_1_422' title='bbox 3365 2499 3651 2567; x_wconf 86' lang='lat' dir='ltr'>scientia</span> <span class='ocrx_word' id='word_1_423' title='bbox 3686 2522 3814 2567; x_wconf 87' lang='lat' dir='ltr'>na-</span> 
     </span>
     <span class='ocr_line' id='line_1_72' title="bbox 2259 2603 3036 2678; baseline -0.012 0"><span class='ocrx_word' id='word_1_424' title='bbox 2259 2603 2575 2678; x_wconf 77' lang='lat' dir='ltr'>turalium</span> <span class='ocrx_word' id='word_1_425' title='bbox 2615 2603 3036 2672; x_wconf 87' lang='lat' dir='ltr'>animalium.</span> 
     </span>
    </p>
   </div>
  </div>
 </body>
</html>
