4919 6371
1872 314 2041 380 LlB.
2097 310 2255 377 VllI
2300 308 2419 374 DE
2466 303 3052 385 ANlMALlBUS,
3103 310 3413 379 TRACT.
3469 312 3528 377 11

1093 487 1485 578 qyrosalco,
1521 494 1586 552 et
1624 481 1998 550 secundum
2020 487 2299 546 vocatur
2322 476 2509 567 falco
2544 475 2654 541 la—

1087 594 1365 684 pidum,
1420 616 1501 660 eo
1580 588 1764 680 quod
1823 590 1893 654 in
1948 588 2304 678 praeruptis
2353 585 2652 675 lapidum

1095 701 1424 792 pulliticat
1462 724 1476 766 :
1522 707 1586 764 et
1631 698 1905 764 tertium
1937 704 2218 763 vocatur
2248 720 2372 788 pes
2413 695 2653 760 blavus

1094 812 1237 876 sive
1271 805 1791 896 ltyacinllaeimm,
1826 812 1894 871 et
1924 814 2025 872 est
2052 806 2242 895 pejus
2292 807 2465 870 inter
2498 803 2645 869 tria.

1103 915 1281 982 Sunt
1321 922 1550 979 tamen
1599 921 1667 980 et
1726 913 1861 980 alia
1907 936 2273 1004 parvorum
2312 911 2650 979 falconum

1095 1043 1370 1112 genera,
1420 1043 1568 1112 quae
1608 1030 1767 1088 sunt
1825 1021 2235 1089 velocissimi
2264 1019 2552 1092 volatuS,
2589 1023 2652 1081 et

1094 1132 1323 1220 parvis
1355 1130 1595 1199 avibus
1628 1131 2046 1199 insidiantes.

1186 1236 1417 1305 Genus
1448 1249 1678 1306 autem
1720 1239 2118 1327 accipitrum
2159 1230 2455 1323 pulchrae
2495 1232 2649 1298 vitae

1090 1354 1155 1413 et
1195 1347 1266 1412 in
1315 1345 1659 1423 venando,
1714 1352 1781 1411 et
1833 1342 1965 1410 hoc
2012 1361 2373 1409 commune
2413 1337 2639 1414 habet,

1090 1453 1275 1541 quod
1297 1474 1571 1540 semper
1601 1448 1841 1517 volant
1860 1471 2099 1516 omnes
2131 1448 2475 1537 accipitres
2485 1446 2652 1535 jux-

1086 1569 1157 1627 ta
1195 1567 1473 1627 terram.
1510 1559 1777 1626 Dicitur
1815 1564 2069 1636 autem,
2104 1556 2286 1646 quod
2329 1554 2517 1622 modi
2546 1577 2651 1620 ac-

1086 1669 1406 1756 cipitrum
1433 1665 1904 1733 insidiantium
1944 1664 2281 1733 columbis
2309 1669 2467 1730 sunt
2487 1670 2642 1737 treS,

1089 1782 1155 1842 et
1182 1773 1322 1842 fere
1363 1775 1552 1841 nulla
1582 1775 1939 1841 diversitas
1980 1773 2405 1839 inveniturin
2428 1793 2649 1860 quan-

1087 1884 1276 1949 titate
1300 1889 1367 1950 et
1404 1885 1626 1974 ligura
1657 1889 1724 1950 et
1778 1880 2009 1949 colore
2071 1882 2397 1970 ipsorum,
2440 1877 2646 1945 sedin

1092 2013 1298 2080 opere
1341 1991 1515 2057 solo,
1548 1988 1845 2068 Quidam
1876 1989 2059 2055 enim
2091 1986 2335 2054 modus
2363 1986 2646 2075 percutit

1089 2097 1481 2165 columbam
1535 2094 1810 2185 quando
1850 2103 1951 2162 cst
1988 2117 2196 2184 super
2242 2101 2489 2159 terram
2529 2114 2647 2158 so-

1095 2202 1239 2270 lum
1276 2225 1290 2270 :
1336 2212 1400 2269 ct
1440 2203 1816 2269 secuudum
1847 2200 2028 2268 hunc
2066 2198 2343 2266 niodum
2372 2198 2645 2287 capiunt

1092 2335 1207 2380 eas
1245 2335 1259 2380 :
1304 2320 1372 2380 et
1408 2333 1566 2379 cum
1610 2310 1873 2388 volant,
1926 2332 2065 2376 non
2103 2308 2643 2398 appropinquant

1090 2419 1215 2485 eis.
1245 2416 1540 2497 Quidem
1598 2424 1830 2484 autem
1867 2415 2055 2483 modi
2083 2414 2473 2503 accipitrum
2507 2433 2643 2478 non

1085 2522 1610 2615 deprehendunt
1630 2546 1770 2604 eaS,
1804 2524 1933 2589 nisi
1966 2519 2237 2612 quando
2267 2525 2419 2584 sunt
2441 2540 2643 2607 super

1088 2634 1366 2701 arbores
1407 2657 1422 2700 z
1469 2643 1721 2702 etcum
1774 2641 1933 2700 sunt
1983 2634 2050 2698 in
2086 2640 2262 2699 terra
2303 2627 2410 2696 vel
2459 2653 2634 2696 aere.

1090 2764 1227 2809 uon
1259 2745 1812 2832 appropinquant
1852 2740 1936 2807 ad
1990 2763 2124 2805 eas.
2186 2738 2474 2817 Quidam
2514 2759 2640 2803 au-

1085 2862 1223 2921 tem
1256 2853 1440 2920 modi
1477 2877 1614 2920 non
1656 2854 1936 2942 capiunt
1966 2874 2104 2926 eas,
2159 2851 2283 2916 nisi
2317 2872 2470 2915 cum
2512 2871 2640 2914 vo-

1088 2962 1227 3028 lant
1262 2963 1331 3028 in
1362 2985 1514 3029 aere
1553 2984 1568 3028 τ
1613 2970 1680 3027 et
1701 2959 1831 3027 boc
1861 2959 2111 3026 faciunt
2131 2959 2477 3047 accipitres
2510 2980 2639 3023 uo-

1087 3071 1132 3137 ti
1164 3069 1345 3159 apud
1373 3092 1522 3146 nos,
1558 3077 1625 3137 et
1660 3070 1727 3135 in
1759 3067 1894 3134 alio
1928 3068 2076 3134 loco
2110 3089 2243 3132 nou
2269 3066 2639 3155 appropin-

1087 3185 1303 3268 quant
1332 3177 1417 3244 acl
1464 3201 1602 3246 eas,
1670 3175 1993 3243 Referunt
2054 3181 2278 3241 autem
2331 3172 2629 3262 quidam.

1086 3283 1270 3375 quod
1330 3283 1668 3351 columbae
1718 3290 2138 3373 cognoscunt
2197 3279 2636 3370 unumquod-

1083 3415 1216 3483 que
1246 3414 1465 3483 genus
1496 3392 1877 3482 accipitris:
1904 3399 1969 3457 et
2001 3388 2149 3456 ideo
2187 3386 2489 3455 videntes
2519 3411 2633 3454 ac-

1081 3502 1391 3591 cipitrem
1459 3500 1839 3590 capientem
1900 3500 1966 3566 iu
2026 3522 2202 3570 aere,
2268 3497 2531 3585 tugiunt
2570 3505 2636 3565 et

1081 3615 1265 3676 stant
1313 3609 1379 3674 in
1433 3616 1610 3675 terra
1669 3606 1777 3675 vel
1838 3609 1905 3673 in
1973 3607 2235 3673 arbore.
2274 3603 2345 3671 Si
2404 3613 2630 3672 autem

1068 3713 1292 3783 aderit
1331 3715 1654 3805 accipiter
1700 3716 1975 3805 capiens
2035 3716 2101 3780 in
2135 3722 2332 3787 terra,
2367 3712 2627 3802 fugiunt

1078 3820 1376 3889 volando
1423 3824 1490 3887 iu
1532 3845 1760 3889 aerem
1796 3829 1912 3887 aut
1955 3821 2022 3886 in
2050 3818 2381 3886 arborem.
2421 3819 2633 3885 Simi-

1083 3930 1235 3996 liter
1254 3938 1482 3997 autem
1508 3929 1784 4020 quando
1815 3928 2002 3997 adest
2033 3928 2344 4018 accipiter
2360 3928 2633 4018 capiens

1079 4042 1147 4107 in
1187 4039 1455 4116 arbore,
1501 4039 1829 4129 fugiendo
1856 4047 2266 4130 praeservant
2297 4061 2367 4105 se
2392 4039 2457 4105 in
2492 4047 2633 4104 ter-

1081 4172 1155 4216 ra
1184 4148 1290 4215 vel
1326 4150 1393 4215 in
1425 4172 1604 4217 aere.

1169 4259 1409 4327 Fertur
1445 4268 1701 4339 autem,
1736 4258 1921 4350 quod
1962 4260 2027 4326 in
2064 4256 2345 4325 Thracia
2384 4259 2449 4323 in
2484 4257 2631 4324 loco

1078 4370 1193 4459 qui
1255 4370 1633 4459 antiquitus
1691 4365 2042 4435 dicebatur
2089 4365 2435 4441 Hadiculi,
2482 4388 2634 4432 ma-

1078 4484 1242 4544 nent
1269 4477 1624 4568 accipitres
1666 4476 1735 4542 in
1776 4473 2075 4565 (pinetam
2116 4472 2267 4541 loco
2309 4496 2633 4540 nemoro-

1074 4608 1178 4661 so,
1237 4585 1305 4651 in
1348 4607 1487 4675 qun
1520 4592 1678 4652 sunt
1720 4583 1953 4650 multae
1998 4604 2213 4673 aquae.
2258 4580 2632 4649 Columba-

1080 4716 1226 4758 ruui
1264 4716 1538 4783 qunque
1580 4701 1673 4757 est
1721 4689 2049 4758 habitatio
2084 4689 2331 4756 ibidem
2369 4714 2382 4756 :
2425 4714 2632 4779 prnp-

1080 4811 1181 4869 ter
1209 4803 1390 4892 quod
1429 4811 1792 4869 venatores
1812 4799 2284 4868 columbarum
2315 4799 2633 4891 frequen-

1078 4919 1181 4977 ter
1209 4919 1462 4979 exeunt
1501 4910 1687 5001 ligna
1725 4931 1975 4976 seriora
2007 4916 2349 4998 portantes
2383 4911 2448 4976 in
2481 4933 2632 4976 nta-

1082 5017 1307 5096 nibus,
1352 5019 1602 5110 quibus
1624 5017 1903 5084 arbores
1937 5016 2368 5105 percutiendo
2399 5016 2629 5108 fugant

1076 5127 1463 5205 colunibaS,
1500 5150 1670 5220 quas
1710 5149 1867 5193 cum
1901 5126 2347 5215 insequuntur
2383 5128 2634 5216 accipi-

1082 5244 1244 5311 tres,
1280 5237 1531 5304 cadunt
1551 5236 1637 5303 ad
1668 5244 1914 5304 terram
1939 5235 2180 5301 tiniore
2210 5236 2626 5325 accipitrum.

1079 5350 1144 5410 et
1164 5366 1202 5409 a
1224 5345 1672 5412 venatoribus
1692 5341 2162 5436 percutiuntur
2198 5350 2262 5409 et
2293 5343 2632 5434 colligun-

1086 5456 1220 5515 tur.
1268 5448 1445 5516 Dant
1480 5459 1711 5520 autern
1761 5450 1843 5517 de
1885 5447 2112 5538 praeda
2164 5449 2630 5517 columbarum

1079 5557 1521 5646 accipitribus
1566 5581 1583 5625 ε
1637 5559 1798 5649 quia
1829 5555 2024 5622 aliter
2076 5553 2156 5623 de
2221 5567 2464 5625 caetero
2493 5578 2630 5624 non

1082 5663 1348 5732 exirent
1372 5686 1530 5732 cum
1569 5664 1668 5732 eis
1697 5662 1783 5731 ad
1814 5662 2247 5729 venationem
2276 5663 2633 5733 columba-

4196 315 4325 381 453

2771 497 2946 542 rum.
2994 477 3214 569 Hujus
3253 489 3481 546 autent
3517 481 3740 548 simile
3781 505 3948 568 ergo
3992 484 4134 570 ipse
4172 503 4327 547 cum

2761 604 2979 649 esseni
3005 585 3305 672 juveniS‚
3350 586 3433 653 de
3462 587 3841 654 falconibus
3891 612 4045 654 surn
4081 611 4330 678 exper-

2761 700 2867 759 tus
2896 717 2910 760 :
2936 694 3507 785 quandocumque
3539 699 3721 763 enim
3745 721 4016 765 mecum
4036 697 4118 763 ad
4146 721 4329 764 cam-

2762 824 2925 891 pum
2950 800 3111 867 duxi
3132 825 3356 880 caneS,
3385 805 3503 894 qui
3532 812 3818 871 vocatur
3837 829 4038 873 canes
4056 807 4317 883 avium,

2757 932 2838 976 eo
2890 908 3073 998 quod
3122 911 3344 977 sciunt
3391 932 3552 977 aves
3621 913 3966 989 invenire,
4021 912 4322 981 falcones

2759 1020 2826 1085 in
2885 1039 3039 1086 aere
3087 1019 3399 1087 volantes
3449 1044 3656 1111 super
3702 1044 3813 1089 me
3858 1021 4325 1111 sequebantur

2758 1127 2843 1193 ad
2889 1150 3238 1217 campum,
3282 1137 3349 1196 et
3396 1138 3881 1218 percusserunt
3933 1151 4094 1197 aves
4151 1152 4320 1219 quas

2755 1257 2958 1320 canes
2997 1235 3457 1326 fugaverunt:
3520 1244 3586 1303 et
3618 1235 3748 1302 illae
3801 1238 4148 1315 timentes,
4208 1260 4323 1303 re-

2755 1341 3073 1410 diverunt
3123 1343 3208 1410 ad
3265 1351 3543 1420 terram,
3600 1352 3667 1410 et
3725 1345 4186 1433 permiserunt
4249 1366 4321 1410 se

2755 1448 3072 1517 manibus
3102 1451 3339 1539 accipi,
3375 1459 3440 1517 et
3485 1452 3553 1516 in
3595 1449 3728 1517 stne
3759 1451 4148 1517 venationis
4168 1451 4321 1516 cui-

2753 1559 2921 1627 libet
2946 1558 3195 1626 falconi
3233 1557 3548 1625 dedimus
3589 1580 3800 1625 unam
3838 1581 3854 1625 :
3898 1567 3964 1625 et
4001 1565 4167 1627 tunc
4207 1581 4320 1625 re-

2754 1675 3168 1736 cesserunta
3213 1666 3436 1734 nobis.
3502 1666 3651 1735 lloc
3706 1674 3936 1734 autem
3988 1690 4129 1734 non
4158 1674 4318 1733 tan-

2752 1783 2899 1844 tum
2940 1773 3181 1842 accidit
3224 1774 3468 1841 avibus
3518 1772 3901 1864 rapacibus,
3947 1772 4067 1840 sed
4106 1774 4315 1841 etiam

2751 1884 2903 1951 aliis
2959 1880 3372 1950 animalibus
3440 1881 3523 1950 de
3588 1881 3818 1970 praeda
3891 1880 4307 1948 viventibus,

2751 1989 3015 2066 Dicitur
3044 1988 3226 2056 enim
3268 1987 3455 2078 quod
3485 1989 3683 2077 juxta
3744 1986 4027 2076 paludes
4065 1985 4319 2054 Meoti-

2750 2097 2871 2164 das
2900 2097 3099 2185 juxta
3122 2095 3704 2185 aequinoctialem,
3751 2116 3905 2183 qua·
3940 2117 4321 2186 mat-epar-

2750 2225 2910 2269 vum
2941 2225 2981 2269 a
3022 2201 3431 2292 quibusdam
3463 2210 3823 2277 vocantur,
3879 2199 3965 2267 ad
4010 2203 4322 2289 piscato-

2751 2335 2855 2379 res
2893 2311 3179 2379 veniuut
3209 2307 3490 2399 quidam
3519 2308 3656 2398 lupi
3700 2309 4024 2397 aquatici,
4070 2314 4140 2376 et
4175 2307 4320 2397 pel-

2749 2418 2897 2486 lunt
2935 2419 3153 2508 pisces
3213 2416 3284 2483 in
3348 2418 3518 2483 retia
3575 2416 3657 2482 de
3717 2415 4059 2505 profundo
4098 2437 4321 2505 aqua-

2747 2550 2898 2593 rum
2935 2548 2950 2592 :
2996 2534 3059 2592 et
3088 2548 3244 2593 cum
3277 2526 3471 2592 linita
3500 2533 3602 2591 est
3632 2524 3945 2613 piscatio,
3972 2522 4173 2590 datur
4200 2521 4316 2589 lu-

2747 2637 2849 2726 pis
2901 2633 2982 2700 de
3029 2632 3355 2723 piscibus,
3390 2640 3462 2699 ut
3513 2632 3640 2697 alia
3691 2632 3839 2698 vice
3890 2633 4138 2697 iterum
4199 2653 4313 2697 re-

2745 2749 3094 2810 vertantur
3130 2763 3144 2807 :
3189 2748 3250 2807 et
3293 2740 3349 2805 si
3402 2761 3537 2806 uon
3599 2738 3905 2805 dederint
3942 2740 4040 2804 eis
4081 2738 4311 2827 pisca-

2748 2848 3027 2917 toresde
3068 2846 3390 2937 piscibus,
3422 2846 3789 2913 observant
3823 2845 3990 2912 retia
4030 2842 4307 2934 quando

2743 2959 3103 3030 siccantur,
3140 2964 3205 3022 et
3238 2955 3535 3021 lacerant
3579 2979 3684 3030 ea,
3750 2951 4153 3021 absentibus
4199 2952 4314 3041 pi-

2742 3063 3142 3133 scatoribus.

2832 3194 3297 3262 Narraverunt
3324 3199 3553 3259 autern
3587 3190 3788 3258 nobis
3812 3189 4046 3258 fideles
4094 3211 4313 3256 aucu-

2743 3327 2858 3393 pes
2921 3303 2988 3369 in
3046 3300 3379 3391 superiori
3454 3308 3646 3390 parte
3716 3298 4103 3365 Germania·
4154 3320 4307 3387 qua-

2742 3411 2995 3479 Suevia
3046 3410 3361 3501 superior
3408 3417 3867 3499 nuncupatur,
3913 3406 4098 3498 quod
4149 3429 4307 3474 cuni

2742 3521 2941 3611 longe
2992 3518 3509 3609 ingrederentur
3550 3520 3615 3584 in
3649 3516 4070 3608 profundum
4111 3514 4304 3582 silvae

2738 3629 2822 3697 acl
2852 3628 3216 3719 capiendas
3245 3628 3600 3718 accipitres
3630 3627 3747 3717 qui
3769 3636 4037 3692 astures
4056 3646 4310 3692 vocan-

2743 3748 2872 3816 tur,
2902 3740 3311 3805 invenerunt
3355 3745 3658 3803 asturem
3710 3757 4040 3825 magnum
4098 3730 4301 3799 valde

2739 3848 3123 3936 antiquum,
3157 3851 3223 3911 et
3253 3846 3448 3934 quasi
3479 3841 3712 3910 albuin
3735 3842 3993 3910 factum
4015 3864 4101 3907 ex
4131 3839 4309 3907 rnul-

2741 3963 2809 4021 ta
2837 3952 3267 4042 antiquitate,
3310 3959 3606 4016 stantem
3658 3950 3725 4015 in
3767 3947 4071 4039 quodam
4112 3967 4305 4013 ramo

2736 4059 2999 4128 arboris
3030 4061 3102 4126 in
3140 4056 3490 4124 condenso
3531 4054 3721 4122 silva·
3758 4076 3774 4120 ε
3832 4062 3901 4122 et
3938 4075 4098 4121 cum
4130 4073 4309 4143 pau-

2738 4168 2927 4236 latim
2976 4167 3397 4242 accederent,
3452 4188 3591 4233 nou
3640 4165 3843 4255 fugit,
3897 4172 3965 4232 et
4025 4161 4305 4229 tandem

2738 4297 2995 4343 caecum
3025 4296 3185 4342 eum
3224 4297 3372 4342 esse
3413 4295 3552 4363 prae
3601 4272 4011 4363 antiquitate
4057 4270 4309 4358 depre-

2740 4382 3144 4460 henderunt,
3177 4390 3244 4449 et
3274 4380 3418 4448 baec
3456 4382 3770 4448 videntes
3790 4376 4307 4446 absconderunt

2738 4516 2835 4568 se,
2869 4499 2945 4559 ut
2973 4490 3281 4558 viderent
3320 4488 3617 4580 qualiter
3666 4491 3929 4555 viveret
3967 4509 3982 4554 :
4013 4494 4079 4553 et
4145 4491 4299 4574 post

2740 4597 3088 4665 modicum
3117 4604 3451 4663 venerunt
3483 4595 3622 4662 (luo
3654 4603 3922 4662 astures
3961 4591 4302 4680 juniores,

2738 4713 2798 4772 et
2834 4712 3239 4793 paraverunt
3283 4724 3433 4769 eain
3469 4701 3766 4791 pra-«lam
3804 4722 4010 4792 quam
4064 4720 4309 4786 aspor-

2740 4817 3072 4886 taverant,
3115 4816 3181 4875 et
3208 4809 3553 4900 fregerunt
3598 4809 3660 4875 ei
3718 4828 3961 4873 carnes
4002 4806 4311 4871 minuta-

2738 4920 2885 4991 tim,
2911 4926 2979 4985 et
3019 4917 3574 4984 ministraverunt
3606 4916 3667 4982 ei
3694 4938 3708 4982 ε
3745 4913 3925 4982 banc
3944 4914 4131 4981 enirn
4158 4910 4308 5002 pie-

2738 5034 2947 5093 tatem
2988 5032 3229 5092 natura
3274 5024 3510 5092 inultis
3540 5024 3811 5091 videtur
3854 5021 4122 5088 dedisse
4153 5017 4310 5086 ani-

2739 5131 3056 5208 malibus,
3093 5131 3276 5223 quod
3307 5128 3481 5201 sic'ut
3513 5154 3667 5198 cum
3692 5132 3912 5197 virtus
3942 5124 4187 5195 debilis
4207 5132 4310 5192 est

2739 5239 2807 5305 in
2821 5239 3725 5331 juvenibus.provi‹lentia1n
3739 5239 4080 5326 juvenum
4096 5242 4314 5324 agunt

2737 5354 3049 5435 parentes
3111 5369 3127 5412 :
3186 5348 3273 5414 ita
3334 5344 3737 5437 parentibus
3802 5340 4304 5416 deticientibus,

2740 5461 2807 5519 et
2831 5459 3173 5525 crescente
3212 5461 3278 5519 et
3308 5450 3753 5520 corroborata
3802 5450 4057 5517 virtute
4099 5448 4169 5515 in
4190 5447 4315 5535 ju-

2735 5567 3015 5627 ventute
3036 5559 3406 5648 juvenum,
3451 5557 3539 5624 ab
3565 5557 3732 5648 ipsis
3753 5556 3913 5626 tiliis
3940 5551 4315 5648 providea-

2737 5670 2854 5731 tur
2916 5663 3312 5754 parentibus
3395 5660 3871 5732 deficientibus
3924 5684 3940 5729 ε
4011 5665 4078 5726 et
4134 5655 4314 5724 hanc
