4919 6371
755 431 881 501 118

757 600 1053 670 santium
1085 601 1150 660 et
1180 592 1568 681 quietarum
1588 596 1839 682 μαι-ιρι,
1877 608 2029 677 quae
2063 607 2298 650 omnes·

758 708 1152 776 derivantur
1197 724 1237 768 a
1266 700 1532 768 duabus
1575 698 1794 773 veniS,
1838 691 2015 761 orthi
2054 690 2302 757 videli-

761 822 865 880 cet
894 819 958 879 et
985 819 1293 878 ventrem
1333 807 1649 877 habente.
1681 805 1806 870 Tot
1848 802 2029 870 enim
2059 800 2140 867 de
2171 798 2302 866 illis

761 918 848 986 ad
883 917 1253 997 testiculos,
1296 922 1365 982 et
1401 934 1641 980 eorum
1690 908 2012 977 interiora
2049 928 2303 973 conve-

758 1030 981 1108 niunt,
1016 1025 1198 1117 quod
1229 1021 1283 1090 si
1316 1043 1532 1088 unum
1562 1018 2072 1111 suspensorium
2100 1015 2302 1082 unius

757 1137 944 1230 globi
984 1132 1341 1211 incidatur,
1382 1130 1805 1222 apparebunt
1858 1128 2302 1220 plurimarum

756 1263 1084 1312 venarum
1130 1238 1495 1306 incisiones
1538 1259 1553 1305 ε
1608 1237 1767 1329 quia
1829 1238 1976 1327 ipsa
2019 1254 2309 1324 suspen-

760 1347 944 1416 soria
971 1348 1174 1414 etiam
1205 1344 1290 1413 ad
1318 1353 1578 1412 tactum
1627 1341 1993 1411 ostendunt
2043 1363 2113 1407 se
2161 1360 2306 1407 esse

760 1453 1139 1545 composita
1174 1476 1260 1520 ex
1287 1450 1601 1543 plurimis
1630 1448 1762 1517 filis
1791 1469 2143 1516 venarum.

758 1575 764 1581 ’
852 1560 1022 1630 Cum
1064 1570 1290 1630 autem
1329 1555 1747 1649 completum
1777 1562 1879 1625 est
1914 1575 2184 1647 sperma
2237 1553 2305 1622 in

764 1669 1013 1761 globis,
1058 1666 1432 1735 effunditur
1456 1688 1542 1734 ex
1572 1667 1671 1733 eis
1708 1666 1780 1732 in
1816 1671 1981 1730 vasa
2008 1657 2308 1730 semina-

763 1775 861 1843 ria
909 1795 1063 1864 quae
1119 1771 1379 1839 ducunt
1418 1770 1489 1837 in
1537 1765 1804 1836 canales
1856 1769 2096 1857 virgae,
2138 1766 2310 1832 sicut

764 1880 1057 1950 diximus
1085 1878 1425 1969 superius,
1477 1881 1546 1945 et
1589 1877 1661 1944 in
1716 1876 1897 1944 coitu
1959 1873 2314 1966 projicitur

764 1989 837 2056 in
902 1986 1205 2055 mulieris
1240 1983 1523 2052 vulvam
1551 1990 1629 2053 ιιι
1656 1981 2035 2052 attrahatur
2079 2003 2119 2051 a
2158 2004 2312 2050 ma-

764 2094 953 2174 trice,
986 2102 1053 2163 et
1107 2093 1342 2161 obviat
1378 2093 1440 2161 ei
1472 2088 1805 2161 orificium
1837 2091 2120 2160 interius
2156 2113 2312 2159 ma-

764 2202 950 2272 tricis
1005 2224 1161 2270 cum
1227 2200 1418 2269 hiatu
1485 2208 1556 2268 et
1637 2193 1795 2268 forti
1887 2196 2307 2278 attractione,

767 2307 1141 2378 dummodo
1171 2307 1377 2376 ambo
1407 2304 1612 2374 simul
1657 2306 2098 2397 projiciantur
2122 2329 2316 2397 sper-

769 2436 883 2484 ma
909 2416 1036 2483 viri
1063 2412 1381 2482 videlicet
1408 2422 1478 2483 et
1513 2412 1838 2483 mulieris.

784 2605 791 2614 ο
856 2520 1174 2591 'resticuli
1230 2530 1462 2590 autem
1519 2522 1725 2591 creati
1783 2531 1940 2590 sunt
2005 2543 2088 2590 ex
2116 2543 2313 2590 carne

772 2631 925 2702 alba
952 2628 1356 2723 glandulosa
1388 2629 1557 2699 dura
1586 2627 1886 2723 replente
1914 2631 2090 2699 inter
2123 2652 2319 2698 eom-

771 2739 1122 2832 plexiones
1170 2760 1538 2809 nervorum
1577 2746 1645 2808 et
1668 2762 2004 2809 venarum
2032 2744 2100 2808 et
2133 2748 2317 2808 arte-

771 2851 1024 2918 riarum
1058 2871 1074 2917 :
1109 2859 1174 2917 et
1213 2846 1360 2918 hoec
1389 2873 1548 2918 caro
1603 2851 1823 2941 magis
1876 2850 2053 2917 inter
2081 2871 2318 2918 omnes

771 2953 1012 3024 similis
1077 2956 1176 3023 est
1241 2953 1425 3024 carni
1492 2954 1814 3024 mamilla*
1851 2978 1867 3025 ε
1899 2965 1965 3024 et
2019 2956 2192 3024 sicut
2234 2956 2315 3026 de

772 3084 975 3133 carne
1003 3058 1328 3133 mamillae
1358 3062 1682 3150 diximus,
1716 3064 1805 3133 ita
1844 3073 1912 3133 et
1958 3065 2085 3134 ista
2157 3065 2320 3132 assi·

775 3169 967 3240 milat
1032 3171 1437 3264 sanguinem
1492 3162 1792 3242 delatum
1850 3170 1934 3241 ad
1981 3195 2054 3242 se
2107 3169 2317 3243 colori

775 3290 929 3360 suo,
962 3281 1214 3351 etfacit
1276 3296 1436 3351 eum
1508 3276 1767 3351 album.
1823 3270 2164 3372 Adjuvant
2196 3306 2318 3351 au-

774 3395 914 3457 tem
945 3385 1030 3457 ad
1084 3384 1269 3458 hunc
1294 3387 1598 3460 colorem
1642 3378 1846 3459 etiam
1876 3412 1996 3458 aer
2021 3394 2086 3458 et
2114 3384 2320 3481 spiri-

775 3492 887 3568 tus
915 3519 1068 3592 quae
1100 3500 1306 3567 ιιιιιι
1288 3518 1360 3567 ιιι
1388 3493 1598 3625 'globo
1636 3521 1721 3570 ex
1759 3498 1952 3567 venis
1986 3494 2323 3591 pulsanti-

778 3607 932 3677 bus.

867 3698 1180 3806 Amplius
1231 3732 1371 3784 non
1418 3676 1689 3808 oportet
1718 3678 1999 3819 latere,
2000 3700 2321 3808 quoniam

778 3820 1211 3917 suspensoria
1241 3812 1711 3892 testiculorum
1741 3844 1895 3914 qum
1934 3814 2092 3890 sunt
2131 3838 2322 3888 vente

779 3938 846 4002 et
898 3931 1162 3998 arterioe
1219 3935 1287 3998 et
1343 3925 1537 3999 nervi
1582 3924 1976 4022 globorum,
2016 3927 2330 3998 oriuntur

781 4062 824 4108 a
876 4035 1324 4106 foraminibus
1378 4036 1555 4105 ossis
1600 4030 1903 4115 femoris,
1952 4038 2020 4105 et
2047 4027 2331 4104 descen-

783 4148 952 4217 dunt
978 4169 1104 4239 per
1128 4145 1379 4240 pellam
1436 4158 1590 4239 quo
1643 4148 1931 4215 'vocatur
1951 4144 2233 4237 syphac,
2264 4149 2332 4213 et

786 4257 930 4348 ipsa
958 4251 1155 4347 pellis
1179 4250 1440 4346 syphnc
1466 4249 1720 4321 ibidem
1749 4246 2053 4322 extendit
2104 4272 2176 4319 se
2206 4272 2334 4319 ex-

784 4373 887 4432 tra
942 4357 1375 4455 suspensoria
1425 4359 1597 4457 ipsa,
1640 4353 1876 4453 tegens
1923 4378 2004 4428 ca
2037 4381 2054 4428 ε
2085 4367 2151 4428 ct
2178 4380 2334 4429 cum

791 4474 893 4537 est
918 4473 1108 4536 extra
1125 4482 1401 4560 comus,
1431 4463 1680 4535 iterum
1735 4458 2055 4535 dilatatur
2076 4471 2145 4533 et
2169 4486 2340 4534 con-

790 4573 999 4643 cludit
1055 4574 1125 4641 in
1182 4595 1254 4643 se
1301 4562 1574 4666 globos,
1605 4578 1672 4643 et
1727 4571 1803 4642 iit
1832 4569 2192 4641 intrinseca
2222 4578 2337 4641 tu-

791 4681 943 4749 nica
968 4682 1150 4748 ‘oxei.
1182 4676 1584 4750 Exti-insece
1630 4684 1859 4750 autem
1896 4676 2125 4749 tunica
2154 4676 2340 4769 ejus-

787 4788 946 4859 dem
972 4781 1195 4857 burste
1224 4786 1299 4857 iit
1345 4784 1430 4857 de
1467 4793 1620 4858 cute
1665 4786 1988 4857 exteriori
2015 4786 2334 4859 hominis.

786 4893 873 4967 Et
936 4897 1027 4967 ita
1081 4903 1293 4992 patet,
1337 4894 1524 4992 quod
1578 4892 1924 4992 panniculi
1972 4896 2340 4966 exteriores

792 4998 1258 5096 cooperientes
1311 5010 1527 5070 venas
1582 5004 1650 5071 ct
1691 5003 1970 5072 arterias
2000 5010 2067 5072 et
2094 5025 2340 5073 nervos

783 5111 1254 5205 suspensorios
1281 5098 1680 5203 globorum,
1713 5116 1874 5180 sunt
1902 5108 1986 5180 de
2018 5105 2341 5182 substan-

782 5214 877 5288 tia
902 5214 1183 5309 syphac,
1217 5217 1288 5285 et
1314 5208 1664 5286 intrinseci
1696 5209 2040 5308 panniculi
2070 5238 2339 5286 eorum-

779 5324 934 5394 dem
963 5326 1279 5395 oriuntur
1304 5326 1388 5395 de
1435 5323 1820 5419 panniculis
1886 5325 2129 5394 nuchoe
2188 5342 2338 5419 quae

774 5437 878 5500 est
914 5429 985 5500 in
1013 5448 1168 5502 osse
1194 5432 1503 5515 femoris,
1536 5441 1605 5502 et
1633 5439 1907 5502 meatus
1954 5453 2077 5525 per
2131 5452 2336 5525 quem

774 5539 1155 5630 penetrant,
1213 5546 1316 5611 est
1377 5563 1504 5634 per
1556 5556 1636 5633 sy
1640 5533 1814 5632 phac
1872 5559 2012 5608 non
2059 5536 2335 5634 quidem

768 5644 1242 5747 periuratum.
1283 5645 1405 5715 sed
1424 5647 1659 5741 quod
1709 5649 1779 5716 in
1810 5646 1929 5717 illa
1953 5652 2144 5740 parte
2176 5667 2332 5719 cum

698 5768 705 5775 “
762 5751 875 5823 ais
931 5751 1019 5823 ad
1071 5744 1371 5824 exterius
1445 5751 1756 5824 strictum
1812 5750 2208 5846 porrigitur,
2268 5754 2340 5826 ct

1750 414 1835 486 D.
1886 415 2085 486 ALB.
2138 415 2353 484 MAG.
2407 417 2615 487 ORD.
2672 420 2971 491 PRAED.

2412 594 2576 655 tunc
2606 589 2928 657 dilatatur
2954 592 3039 657 ad
3061 593 3457 659 interiorem
3481 595 3785 661 tunicam
3818 592 3972 658 oxei

2414 696 2935 763 contexendam.

2500 802 2656 870 Jam
2686 804 2888 869 etiam
2919 803 3176 870 dictum
3209 810 3312 868 est
3352 804 3424 869 in
3455 810 3816 873 anatomia
3854 826 3972 870 ve-

2412 932 2686 987 narum,
2722 911 2905 1001 quod
2935 909 3016 977 ad
3048 909 3333 1000 globum
3382 911 3735 977 sinistrum
3782 911 3971 980 venit

2413 1038 2588 1083 vena
2607 1026 2883 1107 portans
2911 1021 3317 1107 sanguinem
3343 1019 3410 1084 in
3443 1019 3966 1085 nutrimentum.

2414 1120 2524 1186 Ad
2552 1120 2864 1188 dextrum
2894 1130 3121 1189 autem
3153 1125 3343 1190 venit
3370 1122 3503 1190 alia
3533 1121 3620 1190 ab
3650 1122 3787 1190 alia
3817 1146 3970 1214 quae

2414 1221 2637 1294 fundit
2665 1229 2737 1294 in
2784 1228 3007 1318 ipsum
3053 1231 3463 1317 sanguinem
3511 1231 3734 1319 magis
3781 1228 3978 1318 dige-

2417 1342 2599 1401 stum
2630 1343 2697 1403 et
2732 1337 2953 1427 magis
2978 1335 3063 1402 ab
3092 1337 3477 1426 aquositate
3511 1335 3916 1404 mundatum
3953 1360 3969 1404 ε

2419 1466 2640 1535 neque
2694 1453 2794 1513 est
2870 1445 3321 1536 improbabile
3368 1449 3537 1536 quin
3583 1448 3791 1514 etiam
3856 1469 3979 1537 per

2417 1555 2980 1643 spongiositatem
3055 1552 3527 1621 membrorum
3585 1552 3846 1646 aliquid
3904 1553 3976 1620 in

2417 1652 2767 1727 testiculos
2796 1658 3160 1728 descendat
3189 1660 3376 1751 quod
3406 1661 3476 1727 in
3515 1683 3787 1752 sperma
3824 1659 3974 1729 for-

2423 1773 2668 1834 matur.
2701 1754 2788 1834 Et
2816 1766 2973 1835 licet
3000 1767 3073 1834 in
3110 1773 3405 1859 utroque
3433 1766 3644 1859 globo
3701 1790 3976 1859 sperma

2420 1872 2776 1959 formetur,
2807 1880 3036 1942 tamen
3065 1881 3143 1942 ut
3169 1873 3591 1965 frequentius
3620 1874 3861 1942 dexter
3888 1872 3972 1942 ad

2418 1980 2552 2051 hoc
2577 1978 2817 2051 fortior
2842 1990 2945 2051 est
2973 2006 3179 2075 quam
3209 1984 3505 2064 sinister,
3539 1984 3671 2053 nisi
3722 1984 3811 2051 sit
3860 1983 3978 2051 de·

2419 2091 2695 2159 stitutus
2733 2114 2820 2159 ex
2858 2091 3088 2184 aliquo
3125 2092 3496 2160 accidente.
3529 2089 3716 2160 Vasa
3744 2099 3975 2160 autem

2417 2197 2779 2289 spermatis
2842 2202 2986 2268 sive
3042 2195 3307 2268 canalia
3363 2200 3701 2292 incipiunt
3728 2223 3852 2291 per
3904 2224 3978 2270 se

2373 2352 2380 2358 -
2419 2304 2857 2398 singulariter
2883 2306 2967 2374 ab
3009 2314 3300 2398 utroque
3331 2305 3542 2398 globo
3573 2308 3975 2398 separatim,

2419 2414 2597 2482 sicut
2623 2413 2830 2482 etiam
2876 2409 3064 2506 globi
3111 2416 3407 2505 separati
3437 2422 3599 2483 sunt
3646 2407 3734 2483 ab
3794 2413 3983 2482 invi-

2420 2543 2568 2590 cem
2609 2537 2625 2590 :
2661 2520 2813 2590 licet
2844 2544 3023 2590 unus
3050 2519 3293 2591 ambos
3322 2507 3672 2591 contineat
3701 2544 3917 2591 oxeos
3960 2544 3976 2590 ε

2421 2637 2489 2699 ct
2519 2650 2658 2699 non
2686 2635 2847 2698 sunt
2893 2627 3031 2697 duo
3059 2637 3341 2721 propter
3384 2626 3518 2697 hoc
3565 2628 3752 2720 quod
3802 2651 3985 2696 unus

2422 2760 2563 2807 non
2588 2737 2804 2829 possit
2832 2730 3173 2827 complere
3204 2759 3475 2828 sperma
3504 2735 3654 2805 sine
3685 2725 3977 2827 reliquo.

2421 2843 2598 2925 Quia
2653 2842 2954 2911 vidimus
3007 2840 3237 2937 plures
3266 2851 3591 2912 coeuntes
3649 2850 3717 2911 et
3764 2866 3986 2933 gene-

2422 2957 2647 3018 rantes
2691 2970 2814 3040 per
2838 2963 3055 3017 unum
3109 2946 3337 3016 solum
3392 2950 3624 3017 exc-iso
3684 2943 3977 3040 reliquo.

2424 3056 2562 3127 Sed
2590 3065 2748 3126 sunt
2773 3056 2938 3137 duo,
2968 3054 3156 3150 quod
3185 3057 3240 3125 'si
3272 3058 3625 3147 contingat
3676 3054 3796 3123 uni
3846 3078 3981 3125 no-

2422 3173 2841 3245 cumentum,
2900 3165 3085 3257 quod
3128 3188 3253 3260 per
3298 3163 3580 3233 alterius
3629 3162 3984 3258 operatio-

2425 3295 2582 3344 nem
2612 3270 2731 3343 ssat
2758 3272 3018 3343 naturae
3050 3275 3361 3341 intentio.
3396 3271 3695 3341 Istat-um
3743 3281 3978 3342 autem

2422 3376 2693 3450 viarum
2729 3381 3088 3474 spermatis
3115 3387 3403 3473 utraque
3433 3377 3849 3449 sensibiliter
3873 3377 3988 3447 di-

2423 3491 2678 3561 latatur
2702 3512 2914 3583 prope
2967 3482 3281 3582 globum,
3332 3491 3399 3557 et
3451 3491 3693 3583 postea
3749 3488 3988 3589 incipit

2424 3596 2824 3693 constringi,
2867 3586 3190 3693 quamvis
3235 3593 3307 3666 in
3355 3584 3764 3668 mulieribus
3801 3582 3990 3671 divi-

2427 3701 2939 3780 danturversus
2985 3694 3126 3789 iiia,
3176 3692 3348 3774 sieut
3418 3688 3794 3773 'diximus
3780 3698 3996 3797 supe-

2428 3816 2595 3887 rius.
2627 3804 2793 3885 lime
2821 3819 3050 3883 autem
3079 3836 3243 3882 vasa
3292 3808 3363 3883 in
3400 3807 3569 3881 viris
3615 3808 3994 3882 ascendunt

2430 3928 2503 3994 in
2565 3923 2830 4021 primis,
2888 3918 2953 3993 et
3033 3914 3278 3991 deinde
3334 3919 3680 3992 declinant
3753 3942 3995 3990 versus

2431 4030 2686 4103 collum
2740 4030 2985 4101 vesica)
3042 4028 3339 4099 inferens
3384 4027 3515 4098 sub
3568 4032 3802 4115 meatu
3845 4028 3997 4096 uri-

2434 4163 2563 4210 nae.

2522 4242 2762 4372 Virga
2755 4266 2920 4313 vero
2939 4237 3329 4313 membrum
3349 4238 3451 4310 esi
3476 4200 3999 4313 instrumentale

2437 4348 2522 4424 ad
2550 4344 2806 4423 coitum
2835 4358 3174 4446 paratum
3178 4373 3263 4418 ex
3294 4338 3626 4419 membris
3664 4371 3818 4444 quae
3847 4348 4000 4418 sin-

2437 4458 2765 4561 gulariter
2808 4469 2961 4532 sunt
2996 4450 3462 4549 iioenmoniniin
3496 4465 3556 4523 et
3612 4481 3899 4525 nervosa
3934 4464 3998 4527 et

2443 4570 2784 4645 arteriata.
2817 4515 3240 4662 Principium
3279 4569 3464 4635 enim
3522 4566 3812 4659 originis
3854 4566 4005 4657 ejus

2441 4692 2544 4753 est
2572 4705 2820 4775 corpus
2856 4681 2927 4749 in
2957 4676 3139 4771 quod
3173 4674 3518 4744 ‹lt-scemlii
3570 4699 3730 4742 raro
3789 4674 3996 4743 medii

2439 4789 2751 4884 pectinis,
2806 4779 3246 4878 ligamentale
3327 4784 3396 4849 at
3475 4776 3795 4851 lacet-tale
3852 4779 3997 4851 sive

2440 4894 2760 4968 chordale
2786 4892 3099 4988 plurima
3126 4890 3595 4970 concavitatis,
3639 4886 3709 4957 in
3743 4911 3881 4981 qua
3909 4889 3999 4957 sit

2444 5012 2689 5076 ventus
2717 5011 2785 5072 et
2843 5000 2974 5071 vin
3028 4990 3517 5068 humiditatum
3566 4992 3997 5064 diversarum

2442 5133 2595 5209 quae
2647 5110 3010 5203 ejiciuntur
3060 5129 3184 5209 per
3239 5106 3484 5198 ipsam,
3533 5104 3854 5197 quannis
3911 5103 4001 5170 sit

2442 5208 2678 5289 multis
2739 5222 3189 5311 coopertum.
3241 5214 3309 5280 et
3362 5208 3639 5305 quando
3697 5202 4002 5301 repletur

2440 5325 2848 5397 ventositate
2885 5338 3123 5416 grossa
3150 5316 3337 5407 forti,
3368 5315 3657 5431 erigitur
3692 5323 3766 5384 e't
3792 5313 4003 5385 indu-

2441 5439 2653 5502 ratur.

2527 5528 2832 5610 Veniunt
2868 5534 3099 5606 antem
3140 5532 3215 5602 in
3262 5526 3497 5627 ipsum
3520 5514 3836 5623 plurimis
3878 5530 3999 5637 ar7

2437 5643 2625 5718 terim
2651 5638 2972 5728 dilatata,
3010 5640 3082 5712 et
3085 5622 3486 5715 adveniunt
3513 5632 3578 5707 ei
3614 5638 3812 5707 nervi
3837 5620 4004 5738 piu·

2438 5773 2550 5825 res
2575 5764 2663 5823 a'x
2688 5730 2965 5822 ossibus
2989 5726 3254 5820 ιιῑιιίιίωι
3245 5744 3324 5819 et
3339 5736 3587 5817 renum
3616 5734 3989 5815 exeuntes.
