4919 6371
2035 390 2206 461 LIB.
2261 391 2289 458 Ι
2336 391 2456 459 DE
2503 388 3090 468 ANIMALIBUS,
3139 390 3445 458 TRACT.
3500 390 3562 457 ΙΙ
4320 391 4404 456 ’15

1184 561 1373 652 pedis
1406 583 1485 628 os
1526 560 1712 650 quod
1750 570 2036 629 vocatur
2107 564 2531 638 navic-zelare,
2582 560 2743 649 quia

1185 679 1285 737 est
1320 692 1531 759 super
1556 693 1937 738 concavum
1977 670 2194 762 pedis,
2232 677 2300 735 et
2330 676 2431 733 est
2495 689 2744 733 conca-

1183 799 1344 841 vum
1370 784 1435 843 et
1479 780 1925 845 continuatur
1945 779 2285 866 posterius
2325 795 2482 840 cum
2520 771 2745 838 calca-

1182 883 1292 950 nei
1350 907 1503 952 osse
1539 908 1553 951 :
1636 885 1938 952 anterius
2003 889 2229 949 autem
2307 880 2744 947 continuatur

1183 1013 1339 1058 cum
1407 992 1627 1061 tribus
1700 997 1978 1058 rascetae
2032 986 2221 1078 pedis
2279 985 2569 1055 ossibus.
2641 985 2744 1052 Ex

1181 1106 1373 1188 parte
1404 1108 1636 1168 autem
1659 1095 1957 1164 silvestri
1989 1095 2179 1185 pedis
2208 1096 2645 1164 continuatur
2665 1116 2741 1162 os

1184 1204 1529 1294 quoddam
1607 1201 1792 1292 quod
1848 1209 2136 1270 vocatur
2208 1203 2733 1293 qrandinosum,

1182 1322 1247 1380 et
1275 1321 1376 1380 est
1408 1333 1797 1401 exagonum
1829 1311 1901 1379 in
1930 1312 2248 1379 anteriori
2280 1311 2494 1402 pedis,
2529 1318 2596 1376 et
2625 1308 2740 1375 ha-

1179 1419 1292 1488 bet
1345 1419 1639 1511 angulos
1703 1421 1789 1489 ad
1845 1420 2165 1496 exteriuS,
2224 1427 2300 1486 ut
2338 1442 2458 1508 per
2513 1420 2736 1507 ipsum

1179 1548 1299 1614 pes
1337 1525 1514 1594 bene
1558 1526 1811 1618 figatur
1847 1526 1919 1592 in
1958 1526 2275 1592 exteriori
2304 1531 2520 1614 parte.
2566 1522 2736 1590 Cum

1181 1633 1557 1702 naviculari
1581 1641 1814 1702 autem
1846 1634 1917 1699 in
1946 1631 2265 1699 anteriori
2296 1631 2490 1721 pedis
2518 1631 2737 1698 conti-

1177 1748 1479 1808 nuantur
1535 1763 1690 1809 ossa
1758 1745 2036 1807 rascetae
2098 1739 2315 1828 pedis,
2370 1760 2523 1828 quae
2579 1745 2738 1804 sunt

1174 1847 1308 1914 tria
1342 1855 1536 1916 curta
1560 1856 1628 1915 et
1693 1847 2061 1914 durissima
2098 1847 2167 1913 in
2197 1847 2567 1915 eminentia
2613 1868 2737 1936 pe-

1179 1952 1281 2020 ‹lis
1309 1955 1579 2043 posita:
1635 1976 1787 2045 quae
1824 1961 2057 2021 tamen
2108 1953 2385 2043 quidam
2441 1959 2737 2043 quatuor

1179 2081 1325 2127 esse
1382 2059 1642 2142 dicunt,
1701 2061 1862 2151 quia
1919 2061 2046 2151 ipsi
2111 2083 2189 2128 os
2240 2059 2734 2150 grandinosum

1177 2174 1341 2235 tunc
1377 2189 1539 2235 cum
1594 2167 1816 2236 tribus
1864 2166 2057 2235 dictis
2100 2173 2618 2235 connumerant.
2653 2166 2739 2235 Et

1177 2268 1285 2338 bis
1324 2278 1912 2341 connumerantur
1965 2272 2266 2361 quinque
2315 2293 2471 2338 ossa
2517 2271 2735 2363 pecti-

1178 2379 1284 2446 nis
1328 2379 1549 2469 pedis.
1595 2379 1680 2447 Et
1728 2377 1837 2448 his
1878 2378 2164 2475 ulterius
2203 2381 2506 2470 quinque
2543 2379 2733 2468 digiti

1176 2487 1391 2576 pedis,
1448 2510 1747 2579 quorum
1806 2488 2094 2581 quilibet
2148 2487 2352 2556 habet
2398 2488 2528 2555 tria
2581 2509 2737 2556 ossa

1175 2603 1421 2685 praeter
1457 2597 1792 2685 majorem
1822 2599 1939 2688 qui
1970 2595 2174 2665 habet
2199 2596 2335 2662 duo
2374 2618 2552 2663 ossa.

1260 2702 1668 2771 Differentia
1707 2713 1938 2773 autem
1989 2711 2089 2770 cst
2150 2703 2324 2769 inter
2367 2702 2611 2792 pedem
2669 2710 2736 2769 et

1176 2831 1460 2876 manum
1497 2811 1840 2902 praecipue
1879 2810 1949 2876 in
1988 2808 2281 2877 duobus.
2338 2808 2569 2877 Unum
2610 2816 2733 2885 est,

1176 2917 1361 3009 quod
1391 2941 1639 2987 manus
1677 2942 1759 2988 ex
1805 2917 2115 3010 pluribus
2153 2925 2421 2986 constat
2469 2917 2737 2986 ossibus

1177 3047 1384 3116 quam
1405 3047 1551 3116 pes.
1587 3024 1984 3095 Secundum
2015 3034 2243 3094 autem
2290 3031 2414 3102 est,
2450 3024 2635 3116 quod
2665 3026 2736 3093 in

1177 3140 1439 3201 rasceta
1475 3155 1724 3203 manus
1755 3141 1915 3203 sunt
1944 3132 2095 3203 duae
2123 3132 2302 3203 acies
2333 3132 2621 3211 ossium,
2671 3140 2737 3201 et

1176 3240 1247 3308 in
1277 3249 1541 3309 rasceta
1576 3240 1770 3333 pedis
1800 3264 1937 3310 non
1999 3250 2102 3310 est
2143 3240 2271 3309 nisi
2312 3264 2474 3308 una.
2517 3240 2736 3308 Causa

1176 3354 1407 3414 autem
1439 3345 1649 3437 hujus
1711 3357 1838 3427 est,
1907 3349 2069 3439 quia
2131 3370 2289 3417 cum
2355 3371 2601 3416 manus
2648 3347 2737 3416 sit

1176 3478 1516 3549 organum
1545 3480 1967 3551 organorum
2014 3458 2196 3528 etad
2248 3457 2525 3526 subtilia
2565 3480 2737 3550 ope-

1177 3587 1277 3650 ra,
1344 3574 1620 3660 oportet
1680 3589 1836 3637 eam
1892 3565 2143 3636 habere
2186 3565 2521 3658 plurimas
2565 3567 2736 3655 jun-

1166 3680 1418 3743 cturas.
1480 3674 1614 3745 Pes
1667 3684 1900 3745 autem
1957 3697 2099 3744 uon
2148 3682 2253 3745 est
2304 3683 2574 3744 creatus
2644 3674 2732 3743 ad

1164 3775 1322 3858 hoc,
1354 3779 1473 3848 sed
1514 3790 1592 3851 ut
1620 3782 1786 3851 lixio
1815 3782 1966 3871 ejus
2005 3782 2093 3849 sit
2122 3781 2346 3865 firma,
2378 3788 2445 3849 et
2503 3788 2730 3848 motus

1157 3886 1311 3974 ejus
1364 3895 1596 3957 certus
1653 3912 1796 3959 non
1834 3898 2087 3959 nutans
2120 3911 2139 3957 z
2170 3897 2239 3958 et
2282 3888 2438 3956 livet
2483 3887 2571 3956 ad
2597 3887 2731 3957 hoc

1154 3993 1520 4084 exigantur
1538 3995 1910 4083 juncturae,
1943 4002 2174 4064 tamen
2206 3993 2294 4062 ad
2321 3992 2457 4063 hoc
2506 3994 2729 4086 magis

1153 4101 1336 4170 valet
1364 4104 1673 4193 paucitas
1699 4103 1966 4173 ossium
1996 4125 2203 4195 quam
2234 4124 2555 4171 excessus
2592 4124 2731 4171 uu·

1155 4209 1325 4277 meri
1355 4231 1625 4279 eorum.
1668 4209 1750 4280 ln
1778 4210 2011 4303 digitis
2040 4219 2269 4280 autem
2300 4232 2570 4302 ungues
2605 4210 2726 4302 qui

1126 4324 1314 4385 ‘sunt
1366 4340 1525 4386 ossa
1590 4317 1828 4388 mollia
1856 4319 2031 4389 sicut
2069 4325 2138 4386 et
2174 4318 2245 4386 in
2307 4316 2541 4409 digitis
2580 4339 2727 4385 ma-

1156 4445 1400 4493 nuum.
2128 4430 2135 4439 ’

1239 4530 1326 4600 Et
1352 4531 1452 4603 sic
1482 4533 1720 4603 omnia
1750 4555 1907 4603 ossa
1934 4532 2111 4625 riqe'l
2136 4533 2321 4625 quod
2350 4543 2454 4603 est
2476 4535 2726 4602 instru-

1154 4645 1465 4707 mentum
1530 4648 1790 4725 motus,
1848 4648 2009 4709 sunt
2073 4639 2225 4710 duae
2290 4661 2504 4718 coxae,
2583 4662 2724 4709 una

1152 4741 1417 4823 dextra,
1484 4753 1557 4815 et.
1581 4744 1801 4816 altera
1839 4746 2115 4816 sinistra
2166 4766 2185 4813 ε
2235 4745 2516 4815 femoris
2553 4745 2717 4825 duo,

1152 4850 1497 4935 dextrum,
1528 4862 1598 4924 et
1626 4855 2029 4924 sinistrum:
2061 4854 2366 4924 crurium
2393 4861 2716 4946 quatuor,

1154 4956 1291 5027 duo
1329 4958 1594 5039 dextra,
1635 4968 1704 5031 et
1730 4960 1872 5030 duo
1900 4962 2174 5032 sinistra
2214 4984 2232 5031 ε
2265 4959 2510 5032 oculus
2536 4983 2719 5053 genu

1154 5067 1392 5139 dexter
1448 5078 1517 5138 et
1583 5070 1908 5139 sinister:
1950 5092 2103 5161 quae
2172 5069 2382 5141 etiam
2454 5068 2594 5139 duo
2650 5077 2720 5138 et

1155 5177 1291 5246 duo
1328 5174 1602 5246 chahab
1657 5179 1804 5248 sive
1860 5175 2085 5259 achib,
2128 5186 2198 5247 et
2222 5176 2361 5248 duo
2386 5175 2713 5259 calcanei,

1154 5290 1219 5349 et
1280 5282 1421 5352 duo
1476 5281 1927 5363 navicularia,
1968 5291 2039 5353 et
2073 5283 2212 5353 duo
2270 5283 2713 5376 grandinosa,

1154 5398 1218 5458 ct
1251 5412 1378 5461 sex
1433 5412 1595 5460 ossa
1652 5389 1947 5459 duarum
1998 5398 2439 5471 rascetamm,
2497 5394 2719 5483 pecti-

1154 5520 1320 5567 num
1384 5498 1680 5568 duarum
1736 5495 2000 5580 decem,
2033 5498 2337 5591 quinque
2376 5499 2606 5579 unius,
2646 5507 2716 5569 et

1156 5607 1463 5700 quinque
1492 5604 1803 5689 alterius,
1833 5614 1904 5676 et
1935 5605 2182 5700 viginti
2210 5612 2368 5677 octo
2409 5627 2570 5676 essa
2603 5604 2718 5675 di-

1153 5712 1458 5805 gitorum
1484 5711 1743 5807 pedum
1785 5711 2173 5797 amborum,
2204 5722 2274 5783 et
2307 5712 2555 5805 viginti
2589 5734 2717 5783 un·

2849 579 3016 647 gues
3051 580 3066 624 ε
3112 581 3263 648 quae
3303 560 3533 626 omnia
3563 560 3767 627 simul
3814 561 4071 628 faciunt
4125 565 4406 649 septua-

2848 664 3037 753 ginta
3090 664 3225 731 duo
3271 687 3285 731 :
3357 689 3496 733 non
3557 675 3787 734 tamen
3853 667 4401 757 computavimus

2849 793 3003 839 ossa
3041 774 3364 841 sisamina
3395 798 3545 864 qua}
3577 773 3840 864 replent
3878 778 4254 842 vacuitates
4299 773 4405 840 la-

2847 901 3089 947 xarum
3147 882 3623 972 juncturarum
3682 882 3752 948 in
3793 881 4021 971 digitis
4050 881 4302 970 pedum
4336 889 4402 947 et

2846 1008 3199 1055 manuum.
3267 988 3596 1057 Similiter
3659 1012 3800 1057 non
3848 987 4399 1078 computavimus

2846 1116 2922 1162 os
2950 1096 3171 1163 cordis
3209 1104 3276 1164 et
3322 1119 3397 1163 os
3445 1095 3735 1185 hepatis,
3798 1096 3981 1186 quod
4027 1094 4395 1186 aliquando

2843 1201 3210 1271 invenitur.
3275 1203 3358 1269 Et
3423 1204 3520 1270 sic
3584 1203 3962 1271 secundum
4029 1201 4397 1269 subtilissi-

2843 1331 3027 1376 mam
3077 1311 3655 1401 computationem
3688 1318 3849 1379 sunt
3876 1332 4032 1378 ossa
4065 1310 4136 1376 in
4167 1308 4398 1377 homi-

2843 1417 2947 1484 nis
2986 1439 3268 1507 corpore
3321 1418 3610 1487 ducenta
3645 1418 4083 1509 septuaginta
4137 1426 4206 1486 et
4246 1440 4388 1497 sex,

2841 1534 3085 1617 praetcr
3131 1548 3212 1594 ea
3259 1549 3407 1616 quae
3455 1529 3873 1617 excepimus,
3909 1525 4202 1605 Quidam
4267 1549 4396 1594 au-

2841 1641 2982 1702 tem
3013 1655 3153 1700 non
3191 1642 3588 1724 computant
3617 1657 3881 1725 ungues
3929 1633 4174 1724 viginti
4221 1654 4393 1723 quos

2841 1740 3181 1809 diximus:
3227 1749 3293 1810 et
3320 1764 3459 1809 non
3498 1750 3894 1832 computant
3932 1741 4068 1809 duo
4098 1738 4392 1809 ossicula
4435 1769 4445 1780 ·

2841 1850 3158 1942 guttum,
3205 1849 3437 1917 dicunt
3477 1851 3661 1917 enim
3709 1850 4143 1939 cartilagines
4193 1868 4384 1915 esse:

2841 1970 2908 2030 et
2945 1983 3084 2029 non
3113 1969 3512 2051 computant
3547 1983 3704 2029 ossa
3748 1959 4028 2027 femoris
4074 1979 4226 2049 quae
4264 1979 4391 2025 nos

2838 2069 2969 2138 tria
2995 2068 3173 2136 inter
3205 2068 3550 2158 spondiles
3577 2068 3877 2135 diximus
3905 2067 4036 2135 nisi
4066 2087 4190 2156 pro
4221 2088 4386 2145 uno,

2841 2185 2908 2245 et
2962 2200 3039 2246 os
3076 2176 3307 2246 caudoe
3369 2199 3494 2267 pro
3552 2199 3691 2244 uno
3736 2184 3854 2243 :et
3908 2175 4143 2244 dicunt
4206 2173 4390 2265 quod

2841 2288 3045 2356 etiam
3076 2309 3232 2354 ossa
3258 2284 3630 2354 ancliarum
3672 2285 3912 2353 eadem
3942 2292 4101 2353 sunt
4131 2285 4201 2351 in
4239 2304 4391 2352 osse

2839 2394 3117 2463 femoris
3150 2416 3166 2462 :
3210 2402 3276 2463 et
3314 2392 3436 2473 illi,
3470 2394 3631 2485 quia
3657 2393 3980 2462 auferunt
4006 2415 4045 2460 a
4069 2389 4390 2483 praedicto

2841 2525 3127 2571 numero
3166 2502 3424 2570 ossium
3462 2502 3705 2592 viginti
3736 2510 3918 2580 octe,
3971 2500 4206 2570 dicunt
4260 2521 4395 2565 nu-

2841 2635 3109 2679 merum
3148 2612 3403 2680 ossium
3434 2634 3582 2680 csse
3612 2615 3705 2680 ita
3737 2613 3921 2703 quod
3952 2635 4109 2681 ossa
4146 2613 4395 2682 duc-cn·

2839 2727 2910 2788 ta
2948 2727 3104 2787 sunt
3168 2729 3370 2809 atquc
3402 2727 3644 2810 quater
3672 2720 4011 2788 duodena.
