<?xml version="1.0" encoding="UTF-8"?>
<!DOCTYPE html PUBLIC "-//W3C//DTD XHTML 1.0 Transitional//EN"
    "http://www.w3.org/TR/xhtml1/DTD/xhtml1-transitional.dtd">
<html xmlns="http://www.w3.org/1999/xhtml" xml:lang="en" lang="en">
 <head>
  <title>
</title>
<meta http-equiv="Content-Type" content="text/html;charset=utf-8" />
  <meta name='ocr-system' content='tesseract 3.04.00' />
  <meta name='ocr-capabilities' content='ocr_page ocr_carea ocr_par ocr_line ocrx_word'/>
</head>
<body>
  <div class='ocr_page' id='page_1' title='image "balbertimagnira01chgoog_0634.png"; bbox 0 0 4919 6371; ppageno 0'>
   <div class='ocr_carea' id='block_1_1' title="bbox 586 373 717 443">
    <p class='ocr_par' dir='ltr' id='par_1_1' title="bbox 586 373 717 443">
     <span class='ocr_line' id='line_1_1' title="bbox 586 373 717 443; baseline -0.031 0"><span class='ocrx_word' id='word_1_1' title='bbox 586 373 717 443; x_wconf 84' lang='lat'>586</span> 
     </span>
    </p>
   </div>
   <div class='ocr_carea' id='block_1_2' title="bbox 582 524 2142 1481">
    <p class='ocr_par' dir='ltr' id='par_1_2' title="bbox 582 524 2135 706">
     <span class='ocr_line' id='line_1_2' title="bbox 585 524 2135 623; baseline -0.006 -24"><span class='ocrx_word' id='word_1_2' title='bbox 585 533 849 623; x_wconf 83' lang='lat' dir='ltr'>ganica.</span> <span class='ocrx_word' id='word_1_3' title='bbox 923 530 1010 596; x_wconf 88' lang='lat' dir='ltr'>Et</span> <span class='ocrx_word' id='word_1_4' title='bbox 1064 528 1373 596; x_wconf 80' lang='lat' dir='ltr'>similiter</span> <span class='ocrx_word' id='word_1_5' title='bbox 1439 528 1801 596; x_wconf 82' lang='lat' dir='ltr'>dicendum</span> <span class='ocrx_word' id='word_1_6' title='bbox 1861 525 1985 594; x_wconf 88' lang='lat' dir='ltr'>crit</span> <span class='ocrx_word' id='word_1_7' title='bbox 2053 524 2135 591; x_wconf 89' lang='lat' dir='ltr'>de</span> 
     </span>
     <span class='ocr_line' id='line_1_3' title="bbox 582 636 1266 706; baseline -0.006 0"><span class='ocrx_word' id='word_1_8' title='bbox 582 637 913 706; x_wconf 87' lang='lat' dir='ltr'>membris</span> <span class='ocrx_word' id='word_1_9' title='bbox 957 636 1266 703; x_wconf 88' lang='lat' dir='ltr'>residuis.</span> 
     </span>
    </p>

    <p class='ocr_par' dir='ltr' id='par_1_3' title="bbox 583 736 2142 1481">
     <span class='ocr_line' id='line_1_4' title="bbox 673 736 2142 833; baseline -0.007 -24"><span class='ocrx_word' id='word_1_10' title='bbox 673 742 838 810; x_wconf 83' lang='lat' dir='ltr'>Haee</span> <span class='ocrx_word' id='word_1_11' title='bbox 880 743 1087 833; x_wconf 87' lang='lat' dir='ltr'>igitur</span> <span class='ocrx_word' id='word_1_12' title='bbox 1126 766 1277 833; x_wconf 59' lang='lat' dir='ltr'>quae</span> <span class='ocrx_word' id='word_1_13' title='bbox 1334 743 1512 810; x_wconf 88' lang='lat' dir='ltr'>dicta</span> <span class='ocrx_word' id='word_1_14' title='bbox 1562 748 1746 821; x_wconf 90' lang='lat' dir='ltr'>sunt,</span> <span class='ocrx_word' id='word_1_15' title='bbox 1803 736 2142 805; x_wconf 81' lang='lat' dir='ltr'>susticiaut</span> 
     </span>
     <span class='ocr_line' id='line_1_5' title="bbox 586 842 2138 942; baseline -0.008 -23"><span class='ocrx_word' id='word_1_16' title='bbox 586 852 657 919; x_wconf 89' lang='lat' dir='ltr'>in</span> <span class='ocrx_word' id='word_1_17' title='bbox 689 853 964 942; x_wconf 80' lang='lat' dir='ltr'>ingenio</span> <span class='ocrx_word' id='word_1_18' title='bbox 998 859 1063 919; x_wconf 83' lang='lat' dir='ltr'>et</span> <span class='ocrx_word' id='word_1_19' title='bbox 1100 852 1378 939; x_wconf 73' lang='lat' dir='ltr'>scientia</span> <span class='ocrx_word' id='word_1_20' title='bbox 1411 872 1545 941; x_wconf 86' lang='lat' dir='ltr'>qua</span> <span class='ocrx_word' id='word_1_21' title='bbox 1586 849 1683 915; x_wconf 90' lang='lat' dir='ltr'>uti</span> <span class='ocrx_word' id='word_1_22' title='bbox 1716 846 2041 913; x_wconf 81' lang='lat' dir='ltr'><strong>debemus</strong></span> <span class='ocrx_word' id='word_1_23' title='bbox 2071 842 2138 907; x_wconf 86' lang='lat' dir='ltr'>iu</span> 
     </span>
     <span class='ocr_line' id='line_1_6' title="bbox 586 952 2138 1050; baseline -0.005 -23"><span class='ocrx_word' id='word_1_24' title='bbox 586 960 1062 1050; x_wconf 82' lang='lat' dir='ltr'>cognoscendo</span> <span class='ocrx_word' id='word_1_25' title='bbox 1102 968 1380 1026; x_wconf 87' lang='lat' dir='ltr'>naturas</span> <span class='ocrx_word' id='word_1_26' title='bbox 1421 955 1824 1024; x_wconf 87' lang='lat' dir='ltr'>animalium</span> <span class='ocrx_word' id='word_1_27' title='bbox 1871 976 1885 1019; x_wconf 92' lang='lat'>:</span> <span class='ocrx_word' id='word_1_28' title='bbox 1943 952 2138 1019; x_wconf 91' lang='lat' dir='ltr'>dein-</span> 
     </span>
     <span class='ocr_line' id='line_1_7' title="bbox 583 1069 2141 1160; baseline -0.005 -26"><span class='ocrx_word' id='word_1_29' title='bbox 583 1090 738 1160; x_wconf 88' lang='lat' dir='ltr'>ceps</span> <span class='ocrx_word' id='word_1_30' title='bbox 768 1092 930 1137; x_wconf 83' lang='lat' dir='ltr'>vero</span> <span class='ocrx_word' id='word_1_31' title='bbox 983 1069 1289 1136; x_wconf 90' lang='lat' dir='ltr'>dicamus</span> <span class='ocrx_word' id='word_1_32' title='bbox 1329 1087 1567 1134; x_wconf 80' lang='lat' dir='ltr'>causas</span> <span class='ocrx_word' id='word_1_33' title='bbox 1617 1082 2021 1129; x_wconf 84' lang='lat' dir='ltr'>communes</span> <span class='ocrx_word' id='word_1_34' title='bbox 2076 1069 2141 1127; x_wconf 88' lang='lat' dir='ltr'>et</span> 
     </span>
     <span class='ocr_line' id='line_1_8' title="bbox 583 1168 2139 1268; baseline -0.008 -21"><span class='ocrx_word' id='word_1_35' title='bbox 583 1179 920 1268; x_wconf 87' lang='lat' dir='ltr'>proprias,</span> <span class='ocrx_word' id='word_1_36' title='bbox 966 1185 1031 1244; x_wconf 86' lang='lat' dir='ltr'>et</span> <span class='ocrx_word' id='word_1_37' title='bbox 1080 1177 1482 1264; x_wconf 81' lang='lat' dir='ltr'>incipiamus</span> <span class='ocrx_word' id='word_1_38' title='bbox 1530 1172 1753 1238; x_wconf 84' lang='lat' dir='ltr'>dicere</span> <span class='ocrx_word' id='word_1_39' title='bbox 1812 1168 2139 1260; x_wconf 88' lang='lat' dir='ltr'>principia</span> 
     </span>
     <span class='ocr_line' id='line_1_9' title="bbox 585 1275 2141 1361; baseline -0.008 -8"><span class='ocrx_word' id='word_1_40' title='bbox 585 1307 849 1361; x_wconf 86' lang='lat' dir='ltr'>corum,</span> <span class='ocrx_word' id='word_1_41' title='bbox 884 1284 1061 1350; x_wconf 87' lang='lat' dir='ltr'>sicut</span> <span class='ocrx_word' id='word_1_42' title='bbox 1095 1277 1699 1347; x_wconf 80' lang='lat' dir='ltr'>determinavimus</span> <span class='ocrx_word' id='word_1_43' title='bbox 1722 1284 1786 1343; x_wconf 92' lang='lat' dir='ltr'>et</span> <span class='ocrx_word' id='word_1_44' title='bbox 1826 1275 2141 1343; x_wconf 87' lang='lat' dir='ltr'>distinxi-</span> 
     </span>
     <span class='ocr_line' id='line_1_10' title="bbox 584 1386 1634 1481; baseline -0.008 -20"><span class='ocrx_word' id='word_1_45' title='bbox 584 1415 739 1461; x_wconf 88' lang='lat' dir='ltr'>mus</span> <span class='ocrx_word' id='word_1_46' title='bbox 777 1392 1092 1481; x_wconf 87' lang='lat' dir='ltr'>superius</span> <span class='ocrx_word' id='word_1_47' title='bbox 1121 1388 1190 1455; x_wconf 89' lang='lat' dir='ltr'>in</span> <span class='ocrx_word' id='word_1_48' title='bbox 1220 1386 1634 1479; x_wconf 78' lang='lat' dir='ltr'>praeliabitiS.</span> 
     </span>
    </p>
   </div>
   <div class='ocr_carea' id='block_1_3' title="bbox 1122 2358 1582 2430">
    <p class='ocr_par' dir='ltr' id='par_1_4' title="bbox 1122 2358 1582 2430">
     <span class='ocr_line' id='line_1_11' title="bbox 1122 2358 1582 2430; baseline -0.007 0"><span class='ocrx_word' id='word_1_49' title='bbox 1122 2358 1413 2430; x_wconf 76' lang='lat' dir='ltr'><strong>CAPUT</strong></span> <span class='ocrx_word' id='word_1_50' title='bbox 1464 2359 1582 2427; x_wconf 80' lang='lat' dir='ltr'>[V.</span> 
     </span>
    </p>
   </div>
   <div class='ocr_carea' id='block_1_4' title="bbox 576 3110 2130 3205">
    <p class='ocr_par' dir='ltr' id='par_1_5' title="bbox 576 3110 2130 3205">
     <span class='ocr_line' id='line_1_12' title="bbox 576 3110 2130 3205; baseline -0.001 -25"><span class='ocrx_word' id='word_1_51' title='bbox 576 3113 674 3180; x_wconf 78' lang='lat' dir='ltr'>Et</span> <span class='ocrx_word' id='word_1_52' title='bbox 728 3122 825 3178; x_wconf 80' lang='lat' dir='ltr'>est</span> <span class='ocrx_word' id='word_1_53' title='bbox 880 3133 1214 3179; x_wconf 71' lang='lat' dir='ltr'>mounssm</span> <span class='ocrx_word' id='word_1_54' title='bbox 1271 3110 1632 3179; x_wconf 79' lang='lat' dir='ltr'>declarans</span> <span class='ocrx_word' id='word_1_55' title='bbox 1678 3111 1871 3204; x_wconf 79' lang='lat' dir='ltr'>quod</span> <span class='ocrx_word' id='word_1_56' title='bbox 1918 3136 2130 3205; x_wconf 81' lang='lat' dir='ltr'>supra</span> 
     </span>
    </p>
   </div>
   <div class='ocr_carea' id='block_1_5' title="bbox 662 3219 2133 3396">
    <p class='ocr_par' dir='ltr' id='par_1_6' title="bbox 662 3219 2133 3396">
     <span class='ocr_line' id='line_1_13' title="bbox 662 3219 2133 3312; baseline 0.001 -26"><span class='ocrx_word' id='word_1_57' title='bbox 662 3219 924 3287; x_wconf 78' lang='lat' dir='ltr'>dictum</span> <span class='ocrx_word' id='word_1_58' title='bbox 954 3230 1054 3288; x_wconf 78' lang='lat' dir='ltr'>est</span> <span class='ocrx_word' id='word_1_59' title='bbox 1100 3221 1184 3288; x_wconf 84' lang='lat' dir='ltr'>de</span> <span class='ocrx_word' id='word_1_60' title='bbox 1211 3220 1544 3289; x_wconf 74' lang='lat' dir='ltr'>divisione</span> <span class='ocrx_word' id='word_1_61' title='bbox 1580 3244 1954 3290; x_wconf 79' lang='lat' dir='ltr'>causarum</span> <span class='ocrx_word' id='word_1_62' title='bbox 1983 3223 2133 3312; x_wconf 76' lang='lat' dir='ltr'>lor-</span> 
     </span>
     <span class='ocr_line' id='line_1_14' title="bbox 666 3328 987 3396; baseline 0 -3"><span class='ocrx_word' id='word_1_63' title='bbox 666 3328 987 3396; x_wconf 76' lang='lat' dir='ltr'>mulium.</span> 
     </span>
    </p>
   </div>
   <div class='ocr_carea' id='block_1_6' title="bbox 568 4189 2133 5787">
    <p class='ocr_par' dir='ltr' id='par_1_7' title="bbox 568 4189 2133 5787">
     <span class='ocr_line' id='line_1_15' title="bbox 665 4189 2130 4283; baseline -0.003 -21"><span class='ocrx_word' id='word_1_64' title='bbox 665 4194 773 4263; x_wconf 80' lang='lat' dir='ltr'>Ad</span> <span class='ocrx_word' id='word_1_65' title='bbox 802 4194 1216 4263; x_wconf 85' lang='lat' dir='ltr'>evidentiam</span> <span class='ocrx_word' id='word_1_66' title='bbox 1247 4200 1473 4262; x_wconf 88' lang='lat' dir='ltr'>autem</span> <span class='ocrx_word' id='word_1_67' title='bbox 1504 4214 1744 4260; x_wconf 90' lang='lat' dir='ltr'>eorum</span> <span class='ocrx_word' id='word_1_68' title='bbox 1792 4213 1943 4283; x_wconf 83' lang='lat' dir='ltr'>quae</span> <span class='ocrx_word' id='word_1_69' title='bbox 2000 4189 2130 4258; x_wconf 77' lang='lat' dir='ltr'>lia-</span> 
     </span>
     <span class='ocr_line' id='line_1_16' title="bbox 577 4298 2130 4390; baseline -0.005 -19"><span class='ocrx_word' id='word_1_70' title='bbox 577 4303 717 4371; x_wconf 87' lang='lat' dir='ltr'>bita</span> <span class='ocrx_word' id='word_1_71' title='bbox 754 4312 937 4381; x_wconf 85' lang='lat' dir='ltr'>sunt,</span> <span class='ocrx_word' id='word_1_72' title='bbox 989 4301 1314 4369; x_wconf 77' lang='lat' dir='ltr'>faciemus</span> <span class='ocrx_word' id='word_1_73' title='bbox 1352 4300 1848 4390; x_wconf 77' lang='lat' dir='ltr'>digressionem</span> <span class='ocrx_word' id='word_1_74' title='bbox 1896 4298 2130 4366; x_wconf 87' lang='lat' dir='ltr'>dicen—</span> 
     </span>
     <span class='ocr_line' id='line_1_17' title="bbox 574 4406 2128 4501; baseline -0.005 -24"><span class='ocrx_word' id='word_1_75' title='bbox 574 4417 700 4486; x_wconf 83' lang='lat' dir='ltr'>tes,</span> <span class='ocrx_word' id='word_1_76' title='bbox 744 4408 926 4501; x_wconf 88' lang='lat' dir='ltr'>quod</span> <span class='ocrx_word' id='word_1_77' title='bbox 985 4406 1247 4500; x_wconf 74' lang='lat' dir='ltr'>physici</span> <span class='ocrx_word' id='word_1_78' title='bbox 1314 4416 1414 4474; x_wconf 85' lang='lat' dir='ltr'>est</span> <span class='ocrx_word' id='word_1_79' title='bbox 1472 4406 1831 4475; x_wconf 78' lang='lat' dir='ltr'>ostendere</span> <span class='ocrx_word' id='word_1_80' title='bbox 1890 4428 2128 4473; x_wconf 81' lang='lat' dir='ltr'>causas</span> 
     </span>
     <span class='ocr_line' id='line_1_18' title="bbox 573 4512 2130 4608; baseline -0.004 -24"><span class='ocrx_word' id='word_1_81' title='bbox 573 4514 886 4608; x_wconf 69' lang='lat' dir='ltr'>physicas</span> <span class='ocrx_word' id='word_1_82' title='bbox 914 4513 1235 4583; x_wconf 77' lang='lat' dir='ltr'>formales</span> <span class='ocrx_word' id='word_1_83' title='bbox 1278 4536 1427 4605; x_wconf 64' lang='lat' dir='ltr'>quie</span> <span class='ocrx_word' id='word_1_84' title='bbox 1464 4522 1529 4580; x_wconf 77' lang='lat' dir='ltr'>et</span> <span class='ocrx_word' id='word_1_85' title='bbox 1561 4512 1724 4604; x_wconf 89' lang='lat' dir='ltr'>quid</span> <span class='ocrx_word' id='word_1_86' title='bbox 1756 4520 1821 4581; x_wconf 91' lang='lat' dir='ltr'>et</span> <span class='ocrx_word' id='word_1_87' title='bbox 1851 4521 2130 4603; x_wconf 81' lang='lat' dir='ltr'>propter</span> 
     </span>
     <span class='ocr_line' id='line_1_19' title="bbox 574 4619 2125 4715; baseline -0.003 -25"><span class='ocrx_word' id='word_1_88' title='bbox 574 4624 736 4715; x_wconf 89' lang='lat' dir='ltr'>quid</span> <span class='ocrx_word' id='word_1_89' title='bbox 767 4623 998 4691; x_wconf 89' lang='lat' dir='ltr'>dicunt</span> <span class='ocrx_word' id='word_1_90' title='bbox 1056 4620 1521 4713; x_wconf 79' lang='lat' dir='ltr'>physicorum.</span> <span class='ocrx_word' id='word_1_91' title='bbox 1568 4619 1644 4687; x_wconf 92' lang='lat' dir='ltr'>Si</span> <span class='ocrx_word' id='word_1_92' title='bbox 1695 4628 1926 4687; x_wconf 88' lang='lat' dir='ltr'>autem</span> <span class='ocrx_word' id='word_1_93' title='bbox 1985 4621 2125 4686; x_wconf 72' lang='lat' dir='ltr'>istm</span> 
     </span>
     <span class='ocr_line' id='line_1_20' title="bbox 572 4728 2124 4819; baseline -0.003 -20"><span class='ocrx_word' id='word_1_94' title='bbox 572 4731 641 4800; x_wconf 90' lang='lat' dir='ltr'>in</span> <span class='ocrx_word' id='word_1_95' title='bbox 673 4730 1081 4798; x_wconf 76' lang='lat' dir='ltr'>diffinitione</span> <span class='ocrx_word' id='word_1_96' title='bbox 1112 4753 1267 4797; x_wconf 91' lang='lat' dir='ltr'>eum</span> <span class='ocrx_word' id='word_1_97' title='bbox 1297 4749 1546 4819; x_wconf 77' lang='lat' dir='ltr'>genere</span> <span class='ocrx_word' id='word_1_98' title='bbox 1580 4728 1913 4818; x_wconf 68' lang='lat' dir='ltr'>ponendae</span> <span class='ocrx_word' id='word_1_99' title='bbox 1942 4735 2124 4805; x_wconf 85' lang='lat' dir='ltr'>sunt,</span> 
     </span>
     <span class='ocr_line' id='line_1_21' title="bbox 569 4836 2133 4929; baseline -0.004 -21"><span class='ocrx_word' id='word_1_100' title='bbox 569 4844 837 4929; x_wconf 87' lang='lat' dir='ltr'>oportet</span> <span class='ocrx_word' id='word_1_101' title='bbox 867 4837 1054 4928; x_wconf 88' lang='lat' dir='ltr'>quod</span> <span class='ocrx_word' id='word_1_102' title='bbox 1095 4860 1216 4928; x_wconf 91' lang='lat' dir='ltr'>per</span> <span class='ocrx_word' id='word_1_103' title='bbox 1254 4836 1665 4904; x_wconf 75' lang='lat' dir='ltr'>divisionem</span> <span class='ocrx_word' id='word_1_104' title='bbox 1704 4838 1979 4926; x_wconf 74' lang='lat' dir='ltr'>generis</span> <span class='ocrx_word' id='word_1_105' title='bbox 2007 4858 2133 4902; x_wconf 71' lang='lat' dir='ltr'>ve-</span> 
     </span>
     <span class='ocr_line' id='line_1_22' title="bbox 570 4941 2131 5033; baseline -0.004 -19"><span class='ocrx_word' id='word_1_106' title='bbox 570 4945 796 5014; x_wconf 87' lang='lat' dir='ltr'>nando</span> <span class='ocrx_word' id='word_1_107' title='bbox 844 4945 1306 5012; x_wconf 82' lang='lat' dir='ltr'>inveniantur.</span> <span class='ocrx_word' id='word_1_108' title='bbox 1353 4941 1568 5011; x_wconf 83' lang='lat' dir='ltr'>Multa</span> <span class='ocrx_word' id='word_1_109' title='bbox 1620 4949 1853 5010; x_wconf 89' lang='lat' dir='ltr'>autem</span> <span class='ocrx_word' id='word_1_110' title='bbox 1894 4942 2131 5033; x_wconf 71' lang='lat' dir='ltr'>physi-</span> 
     </span>
     <span class='ocr_line' id='line_1_23' title="bbox 569 5049 2128 5142; baseline -0.002 -21"><span class='ocrx_word' id='word_1_111' title='bbox 569 5074 806 5121; x_wconf 89' lang='lat' dir='ltr'>corum</span> <span class='ocrx_word' id='word_1_112' title='bbox 841 5051 910 5119; x_wconf 90' lang='lat' dir='ltr'>in</span> <span class='ocrx_word' id='word_1_113' title='bbox 962 5052 1181 5142; x_wconf 80' lang='lat' dir='ltr'>ligura</span> <span class='ocrx_word' id='word_1_114' title='bbox 1229 5051 1786 5118; x_wconf 74' lang='lat' dir='ltr'>convenientium</span> <span class='ocrx_word' id='word_1_115' title='bbox 1826 5049 2128 5119; x_wconf 80' lang='lat' dir='ltr'>diversas</span> 
     </span>
     <span class='ocr_line' id='line_1_24' title="bbox 571 5156 2129 5248; baseline -0.002 -21"><span class='ocrx_word' id='word_1_116' title='bbox 571 5157 826 5227; x_wconf 84' lang='lat' dir='ltr'>habent</span> <span class='ocrx_word' id='word_1_117' title='bbox 872 5158 1130 5226; x_wconf 75' lang='lat' dir='ltr'>formas</span> <span class='ocrx_word' id='word_1_118' title='bbox 1179 5181 1455 5225; x_wconf 88' lang='lat' dir='ltr'>suarum</span> <span class='ocrx_word' id='word_1_119' title='bbox 1508 5156 1966 5248; x_wconf 90' lang='lat' dir='ltr'>quidditatum</span> <span class='ocrx_word' id='word_1_120' title='bbox 2005 5180 2018 5224; x_wconf 76' lang='grc' dir='ltr'>ε</span> <span class='ocrx_word' id='word_1_121' title='bbox 2064 5165 2129 5224; x_wconf 89' lang='lat' dir='ltr'>et</span> 
     </span>
     <span class='ocr_line' id='line_1_25' title="bbox 570 5266 2128 5362; baseline -0.001 -28"><span class='ocrx_word' id='word_1_122' title='bbox 570 5268 626 5335; x_wconf 82' lang='lat' dir='ltr'>si</span> <span class='ocrx_word' id='word_1_123' title='bbox 675 5266 926 5334; x_wconf 82' lang='lat' dir='ltr'>talibus</span> <span class='ocrx_word' id='word_1_124' title='bbox 963 5273 1240 5362; x_wconf 82' lang='lat' dir='ltr'>propter</span> <span class='ocrx_word' id='word_1_125' title='bbox 1288 5268 1521 5357; x_wconf 78' lang='lat' dir='ltr'>tigurae</span> <span class='ocrx_word' id='word_1_126' title='bbox 1578 5266 2128 5333; x_wconf 79' lang='lat' dir='ltr'>convenientiam</span> 
     </span>
     <span class='ocr_line' id='line_1_26' title="bbox 568 5372 2132 5464; baseline -0.003 -21"><span class='ocrx_word' id='word_1_127' title='bbox 568 5373 807 5443; x_wconf 87' lang='lat' dir='ltr'>eadem</span> <span class='ocrx_word' id='word_1_128' title='bbox 838 5372 1325 5450; x_wconf 81' lang='lat' dir='ltr'>attribuantur,</span> <span class='ocrx_word' id='word_1_129' title='bbox 1362 5380 1715 5464; x_wconf 85' lang='lat' dir='ltr'>peccatum</span> <span class='ocrx_word' id='word_1_130' title='bbox 1760 5372 1899 5439; x_wconf 86' lang='lat' dir='ltr'>erit</span> <span class='ocrx_word' id='word_1_131' title='bbox 1927 5372 1995 5439; x_wconf 91' lang='lat' dir='ltr'>in</span> <span class='ocrx_word' id='word_1_132' title='bbox 2035 5372 2132 5439; x_wconf 91' lang='lat' dir='ltr'>di-</span> 
     </span>
     <span class='ocr_line' id='line_1_27' title="bbox 568 5479 2132 5571; baseline 0 -23"><span class='ocrx_word' id='word_1_133' title='bbox 568 5482 832 5549; x_wconf 80' lang='lat' dir='ltr'>visione</span> <span class='ocrx_word' id='word_1_134' title='bbox 862 5481 1199 5571; x_wconf 77' lang='lat' dir='ltr'>aequivoei</span> <span class='ocrx_word' id='word_1_135' title='bbox 1255 5503 1271 5547; x_wconf 91' lang='lat'>:</span> <span class='ocrx_word' id='word_1_136' title='bbox 1319 5489 1386 5548; x_wconf 91' lang='lat' dir='ltr'>et</span> <span class='ocrx_word' id='word_1_137' title='bbox 1424 5479 1578 5548; x_wconf 84' lang='lat' dir='ltr'>ideo</span> <span class='ocrx_word' id='word_1_138' title='bbox 1610 5479 1990 5546; x_wconf 78' lang='lat' dir='ltr'>cavendum</span> <span class='ocrx_word' id='word_1_139' title='bbox 2031 5487 2132 5548; x_wconf 86' lang='lat' dir='ltr'>est</span> 
     </span>
     <span class='ocr_line' id='line_1_28' title="bbox 569 5585 2129 5678; baseline -0.003 -19"><span class='ocrx_word' id='word_1_140' title='bbox 569 5590 655 5659; x_wconf 85' lang='lat' dir='ltr'>ab</span> <span class='ocrx_word' id='word_1_141' title='bbox 687 5587 1082 5678; x_wconf 84' lang='lat' dir='ltr'>hujusmodi</span> <span class='ocrx_word' id='word_1_142' title='bbox 1127 5587 1696 5677; x_wconf 76' lang='lat' dir='ltr'>aequivocatione.</span> <span class='ocrx_word' id='word_1_143' title='bbox 1735 5585 1918 5654; x_wconf 82' lang='lat' dir='ltr'>Licet</span> <span class='ocrx_word' id='word_1_144' title='bbox 1947 5588 2129 5655; x_wconf 88' lang='lat' dir='ltr'>enim</span> 
     </span>
     <span class='ocr_line' id='line_1_29' title="bbox 572 5694 2128 5787; baseline -0.003 -21"><span class='ocrx_word' id='word_1_145' title='bbox 572 5696 785 5767; x_wconf 87' lang='lat' dir='ltr'>homo</span> <span class='ocrx_word' id='word_1_146' title='bbox 815 5705 883 5767; x_wconf 85' lang='lat' dir='ltr'>et</span> <span class='ocrx_word' id='word_1_147' title='bbox 923 5695 1129 5765; x_wconf 83' lang='lat' dir='ltr'>simia</span> <span class='ocrx_word' id='word_1_148' title='bbox 1165 5704 1231 5764; x_wconf 90' lang='lat' dir='ltr'>et</span> <span class='ocrx_word' id='word_1_149' title='bbox 1259 5718 1594 5787; x_wconf 75' lang='lat' dir='ltr'>pygmeus</span> <span class='ocrx_word' id='word_1_150' title='bbox 1616 5695 1685 5763; x_wconf 88' lang='lat' dir='ltr'>in</span> <span class='ocrx_word' id='word_1_151' title='bbox 1718 5694 1939 5787; x_wconf 79' lang='lat' dir='ltr'>figura</span> <span class='ocrx_word' id='word_1_152' title='bbox 1974 5694 2128 5786; x_wconf 90' lang='lat' dir='ltr'>plu-</span> 
     </span>
    </p>
   </div>
   <div class='ocr_carea' id='block_1_7' title="bbox 1591 346 2810 423">
    <p class='ocr_par' dir='ltr' id='par_1_8' title="bbox 1591 346 2810 423">
     <span class='ocr_line' id='line_1_30' title="bbox 1591 346 2810 423; baseline -0.008 0"><span class='ocrx_word' id='word_1_153' title='bbox 1591 355 1676 423; x_wconf 91' lang='lat' dir='ltr'>D.</span> <span class='ocrx_word' id='word_1_154' title='bbox 1729 353 1932 423; x_wconf 87' lang='lat' dir='ltr'><strong>ALB.</strong></span> <span class='ocrx_word' id='word_1_155' title='bbox 1984 348 2203 419; x_wconf 88' lang='lat' dir='ltr'><strong>MAG.</strong></span> <span class='ocrx_word' id='word_1_156' title='bbox 2252 346 2463 417; x_wconf 87' lang='lat' dir='ltr'><strong>ORD.</strong></span> <span class='ocrx_word' id='word_1_157' title='bbox 2517 346 2810 414; x_wconf 88' lang='lat' dir='ltr'><strong>PRAED.</strong></span> 
     </span>
    </p>
   </div>
   <div class='ocr_carea' id='block_1_8' title="bbox 2246 519 3797 720">
    <p class='ocr_par' dir='ltr' id='par_1_9' title="bbox 2246 519 3797 720">
     <span class='ocr_line' id='line_1_31' title="bbox 2249 519 3796 589; baseline -0.002 0"><span class='ocrx_word' id='word_1_158' title='bbox 2249 526 2421 589; x_wconf 87' lang='lat' dir='ltr'>rium</span> <span class='ocrx_word' id='word_1_159' title='bbox 2465 520 2923 588; x_wconf 83' lang='lat' dir='ltr'>membrorum</span> <span class='ocrx_word' id='word_1_160' title='bbox 2955 521 3364 587; x_wconf 75' lang='lat' dir='ltr'>conveniant</span> <span class='ocrx_word' id='word_1_161' title='bbox 3393 519 3460 584; x_wconf 88' lang='lat' dir='ltr'>in</span> <span class='ocrx_word' id='word_1_162' title='bbox 3493 519 3705 585; x_wconf 82' lang='lat' dir='ltr'>forma</span> <span class='ocrx_word' id='word_1_163' title='bbox 3731 529 3796 586; x_wconf 87' lang='lat' dir='ltr'>et</span> 
     </span>
     <span class='ocr_line' id='line_1_32' title="bbox 2246 630 3797 720; baseline -0.003 -22"><span class='ocrx_word' id='word_1_164' title='bbox 2246 630 2702 698; x_wconf 82' lang='lat' dir='ltr'>accidentibus</span> <span class='ocrx_word' id='word_1_165' title='bbox 2774 653 2923 720; x_wconf 83' lang='lat' dir='ltr'>quae</span> <span class='ocrx_word' id='word_1_166' title='bbox 2988 632 3276 697; x_wconf 83' lang='lat' dir='ltr'>formam</span> <span class='ocrx_word' id='word_1_167' title='bbox 3344 630 3797 696; x_wconf 87' lang='lat' dir='ltr'>communiter</span> 
     </span>
    </p>
   </div>
   <div class='ocr_carea' id='block_1_9' title="bbox 2250 746 3797 930">
    <p class='ocr_par' dir='ltr' id='par_1_10' title="bbox 2250 746 3797 930">
     <span class='ocr_line' id='line_1_33' title="bbox 2250 746 2779 825; baseline -0.006 -21"><span class='ocrx_word' id='word_1_168' title='bbox 2250 746 2779 825; x_wconf 86' lang='lat' dir='ltr'>consequuntur.</span> 
     </span>
     <span class='ocr_line' id='line_1_34' title="bbox 2341 839 3797 930; baseline 0.001 -25"><span class='ocrx_word' id='word_1_169' title='bbox 2341 839 2655 928; x_wconf 75' lang='lat' dir='ltr'>Amplius</span> <span class='ocrx_word' id='word_1_170' title='bbox 2696 849 2920 906; x_wconf 87' lang='lat' dir='ltr'>autem</span> <span class='ocrx_word' id='word_1_171' title='bbox 2973 864 3126 908; x_wconf 83' lang='lat' dir='ltr'>eum</span> <span class='ocrx_word' id='word_1_172' title='bbox 3172 842 3476 930; x_wconf 82' lang='lat' dir='ltr'>potentia</span> <span class='ocrx_word' id='word_1_173' title='bbox 3532 848 3797 908; x_wconf 87' lang='lat' dir='ltr'>contra·</span> 
     </span>
    </p>
   </div>
   <div class='ocr_carea' id='block_1_10' title="bbox 2230 949 3797 5790">
    <p class='ocr_par' dir='ltr' id='par_1_11' title="bbox 2242 949 3796 1792">
     <span class='ocr_line' id='line_1_35' title="bbox 2248 949 3796 1039; baseline 0.001 -26"><span class='ocrx_word' id='word_1_174' title='bbox 2248 949 2507 1014; x_wconf 87' lang='lat' dir='ltr'>riorum</span> <span class='ocrx_word' id='word_1_175' title='bbox 2533 949 2617 1014; x_wconf 89' lang='lat' dir='ltr'>sit</span> <span class='ocrx_word' id='word_1_176' title='bbox 2656 970 2814 1025; x_wconf 88' lang='lat' dir='ltr'>una,</span> <span class='ocrx_word' id='word_1_177' title='bbox 2841 955 3106 1037; x_wconf 87' lang='lat' dir='ltr'>oportet</span> <span class='ocrx_word' id='word_1_178' title='bbox 3148 949 3331 1037; x_wconf 91' lang='lat' dir='ltr'>quod</span> <span class='ocrx_word' id='word_1_179' title='bbox 3362 949 3604 1016; x_wconf 79' lang='lat' dir='ltr'>divisio</span> <span class='ocrx_word' id='word_1_180' title='bbox 3636 956 3796 1039; x_wconf 84' lang='lat' dir='ltr'>pot-</span> 
     </span>
     <span class='ocr_line' id='line_1_36' title="bbox 2257 1053 3793 1146; baseline 0 -24"><span class='ocrx_word' id='word_1_181' title='bbox 2257 1055 2450 1122; x_wconf 85' lang='lat' dir='ltr'>entiae</span> <span class='ocrx_word' id='word_1_182' title='bbox 2501 1056 2582 1120; x_wconf 82' lang='lat' dir='ltr'>sit</span> <span class='ocrx_word' id='word_1_183' title='bbox 2640 1077 2757 1143; x_wconf 92' lang='lat' dir='ltr'>per</span> <span class='ocrx_word' id='word_1_184' title='bbox 2802 1053 3055 1121; x_wconf 81' lang='lat' dir='ltr'>formas</span> <span class='ocrx_word' id='word_1_185' title='bbox 3103 1056 3475 1122; x_wconf 85' lang='lat' dir='ltr'>contrarias</span> <span class='ocrx_word' id='word_1_186' title='bbox 3520 1078 3534 1121; x_wconf 76' lang='grc' dir='ltr'>ε</span> <span class='ocrx_word' id='word_1_187' title='bbox 3614 1078 3793 1146; x_wconf 90' lang='lat' dir='ltr'>quo-</span> 
     </span>
     <span class='ocr_line' id='line_1_37' title="bbox 2244 1163 3791 1253; baseline 0 -24"><span class='ocrx_word' id='word_1_188' title='bbox 2244 1165 2425 1230; x_wconf 86' lang='lat' dir='ltr'>niam</span> <span class='ocrx_word' id='word_1_189' title='bbox 2469 1164 2751 1253; x_wconf 74' lang='lat' dir='ltr'>privatio</span> <span class='ocrx_word' id='word_1_190' title='bbox 2791 1185 2929 1230; x_wconf 91' lang='lat' dir='ltr'>non</span> <span class='ocrx_word' id='word_1_191' title='bbox 2970 1171 3070 1230; x_wconf 88' lang='lat' dir='ltr'>cst</span> <span class='ocrx_word' id='word_1_192' title='bbox 3102 1163 3343 1241; x_wconf 78' lang='lat' dir='ltr'>forma,</span> <span class='ocrx_word' id='word_1_193' title='bbox 3371 1185 3589 1253; x_wconf 89' lang='lat' dir='ltr'>neque</span> <span class='ocrx_word' id='word_1_194' title='bbox 3630 1171 3791 1252; x_wconf 89' lang='lat' dir='ltr'>pot-</span> 
     </span>
     <span class='ocr_line' id='line_1_38' title="bbox 2245 1270 3795 1361; baseline -0.003 -21"><span class='ocrx_word' id='word_1_195' title='bbox 2245 1279 2350 1340; x_wconf 83' lang='lat' dir='ltr'>est.</span> <span class='ocrx_word' id='word_1_196' title='bbox 2411 1296 2557 1339; x_wconf 84' lang='lat' dir='ltr'>esse</span> <span class='ocrx_word' id='word_1_197' title='bbox 2598 1294 2798 1338; x_wconf 88' lang='lat' dir='ltr'>causa</span> <span class='ocrx_word' id='word_1_198' title='bbox 2837 1270 3080 1353; x_wconf 78' lang='lat' dir='ltr'>finalis,</span> <span class='ocrx_word' id='word_1_199' title='bbox 3144 1272 3235 1337; x_wconf 88' lang='lat' dir='ltr'>ita</span> <span class='ocrx_word' id='word_1_200' title='bbox 3289 1270 3471 1361; x_wconf 91' lang='lat' dir='ltr'>quod</span> <span class='ocrx_word' id='word_1_201' title='bbox 3518 1278 3795 1360; x_wconf 86' lang='lat' dir='ltr'>propter</span> 
     </span>
     <span class='ocr_line' id='line_1_39' title="bbox 2244 1374 3795 1468; baseline -0.001 -25"><span class='ocrx_word' id='word_1_202' title='bbox 2244 1378 2462 1468; x_wconf 84' lang='lat' dir='ltr'>ipsam</span> <span class='ocrx_word' id='word_1_203' title='bbox 2507 1379 2618 1443; x_wconf 82' lang='lat' dir='ltr'>liat</span> <span class='ocrx_word' id='word_1_204' title='bbox 2658 1374 2936 1466; x_wconf 86' lang='lat' dir='ltr'>aliquid,</span> <span class='ocrx_word' id='word_1_205' title='bbox 2990 1398 3212 1465; x_wconf 87' lang='lat' dir='ltr'>neque</span> <span class='ocrx_word' id='word_1_206' title='bbox 3253 1374 3436 1443; x_wconf 91' lang='lat' dir='ltr'>aliud</span> <span class='ocrx_word' id='word_1_207' title='bbox 3480 1383 3637 1442; x_wconf 89' lang='lat' dir='ltr'>sunt</span> <span class='ocrx_word' id='word_1_208' title='bbox 3685 1377 3795 1467; x_wconf 90' lang='lat' dir='ltr'>ip-</span> 
     </span>
     <span class='ocr_line' id='line_1_40' title="bbox 2244 1484 3785 1576; baseline 0 -24"><span class='ocrx_word' id='word_1_209' title='bbox 2244 1487 2384 1553; x_wconf 90' lang='lat' dir='ltr'>sius</span> <span class='ocrx_word' id='word_1_210' title='bbox 2414 1487 2860 1576; x_wconf 80' lang='lat' dir='ltr'>proprietates</span> <span class='ocrx_word' id='word_1_211' title='bbox 2896 1506 2910 1550; x_wconf 89' lang='lat'><strong>:</strong></span> <span class='ocrx_word' id='word_1_212' title='bbox 2946 1492 3010 1551; x_wconf 92' lang='lat' dir='ltr'>et</span> <span class='ocrx_word' id='word_1_213' title='bbox 3043 1485 3193 1551; x_wconf 91' lang='lat' dir='ltr'>ideo</span> <span class='ocrx_word' id='word_1_214' title='bbox 3235 1484 3614 1552; x_wconf 86' lang='lat' dir='ltr'>cavendum</span> <span class='ocrx_word' id='word_1_215' title='bbox 3664 1492 3785 1561; x_wconf 86' lang='lat' dir='ltr'>est,</span> 
     </span>
     <span class='ocr_line' id='line_1_41' title="bbox 2245 1593 3791 1683; baseline 0 -22"><span class='ocrx_word' id='word_1_216' title='bbox 2245 1616 2328 1661; x_wconf 90' lang='lat' dir='ltr'>ne</span> <span class='ocrx_word' id='word_1_217' title='bbox 2357 1593 2667 1661; x_wconf 85' lang='lat' dir='ltr'>venando</span> <span class='ocrx_word' id='word_1_218' title='bbox 2707 1594 2984 1671; x_wconf 81' lang='lat' dir='ltr'>formas,</span> <span class='ocrx_word' id='word_1_219' title='bbox 3040 1595 3393 1683; x_wconf 76' lang='lat' dir='ltr'>privativae</span> <span class='ocrx_word' id='word_1_220' title='bbox 3440 1593 3791 1661; x_wconf 89' lang='lat' dir='ltr'>divisionis</span> 
     </span>
     <span class='ocr_line' id='line_1_42' title="bbox 2242 1701 3363 1792; baseline -0.002 -23"><span class='ocrx_word' id='word_1_221' title='bbox 2242 1701 2520 1792; x_wconf 80' lang='lat' dir='ltr'>aliquod</span> <span class='ocrx_word' id='word_1_222' title='bbox 2566 1701 2947 1768; x_wconf 84' lang='lat' dir='ltr'>membrum</span> <span class='ocrx_word' id='word_1_223' title='bbox 2973 1702 3363 1791; x_wconf 84' lang='lat' dir='ltr'>accipiatur.</span> 
     </span>
    </p>

    <p class='ocr_par' dir='ltr' id='par_1_12' title="bbox 2230 1807 3797 2960">
     <span class='ocr_line' id='line_1_43' title="bbox 2324 1807 3790 1900; baseline -0.002 -23"><span class='ocrx_word' id='word_1_224' title='bbox 2324 1809 2564 1878; x_wconf 83' lang='lat' dir='ltr'>Adhuc</span> <span class='ocrx_word' id='word_1_225' title='bbox 2595 1818 2820 1877; x_wconf 90' lang='lat' dir='ltr'>autem</span> <span class='ocrx_word' id='word_1_226' title='bbox 2843 1811 3066 1876; x_wconf 90' lang='lat' dir='ltr'>omnis</span> <span class='ocrx_word' id='word_1_227' title='bbox 3097 1809 3200 1877; x_wconf 92' lang='lat' dir='ltr'>rei</span> <span class='ocrx_word' id='word_1_228' title='bbox 3226 1809 3446 1877; x_wconf 80' lang='lat' dir='ltr'>forma</span> <span class='ocrx_word' id='word_1_229' title='bbox 3475 1817 3575 1877; x_wconf 88' lang='lat' dir='ltr'>est</span> <span class='ocrx_word' id='word_1_230' title='bbox 3597 1807 3790 1900; x_wconf 89' lang='lat' dir='ltr'>quid-</span> 
     </span>
     <span class='ocr_line' id='line_1_44' title="bbox 2239 1917 3793 1988; baseline -0.001 -1"><span class='ocrx_word' id='word_1_231' title='bbox 2239 1920 2412 1988; x_wconf 88' lang='lat' dir='ltr'>ditas</span> <span class='ocrx_word' id='word_1_232' title='bbox 2452 1917 2618 1986; x_wconf 90' lang='lat' dir='ltr'>nulli</span> <span class='ocrx_word' id='word_1_233' title='bbox 2666 1918 2777 1986; x_wconf 89' lang='lat' dir='ltr'>alii</span> <span class='ocrx_word' id='word_1_234' title='bbox 2826 1918 3246 1987; x_wconf 86' lang='lat' dir='ltr'>conveniens</span> <span class='ocrx_word' id='word_1_235' title='bbox 3292 1941 3307 1985; x_wconf 74' lang='grc' dir='ltr'>ε</span> <span class='ocrx_word' id='word_1_236' title='bbox 3362 1927 3427 1986; x_wconf 86' lang='lat' dir='ltr'>et</span> <span class='ocrx_word' id='word_1_237' title='bbox 3476 1918 3629 1986; x_wconf 82' lang='lat' dir='ltr'>ideo</span> <span class='ocrx_word' id='word_1_238' title='bbox 3671 1939 3793 1985; x_wconf 87' lang='lat' dir='ltr'>ca-</span> 
     </span>
     <span class='ocr_line' id='line_1_45' title="bbox 2239 2026 3797 2104; baseline -0.002 -10"><span class='ocrx_word' id='word_1_239' title='bbox 2239 2026 2535 2094; x_wconf 82' lang='lat' dir='ltr'>vendum</span> <span class='ocrx_word' id='word_1_240' title='bbox 2577 2035 2673 2093; x_wconf 89' lang='lat' dir='ltr'>est</span> <span class='ocrx_word' id='word_1_241' title='bbox 2707 2049 2790 2094; x_wconf 87' lang='lat' dir='ltr'>ne</span> <span class='ocrx_word' id='word_1_242' title='bbox 2829 2026 2981 2094; x_wconf 89' lang='lat' dir='ltr'>talis</span> <span class='ocrx_word' id='word_1_243' title='bbox 3010 2035 3320 2093; x_wconf 86' lang='lat' dir='ltr'>sumatur</span> <span class='ocrx_word' id='word_1_244' title='bbox 3349 2026 3623 2104; x_wconf 64' lang='lat' dir='ltr'>divisim</span> <span class='ocrx_word' id='word_1_245' title='bbox 3681 2048 3797 2092; x_wconf 89' lang='lat' dir='ltr'>eu-</span> 
     </span>
     <span class='ocr_line' id='line_1_46' title="bbox 2230 2135 3778 2226; baseline -0.001 -23"><span class='ocrx_word' id='word_1_246' title='bbox 2230 2138 2343 2226; x_wconf 89' lang='lat' dir='ltr'>jus</span> <span class='ocrx_word' id='word_1_247' title='bbox 2382 2135 2684 2226; x_wconf 80' lang='lat' dir='ltr'>partibus</span> <span class='ocrx_word' id='word_1_248' title='bbox 2739 2135 3196 2205; x_wconf 80' lang='lat' dir='ltr'>dividentibus</span> <span class='ocrx_word' id='word_1_249' title='bbox 3246 2135 3426 2202; x_wconf 90' lang='lat' dir='ltr'>idem</span> <span class='ocrx_word' id='word_1_250' title='bbox 3493 2138 3583 2203; x_wconf 89' lang='lat' dir='ltr'>sit</span> <span class='ocrx_word' id='word_1_251' title='bbox 3637 2136 3778 2202; x_wconf 66' lang='lat' dir='ltr'>ani«</span> 
     </span>
     <span class='ocr_line' id='line_1_47' title="bbox 2240 2242 3782 2327; baseline -0.002 -13"><span class='ocrx_word' id='word_1_252' title='bbox 2240 2245 2400 2324; x_wconf 89' lang='lat' dir='ltr'>mal,</span> <span class='ocrx_word' id='word_1_253' title='bbox 2436 2248 2605 2313; x_wconf 81' lang='lat' dir='ltr'>sicut</span> <span class='ocrx_word' id='word_1_254' title='bbox 2638 2244 2931 2312; x_wconf 83' lang='lat' dir='ltr'>diximus</span> <span class='ocrx_word' id='word_1_255' title='bbox 2962 2244 3042 2311; x_wconf 79' lang='lat' dir='ltr'>de</span> <span class='ocrx_word' id='word_1_256' title='bbox 3074 2245 3356 2312; x_wconf 80' lang='lat' dir='ltr'>formica</span> <span class='ocrx_word' id='word_1_257' title='bbox 3386 2242 3687 2327; x_wconf 86' lang='lat' dir='ltr'>volante,</span> <span class='ocrx_word' id='word_1_258' title='bbox 3715 2253 3782 2311; x_wconf 88' lang='lat' dir='ltr'>et</span> 
     </span>
     <span class='ocr_line' id='line_1_48' title="bbox 2236 2352 3781 2444; baseline -0.003 -21"><span class='ocrx_word' id='word_1_259' title='bbox 2236 2378 2373 2423; x_wconf 87' lang='lat' dir='ltr'>non</span> <span class='ocrx_word' id='word_1_260' title='bbox 2406 2353 2676 2422; x_wconf 73' lang='lat' dir='ltr'>volante</span> <span class='ocrx_word' id='word_1_261' title='bbox 2715 2377 2728 2420; x_wconf 91' lang='lat'>:</span> <span class='ocrx_word' id='word_1_262' title='bbox 2784 2352 2932 2420; x_wconf 87' lang='lat' dir='ltr'>talis</span> <span class='ocrx_word' id='word_1_263' title='bbox 2974 2360 3199 2421; x_wconf 88' lang='lat' dir='ltr'>autem</span> <span class='ocrx_word' id='word_1_264' title='bbox 3248 2353 3634 2444; x_wconf 77' lang='lat' dir='ltr'>frequenter</span> <span class='ocrx_word' id='word_1_265' title='bbox 3684 2360 3781 2420; x_wconf 87' lang='lat' dir='ltr'>est</span> 
     </span>
     <span class='ocr_line' id='line_1_49' title="bbox 2238 2460 3788 2553; baseline -0.001 -22"><span class='ocrx_word' id='word_1_266' title='bbox 2238 2464 2482 2532; x_wconf 81' lang='lat' dir='ltr'>divisio</span> <span class='ocrx_word' id='word_1_267' title='bbox 2514 2461 2785 2553; x_wconf 80' lang='lat' dir='ltr'>‹pnmdo</span> <span class='ocrx_word' id='word_1_268' title='bbox 2817 2461 3142 2531; x_wconf 77' lang='lat' dir='ltr'>dividitur</span> <span class='ocrx_word' id='word_1_269' title='bbox 3169 2460 3548 2551; x_wconf 89' lang='lat' dir='ltr'>subjectum</span> <span class='ocrx_word' id='word_1_270' title='bbox 3579 2463 3647 2529; x_wconf 89' lang='lat' dir='ltr'>iu</span> <span class='ocrx_word' id='word_1_271' title='bbox 3679 2484 3788 2530; x_wconf 87' lang='lat' dir='ltr'>ac-</span> 
     </span>
     <span class='ocr_line' id='line_1_50' title="bbox 2236 2567 3772 2657; baseline -0.001 -20"><span class='ocrx_word' id='word_1_272' title='bbox 2236 2568 2549 2645; x_wconf 85' lang='lat' dir='ltr'>cidentia,</span> <span class='ocrx_word' id='word_1_273' title='bbox 2585 2576 2691 2634; x_wconf 86' lang='lat' dir='ltr'>aut</span> <span class='ocrx_word' id='word_1_274' title='bbox 2745 2569 2947 2635; x_wconf 87' lang='lat' dir='ltr'>etiam</span> <span class='ocrx_word' id='word_1_275' title='bbox 2998 2567 3307 2636; x_wconf 82' lang='lat' dir='ltr'>accidens</span> <span class='ocrx_word' id='word_1_276' title='bbox 3348 2570 3415 2635; x_wconf 92' lang='lat' dir='ltr'>in</span> <span class='ocrx_word' id='word_1_277' title='bbox 3448 2567 3772 2657; x_wconf 87' lang='lat' dir='ltr'>subjecta,</span> 
     </span>
     <span class='ocr_line' id='line_1_51' title="bbox 2235 2675 3775 2744; baseline 0.001 -2"><span class='ocrx_word' id='word_1_278' title='bbox 2235 2676 2342 2743; x_wconf 75' lang='lat' dir='ltr'>vel</span> <span class='ocrx_word' id='word_1_279' title='bbox 2374 2678 2578 2744; x_wconf 86' lang='lat' dir='ltr'>etiam</span> <span class='ocrx_word' id='word_1_280' title='bbox 2610 2676 2914 2743; x_wconf 86' lang='lat' dir='ltr'>accidens</span> <span class='ocrx_word' id='word_1_281' title='bbox 2948 2679 3014 2744; x_wconf 88' lang='lat' dir='ltr'>in</span> <span class='ocrx_word' id='word_1_282' title='bbox 3046 2676 3452 2744; x_wconf 86' lang='lat' dir='ltr'>acccidentia</span> <span class='ocrx_word' id='word_1_283' title='bbox 3485 2698 3500 2742; x_wconf 76' lang='grc' dir='ltr'>ε</span> <span class='ocrx_word' id='word_1_284' title='bbox 3527 2686 3592 2743; x_wconf 85' lang='lat' dir='ltr'>et</span> <span class='ocrx_word' id='word_1_285' title='bbox 3627 2675 3775 2744; x_wconf 89' lang='lat' dir='ltr'>ideo</span> 
     </span>
     <span class='ocr_line' id='line_1_52' title="bbox 2234 2785 3788 2875; baseline 0 -22"><span class='ocrx_word' id='word_1_286' title='bbox 2234 2786 2388 2853; x_wconf 76' lang='lat' dir='ltr'>talis</span> <span class='ocrx_word' id='word_1_287' title='bbox 2426 2787 2629 2852; x_wconf 82' lang='lat' dir='ltr'>etiam</span> <span class='ocrx_word' id='word_1_288' title='bbox 2679 2785 2982 2875; x_wconf 81' lang='lat' dir='ltr'>peccabit</span> <span class='ocrx_word' id='word_1_289' title='bbox 3029 2785 3275 2853; x_wconf 79' lang='lat' dir='ltr'>divisio</span> <span class='ocrx_word' id='word_1_290' title='bbox 3337 2809 3594 2853; x_wconf 73' lang='lat' dir='ltr'>venans</span> <span class='ocrx_word' id='word_1_291' title='bbox 3644 2785 3788 2853; x_wconf 81' lang='lat' dir='ltr'>for-</span> 
     </span>
     <span class='ocr_line' id='line_1_53' title="bbox 2239 2917 2405 2960; baseline -0.006 0"><span class='ocrx_word' id='word_1_292' title='bbox 2239 2917 2405 2960; x_wconf 80' lang='lat' dir='ltr'>mas,</span> 
     </span>
    </p>

    <p class='ocr_par' dir='ltr' id='par_1_13' title="bbox 2231 3003 3786 3831">
     <span class='ocr_line' id='line_1_54' title="bbox 2323 3003 3779 3072; baseline 0.001 -2"><span class='ocrx_word' id='word_1_293' title='bbox 2323 3003 2564 3070; x_wconf 76' lang='lat' dir='ltr'>Adbuc</span> <span class='ocrx_word' id='word_1_294' title='bbox 2621 3013 2849 3070; x_wconf 86' lang='lat' dir='ltr'>autem</span> <span class='ocrx_word' id='word_1_295' title='bbox 2915 3028 3068 3071; x_wconf 83' lang='lat' dir='ltr'>cum</span> <span class='ocrx_word' id='word_1_296' title='bbox 3143 3003 3332 3072; x_wconf 88' lang='lat' dir='ltr'>nulla</span> <span class='ocrx_word' id='word_1_297' title='bbox 3398 3004 3779 3072; x_wconf 74' lang='lat' dir='ltr'>formarum</span> 
     </span>
     <span class='ocr_line' id='line_1_55' title="bbox 2236 3109 3782 3202; baseline 0.001 -25"><span class='ocrx_word' id='word_1_298' title='bbox 2236 3109 2780 3177; x_wconf 82' lang='lat' dir='ltr'>substantialium</span> <span class='ocrx_word' id='word_1_299' title='bbox 2822 3112 2906 3178; x_wconf 85' lang='lat' dir='ltr'>sit</span> <span class='ocrx_word' id='word_1_300' title='bbox 2946 3111 3282 3191; x_wconf 85' lang='lat' dir='ltr'>accidens,</span> <span class='ocrx_word' id='word_1_301' title='bbox 3316 3112 3518 3178; x_wconf 89' lang='lat' dir='ltr'>etiam</span> <span class='ocrx_word' id='word_1_302' title='bbox 3550 3134 3782 3202; x_wconf 88' lang='lat' dir='ltr'>pecca·</span> 
     </span>
     <span class='ocr_line' id='line_1_56' title="bbox 2234 3220 3780 3311; baseline 0.001 -24"><span class='ocrx_word' id='word_1_303' title='bbox 2234 3220 2332 3288; x_wconf 89' lang='lat' dir='ltr'>bit</span> <span class='ocrx_word' id='word_1_304' title='bbox 2372 3220 2483 3287; x_wconf 87' lang='lat' dir='ltr'>illa</span> <span class='ocrx_word' id='word_1_305' title='bbox 2536 3220 2777 3288; x_wconf 80' lang='lat' dir='ltr'>divisio</span> <span class='ocrx_word' id='word_1_306' title='bbox 2840 3243 2988 3311; x_wconf 72' lang='lat' dir='ltr'>quze</span> <span class='ocrx_word' id='word_1_307' title='bbox 3034 3220 3285 3288; x_wconf 83' lang='lat' dir='ltr'>inducit</span> <span class='ocrx_word' id='word_1_308' title='bbox 3337 3220 3706 3289; x_wconf 87' lang='lat' dir='ltr'>accidentia</span> <span class='ocrx_word' id='word_1_309' title='bbox 3765 3244 3780 3289; x_wconf 90' lang='lat'>:</span> 
     </span>
     <span class='ocr_line' id='line_1_57' title="bbox 2236 3328 3786 3420; baseline -0.001 -24"><span class='ocrx_word' id='word_1_310' title='bbox 2236 3328 2425 3397; x_wconf 74' lang='lat' dir='ltr'>debet</span> <span class='ocrx_word' id='word_1_311' title='bbox 2466 3331 2642 3395; x_wconf 75' lang='lat' dir='ltr'>enim</span> <span class='ocrx_word' id='word_1_312' title='bbox 2678 3354 2820 3392; x_wconf 71' lang='lat' dir='ltr'>ess·-</span> <span class='ocrx_word' id='word_1_313' title='bbox 2852 3329 3096 3395; x_wconf 79' lang='lat' dir='ltr'>divisin</span> <span class='ocrx_word' id='word_1_314' title='bbox 3129 3353 3247 3420; x_wconf 78' lang='lat' dir='ltr'>per</span> <span class='ocrx_word' id='word_1_315' title='bbox 3278 3329 3526 3395; x_wconf 75' lang='lat' dir='ltr'>forinas</span> <span class='ocrx_word' id='word_1_316' title='bbox 3548 3329 3786 3395; x_wconf 82' lang='lat' dir='ltr'>imme-</span> 
     </span>
     <span class='ocr_line' id='line_1_58' title="bbox 2234 3437 3782 3528; baseline 0 -24"><span class='ocrx_word' id='word_1_317' title='bbox 2234 3437 2413 3504; x_wconf 88' lang='lat' dir='ltr'>diate</span> <span class='ocrx_word' id='word_1_318' title='bbox 2453 3438 2535 3504; x_wconf 91' lang='lat' dir='ltr'>de</span> <span class='ocrx_word' id='word_1_319' title='bbox 2592 3438 2825 3505; x_wconf 84' lang='lat' dir='ltr'>eadem</span> <span class='ocrx_word' id='word_1_320' title='bbox 2867 3439 3168 3527; x_wconf 88' lang='lat' dir='ltr'>potentia</span> <span class='ocrx_word' id='word_1_321' title='bbox 3206 3441 3475 3528; x_wconf 76' lang='lat' dir='ltr'>generis</span> <span class='ocrx_word' id='word_1_322' title='bbox 3517 3459 3782 3506; x_wconf 84' lang='lat' dir='ltr'>exeun-</span> 
     </span>
     <span class='ocr_line' id='line_1_59' title="bbox 2231 3545 3781 3637; baseline -0.002 -22"><span class='ocrx_word' id='word_1_323' title='bbox 2231 3556 2359 3625; x_wconf 73' lang='lat' dir='ltr'>teS,</span> <span class='ocrx_word' id='word_1_324' title='bbox 2421 3569 2708 3637; x_wconf 85' lang='lat' dir='ltr'>quarum</span> <span class='ocrx_word' id='word_1_325' title='bbox 2769 3555 3051 3637; x_wconf 83' lang='lat' dir='ltr'>utraque</span> <span class='ocrx_word' id='word_1_326' title='bbox 3109 3545 3329 3613; x_wconf 77' lang='lat' dir='ltr'>forma</span> <span class='ocrx_word' id='word_1_327' title='bbox 3382 3546 3468 3613; x_wconf 83' lang='lat' dir='ltr'>sit</span> <span class='ocrx_word' id='word_1_328' title='bbox 3520 3553 3585 3613; x_wconf 88' lang='lat' dir='ltr'>et</span> <span class='ocrx_word' id='word_1_329' title='bbox 3643 3569 3781 3613; x_wconf 90' lang='lat' dir='ltr'>non</span> 
     </span>
     <span class='ocr_line' id='line_1_60' title="bbox 2233 3652 3780 3747; baseline -0.001 -26"><span class='ocrx_word' id='word_1_330' title='bbox 2233 3655 2522 3747; x_wconf 77' lang='lat' dir='ltr'>privatio</span> <span class='ocrx_word' id='word_1_331' title='bbox 2560 3677 2574 3720; x_wconf 90' lang='lat'>:</span> <span class='ocrx_word' id='word_1_332' title='bbox 2627 3677 2746 3720; x_wconf 87' lang='lat' dir='ltr'>nec</span> <span class='ocrx_word' id='word_1_333' title='bbox 2787 3653 2871 3720; x_wconf 90' lang='lat' dir='ltr'>sit</span> <span class='ocrx_word' id='word_1_334' title='bbox 2909 3652 3220 3721; x_wconf 85' lang='lat' dir='ltr'>accidens</span> <span class='ocrx_word' id='word_1_335' title='bbox 3251 3676 3371 3744; x_wconf 92' lang='lat' dir='ltr'>per</span> <span class='ocrx_word' id='word_1_336' title='bbox 3418 3678 3515 3736; x_wconf 69' lang='lat' dir='ltr'>se,</span> <span class='ocrx_word' id='word_1_337' title='bbox 3560 3675 3780 3742; x_wconf 88' lang='lat' dir='ltr'>neque</span> 
     </span>
     <span class='ocr_line' id='line_1_61' title="bbox 2234 3761 3060 3831; baseline -0.004 -1"><span class='ocrx_word' id='word_1_338' title='bbox 2234 3763 2546 3831; x_wconf 83' lang='lat' dir='ltr'>accidens</span> <span class='ocrx_word' id='word_1_339' title='bbox 2586 3761 3060 3829; x_wconf 78' lang='lat' dir='ltr'>counuuuiter.</span> 
     </span>
    </p>

    <p class='ocr_par' dir='ltr' id='par_1_14' title="bbox 2231 3868 3779 5790">
     <span class='ocr_line' id='line_1_62' title="bbox 2325 3868 3778 3948; baseline -0.002 -9"><span class='ocrx_word' id='word_1_340' title='bbox 2325 3872 2402 3939; x_wconf 64' lang='lat' dir='ltr'>lit</span> <span class='ocrx_word' id='word_1_341' title='bbox 2433 3869 2652 3938; x_wconf 86' lang='lat' dir='ltr'>adhuc</span> <span class='ocrx_word' id='word_1_342' title='bbox 2683 3869 3057 3938; x_wconf 76' lang='lat' dir='ltr'>cavendnm</span> <span class='ocrx_word' id='word_1_343' title='bbox 3092 3878 3219 3948; x_wconf 87' lang='lat' dir='ltr'>est,</span> <span class='ocrx_word' id='word_1_344' title='bbox 3256 3895 3338 3937; x_wconf 88' lang='lat' dir='ltr'>ne</span> <span class='ocrx_word' id='word_1_345' title='bbox 3372 3868 3541 3937; x_wconf 88' lang='lat' dir='ltr'>tales</span> <span class='ocrx_word' id='word_1_346' title='bbox 3582 3869 3778 3937; x_wconf 88' lang='lat' dir='ltr'>indu-</span> 
     </span>
     <span class='ocr_line' id='line_1_63' title="bbox 2231 3979 3770 4070; baseline -0.001 -22"><span class='ocrx_word' id='word_1_347' title='bbox 2231 3979 2730 4049; x_wconf 78' lang='lat' dir='ltr'>canturl&#39;ormae</span> <span class='ocrx_word' id='word_1_348' title='bbox 2778 4003 2927 4070; x_wconf 59' lang='lat' dir='ltr'>quat</span> <span class='ocrx_word' id='word_1_349' title='bbox 2959 3981 3025 4046; x_wconf 89' lang='lat' dir='ltr'>in</span> <span class='ocrx_word' id='word_1_350' title='bbox 3075 3980 3360 4047; x_wconf 84' lang='lat' dir='ltr'>materia</span> <span class='ocrx_word' id='word_1_351' title='bbox 3409 4001 3546 4047; x_wconf 88' lang='lat' dir='ltr'>non</span> <span class='ocrx_word' id='word_1_352' title='bbox 3587 3985 3770 4056; x_wconf 82' lang='lat' dir='ltr'>sunt.</span> 
     </span>
     <span class='ocr_line' id='line_1_64' title="bbox 2232 4084 3776 4176; baseline -0.002 -22"><span class='ocrx_word' id='word_1_353' title='bbox 2232 4089 2397 4154; x_wconf 84' lang='lat' dir='ltr'>sicut</span> <span class='ocrx_word' id='word_1_354' title='bbox 2442 4086 2592 4153; x_wconf 75' lang='lat' dir='ltr'>feeit</span> <span class='ocrx_word' id='word_1_355' title='bbox 2655 4085 2845 4152; x_wconf 80' lang='lat' dir='ltr'>l&#39;lato</span> <span class='ocrx_word' id='word_1_356' title='bbox 2900 4110 2914 4154; x_wconf 86' lang='grc'>;</span> <span class='ocrx_word' id='word_1_357' title='bbox 2968 4088 3290 4176; x_wconf 89' lang='lat' dir='ltr'>quoniam</span> <span class='ocrx_word' id='word_1_358' title='bbox 3341 4084 3574 4153; x_wconf 78' lang='lat' dir='ltr'>sormae</span> <span class='ocrx_word' id='word_1_359' title='bbox 3622 4086 3776 4153; x_wconf 87' lang='lat' dir='ltr'>aui-</span> 
     </span>
     <span class='ocr_line' id='line_1_65' title="bbox 2234 4192 3774 4261; baseline -0.002 0"><span class='ocrx_word' id='word_1_360' title='bbox 2234 4195 2515 4261; x_wconf 87' lang='lat' dir='ltr'>malium</span> <span class='ocrx_word' id='word_1_361' title='bbox 2572 4203 2635 4260; x_wconf 86' lang='lat' dir='ltr'>et</span> <span class='ocrx_word' id='word_1_362' title='bbox 2701 4192 3164 4259; x_wconf 85' lang='lat' dir='ltr'>membrorum</span> <span class='ocrx_word' id='word_1_363' title='bbox 3232 4216 3466 4259; x_wconf 85' lang='lat' dir='ltr'>eorum</span> <span class='ocrx_word' id='word_1_364' title='bbox 3535 4214 3774 4259; x_wconf 81' lang='lat' dir='ltr'>omnes</span> 
     </span>
     <span class='ocr_line' id='line_1_66' title="bbox 2232 4298 3778 4390; baseline -0.001 -23"><span class='ocrx_word' id='word_1_365' title='bbox 2232 4308 2389 4367; x_wconf 83' lang='lat' dir='ltr'>sunt</span> <span class='ocrx_word' id='word_1_366' title='bbox 2422 4301 2486 4366; x_wconf 88' lang='lat' dir='ltr'>in</span> <span class='ocrx_word' id='word_1_367' title='bbox 2531 4300 2806 4366; x_wconf 83' lang='lat' dir='ltr'>materia</span> <span class='ocrx_word' id='word_1_368' title='bbox 2847 4302 3235 4375; x_wconf 74' lang='lat' dir='ltr'>existentes,</span> <span class='ocrx_word' id='word_1_369' title='bbox 3268 4307 3329 4365; x_wconf 82' lang='lat' dir='ltr'>et</span> <span class='ocrx_word' id='word_1_370' title='bbox 3364 4298 3445 4367; x_wconf 91' lang='lat' dir='ltr'>de</span> <span class='ocrx_word' id='word_1_371' title='bbox 3478 4300 3778 4390; x_wconf 83' lang='lat' dir='ltr'>potentia</span> 
     </span>
     <span class='ocr_line' id='line_1_67' title="bbox 2233 4405 3778 4477; baseline -0.002 0"><span class='ocrx_word' id='word_1_372' title='bbox 2233 4407 2531 4477; x_wconf 61' lang='lat' dir='ltr'>materia*</span> <span class='ocrx_word' id='word_1_373' title='bbox 2589 4406 2871 4474; x_wconf 69' lang='lat' dir='ltr'>eductae.</span> <span class='ocrx_word' id='word_1_374' title='bbox 2934 4406 3056 4474; x_wconf 85' lang='lat' dir='ltr'>llis</span> <span class='ocrx_word' id='word_1_375' title='bbox 3106 4415 3335 4475; x_wconf 80' lang='lat' dir='ltr'>autem</span> <span class='ocrx_word' id='word_1_376' title='bbox 3392 4405 3626 4475; x_wconf 79' lang='lat' dir='ltr'>formis</span> <span class='ocrx_word' id='word_1_377' title='bbox 3682 4405 3778 4474; x_wconf 87' lang='lat' dir='ltr'>sic</span> 
     </span>
     <span class='ocr_line' id='line_1_68' title="bbox 2235 4513 3773 4604; baseline -0.001 -23"><span class='ocrx_word' id='word_1_378' title='bbox 2235 4515 2553 4591; x_wconf 71' lang='lat' dir='ltr'>inventis,</span> <span class='ocrx_word' id='word_1_379' title='bbox 2641 4522 2901 4604; x_wconf 73' lang='lat' dir='ltr'>oportet</span> <span class='ocrx_word' id='word_1_380' title='bbox 2986 4516 3156 4581; x_wconf 77' lang='lat' dir='ltr'>scire</span> <span class='ocrx_word' id='word_1_381' title='bbox 3241 4513 3543 4604; x_wconf 84' lang='lat' dir='ltr'>duplices</span> <span class='ocrx_word' id='word_1_382' title='bbox 3627 4535 3773 4580; x_wconf 82' lang='lat' dir='ltr'>esse</span> 
     </span>
     <span class='ocr_line' id='line_1_69' title="bbox 2233 4621 3776 4712; baseline 0 -24"><span class='ocrx_word' id='word_1_383' title='bbox 2233 4622 2402 4689; x_wconf 83' lang='lat' dir='ltr'>lines</span> <span class='ocrx_word' id='word_1_384' title='bbox 2446 4644 2461 4688; x_wconf 90' lang='lat'>:</span> <span class='ocrx_word' id='word_1_385' title='bbox 2508 4623 2830 4712; x_wconf 80' lang='lat' dir='ltr'>quoniam</span> <span class='ocrx_word' id='word_1_386' title='bbox 2871 4621 3150 4712; x_wconf 86' lang='lat' dir='ltr'>quidam</span> <span class='ocrx_word' id='word_1_387' title='bbox 3181 4629 3282 4689; x_wconf 86' lang='lat' dir='ltr'>est</span> <span class='ocrx_word' id='word_1_388' title='bbox 3312 4623 3470 4689; x_wconf 81' lang='lat' dir='ltr'>linis</span> <span class='ocrx_word' id='word_1_389' title='bbox 3496 4644 3776 4709; x_wconf 82' lang='lat' dir='ltr'>genera·</span> 
     </span>
     <span class='ocr_line' id='line_1_70' title="bbox 2232 4730 3770 4821; baseline -0.003 -21"><span class='ocrx_word' id='word_1_390' title='bbox 2232 4732 2462 4807; x_wconf 76' lang='lat' dir='ltr'>tinnis,</span> <span class='ocrx_word' id='word_1_391' title='bbox 2506 4738 2572 4797; x_wconf 91' lang='lat' dir='ltr'>et</span> <span class='ocrx_word' id='word_1_392' title='bbox 2619 4730 2893 4820; x_wconf 85' lang='lat' dir='ltr'>quidam</span> <span class='ocrx_word' id='word_1_393' title='bbox 2933 4738 3033 4796; x_wconf 88' lang='lat' dir='ltr'>est</span> <span class='ocrx_word' id='word_1_394' title='bbox 3073 4730 3228 4796; x_wconf 76' lang='lat' dir='ltr'>linis</span> <span class='ocrx_word' id='word_1_395' title='bbox 3268 4730 3359 4798; x_wconf 88' lang='lat' dir='ltr'>rei</span> <span class='ocrx_word' id='word_1_396' title='bbox 3410 4738 3770 4821; x_wconf 66' lang='lat' dir='ltr'>generatae.</span> 
     </span>
     <span class='ocr_line' id='line_1_71' title="bbox 2235 4835 3777 4927; baseline -0.002 -22"><span class='ocrx_word' id='word_1_397' title='bbox 2235 4838 2417 4905; x_wconf 79' lang='lat' dir='ltr'>l·&#39;inis</span> <span class='ocrx_word' id='word_1_398' title='bbox 2444 4835 2715 4927; x_wconf 84' lang='lat' dir='ltr'>quidem</span> <span class='ocrx_word' id='word_1_399' title='bbox 2748 4837 3207 4923; x_wconf 62' lang='lat' dir='ltr'>generationis</span> <span class='ocrx_word' id='word_1_400' title='bbox 3236 4844 3334 4904; x_wconf 84' lang='lat' dir='ltr'>est</span> <span class='ocrx_word' id='word_1_401' title='bbox 3361 4837 3577 4904; x_wconf 78' lang='lat' dir='ltr'>forma</span> <span class='ocrx_word' id='word_1_402' title='bbox 3607 4836 3777 4903; x_wconf 90' lang='lat' dir='ltr'>dans</span> 
     </span>
     <span class='ocr_line' id='line_1_72' title="bbox 2235 4941 3779 5035; baseline -0.002 -23"><span class='ocrx_word' id='word_1_403' title='bbox 2235 4969 2405 5021; x_wconf 83' lang='lat' dir='ltr'>esse,</span> <span class='ocrx_word' id='word_1_404' title='bbox 2466 4953 2739 5034; x_wconf 77' lang='lat' dir='ltr'>propter</span> <span class='ocrx_word' id='word_1_405' title='bbox 2785 4967 2990 5035; x_wconf 84' lang='lat' dir='ltr'>quam</span> <span class='ocrx_word' id='word_1_406' title='bbox 3041 4945 3511 5011; x_wconf 85' lang='lat' dir='ltr'>necessitatem</span> <span class='ocrx_word' id='word_1_407' title='bbox 3572 4941 3779 5010; x_wconf 86' lang='lat' dir='ltr'>habet</span> 
     </span>
     <span class='ocr_line' id='line_1_73' title="bbox 2237 5051 3777 5120; baseline -0.001 0"><span class='ocrx_word' id='word_1_408' title='bbox 2237 5055 2514 5120; x_wconf 78' lang='lat' dir='ltr'>inateria</span> <span class='ocrx_word' id='word_1_409' title='bbox 2575 5064 2637 5120; x_wconf 85' lang='lat' dir='ltr'>et</span> <span class='ocrx_word' id='word_1_410' title='bbox 2680 5052 2976 5120; x_wconf 64' lang='lat' dir='ltr'>eflicit-ns</span> <span class='ocrx_word' id='word_1_411' title='bbox 3038 5075 3052 5118; x_wconf 89' lang='lat'><strong>:</strong></span> <span class='ocrx_word' id='word_1_412' title='bbox 3111 5053 3580 5120; x_wconf 87' lang='lat' dir='ltr'>necessitatem</span> <span class='ocrx_word' id='word_1_413' title='bbox 3626 5051 3777 5119; x_wconf 89' lang='lat' dir='ltr'>dico</span> 
     </span>
     <span class='ocr_line' id='line_1_74' title="bbox 2235 5159 3778 5252; baseline 0.001 -24"><span class='ocrx_word' id='word_1_414' title='bbox 2235 5162 2748 5251; x_wconf 74' lang='lat' dir='ltr'>suppositionis,</span> <span class='ocrx_word' id='word_1_415' title='bbox 2784 5160 2863 5227; x_wconf 86' lang='lat' dir='ltr'>de</span> <span class='ocrx_word' id='word_1_416' title='bbox 2895 5183 3028 5252; x_wconf 86' lang='lat' dir='ltr'>qua</span> <span class='ocrx_word' id='word_1_417' title='bbox 3058 5184 3262 5251; x_wconf 84' lang='lat' dir='ltr'>supra</span> <span class='ocrx_word' id='word_1_418' title='bbox 3293 5159 3613 5228; x_wconf 80' lang='lat' dir='ltr'>diximus.</span> <span class='ocrx_word' id='word_1_419' title='bbox 3663 5161 3778 5229; x_wconf 83' lang='lat' dir='ltr'>Fi-</span> 
     </span>
     <span class='ocr_line' id='line_1_75' title="bbox 2237 5267 3769 5356; baseline 0.001 -22"><span class='ocrx_word' id='word_1_420' title='bbox 2237 5269 2339 5334; x_wconf 83' lang='lat' dir='ltr'>nis</span> <span class='ocrx_word' id='word_1_421' title='bbox 2370 5274 2596 5335; x_wconf 73' lang='lat' dir='ltr'>autc-m</span> <span class='ocrx_word' id='word_1_422' title='bbox 2632 5269 2720 5334; x_wconf 75' lang='lat' dir='ltr'>rei</span> <span class='ocrx_word' id='word_1_423' title='bbox 2756 5277 3086 5356; x_wconf 66' lang='lat' dir='ltr'>generata·</span> <span class='ocrx_word' id='word_1_424' title='bbox 3118 5267 3262 5354; x_wconf 88' lang='lat' dir='ltr'>jam</span> <span class='ocrx_word' id='word_1_425' title='bbox 3294 5268 3644 5336; x_wconf 79' lang='lat' dir='ltr'>existentis</span> <span class='ocrx_word' id='word_1_426' title='bbox 3674 5278 3769 5336; x_wconf 88' lang='lat' dir='ltr'>est</span> 
     </span>
     <span class='ocr_line' id='line_1_76' title="bbox 2235 5374 3778 5467; baseline 0.003 -27"><span class='ocrx_word' id='word_1_427' title='bbox 2235 5377 2541 5465; x_wconf 77' lang='lat' dir='ltr'>operatio</span> <span class='ocrx_word' id='word_1_428' title='bbox 2572 5378 2842 5467; x_wconf 79' lang='lat' dir='ltr'>propria</span> <span class='ocrx_word' id='word_1_429' title='bbox 2865 5374 3218 5462; x_wconf 78' lang='lat' dir='ltr'>cujuslibet</span> <span class='ocrx_word' id='word_1_430' title='bbox 3252 5378 3498 5465; x_wconf 83' lang='lat' dir='ltr'>speciei</span> <span class='ocrx_word' id='word_1_431' title='bbox 3521 5377 3778 5444; x_wconf 84' lang='lat' dir='ltr'>anima·</span> 
     </span>
     <span class='ocr_line' id='line_1_77' title="bbox 2234 5481 3779 5575; baseline 0.001 -26"><span class='ocrx_word' id='word_1_432' title='bbox 2234 5482 2339 5552; x_wconf 82' lang='lat' dir='ltr'>lis.</span> <span class='ocrx_word' id='word_1_433' title='bbox 2377 5491 2442 5549; x_wconf 89' lang='lat' dir='ltr'>et</span> <span class='ocrx_word' id='word_1_434' title='bbox 2472 5482 2825 5570; x_wconf 81' lang='lat' dir='ltr'>cujuslibet</span> <span class='ocrx_word' id='word_1_435' title='bbox 2867 5481 3155 5571; x_wconf 63' lang='lat' dir='ltr'>mmnbud</span> <span class='ocrx_word' id='word_1_436' title='bbox 3186 5483 3524 5562; x_wconf 86' lang='lat' dir='ltr'>animalis,</span> <span class='ocrx_word' id='word_1_437' title='bbox 3567 5506 3779 5575; x_wconf 90' lang='lat' dir='ltr'>prop-</span> 
     </span>
     <span class='ocr_line' id='line_1_78' title="bbox 2234 5588 3776 5680; baseline 0.001 -25"><span class='ocrx_word' id='word_1_438' title='bbox 2234 5597 2337 5655; x_wconf 85' lang='lat' dir='ltr'>ter</span> <span class='ocrx_word' id='word_1_439' title='bbox 2392 5610 2598 5677; x_wconf 85' lang='lat' dir='ltr'>quam</span> <span class='ocrx_word' id='word_1_440' title='bbox 2656 5588 2904 5654; x_wconf 82' lang='lat' dir='ltr'>factum</span> <span class='ocrx_word' id='word_1_441' title='bbox 2961 5595 3088 5666; x_wconf 84' lang='lat' dir='ltr'>est,</span> <span class='ocrx_word' id='word_1_442' title='bbox 3127 5594 3193 5654; x_wconf 86' lang='lat' dir='ltr'>et</span> <span class='ocrx_word' id='word_1_443' title='bbox 3248 5597 3526 5680; x_wconf 89' lang='lat' dir='ltr'>propter</span> <span class='ocrx_word' id='word_1_444' title='bbox 3570 5611 3776 5679; x_wconf 87' lang='lat' dir='ltr'>quam</span> 
     </span>
     <span class='ocr_line' id='line_1_79' title="bbox 2236 5696 3774 5790; baseline 0.003 -24"><span class='ocrx_word' id='word_1_445' title='bbox 2236 5698 2448 5790; x_wconf 79' lang='lat' dir='ltr'>ligura</span> <span class='ocrx_word' id='word_1_446' title='bbox 2483 5706 2547 5765; x_wconf 91' lang='lat' dir='ltr'>et</span> <span class='ocrx_word' id='word_1_447' title='bbox 2574 5696 2792 5766; x_wconf 80' lang='lat' dir='ltr'>forma</span> <span class='ocrx_word' id='word_1_448' title='bbox 2830 5703 2929 5764; x_wconf 90' lang='lat' dir='ltr'>est</span> <span class='ocrx_word' id='word_1_449' title='bbox 2959 5698 3337 5766; x_wconf 85' lang='lat' dir='ltr'>necessaria</span> <span class='ocrx_word' id='word_1_450' title='bbox 3374 5700 3774 5770; x_wconf 83' lang='lat' dir='ltr'>necessitate</span> 
     </span>
    </p>
   </div>
  </div>
 </body>
</html>
