4919 6371
1906 357 2086 426 Llss.
2144 355 2212 425 X
2262 355 2388 424 DE
2436 353 3049 435 ANIMALIBUS,
3104 353 3430 426 TRACT.
3489 354 3518 423 I

1041 536 1375 630 cipiendi,
1415 545 1481 604 et
1526 533 1720 626 quod
1765 535 2224 628 impraegnari
2277 533 2536 603 mulier
2583 543 2686 604 ta-

1042 650 1129 721 lis
1190 675 1336 720 non
1387 648 1666 742 possit:
1716 656 1785 717 et
1837 647 2125 741 qnando
2178 647 2434 718 mulier
2477 649 2687 718 fuerit

1046 761 1434 855 aliquando
1498 759 1790 853 quidem
1854 760 2084 842 fortiS,
2170 771 2238 832 et
2301 759 2684 855 aliquando

1045 874 1326 953 debiliS,
1364 881 1432 942 et
1465 872 1726 941 matrix
1770 874 1925 965 ejus
1957 884 2064 944 est
2094 876 2330 968 primo
2373 876 2584 953 sicca,
2623 879 2690 940 et

1046 993 1299 1078 postea
1367 981 1848 1068 humectatur,
1933 987 2381 1081 significatur
2457 992 2686 1053 totum

1049 1120 1307 1191 corpus
1362 1097 1681 1168 mulieris
1727 1096 2107 1167 humidum
2152 1121 2333 1177 esse,
2391 1104 2459 1165 et
2500 1093 2691 1189 quod

1050 1212 1316 1280 matrix
1347 1208 1525 1280 bene
1572 1210 1866 1304 quidem
1912 1211 2161 1303 recipit
2195 1232 2503 1302 sperma,
2570 1206 2692 1276 sed

1048 1347 1137 1393 ex
1167 1322 1471 1394 humore
1513 1323 2068 1416 superveniente
2132 1323 2532 1415 corrumpit
2579 1323 2694 1413 ip-

1053 1461 1241 1520 sum,
1288 1446 1357 1506 et
1387 1445 1639 1529 postea
1670 1437 1885 1528 ejicit.

1134 1548 1479 1641 Amplius
1523 1556 1769 1617 autem
1828 1573 1915 1618 ex
1967 1550 2296 1643 superius
2348 1547 2693 1618 determi-

1048 1661 1235 1730 natis
1267 1668 1546 1731 constat
1579 1662 1954 1730 matricem
1987 1661 2347 1731 attrahere
2381 1684 2688 1754 sperma,

1049 1775 1248 1868 quod
1304 1775 1373 1843 in
1421 1774 1652 1869 ipsam
1706 1799 1870 1843 cum
1909 1775 2226 1869 impulsu
2259 1786 2559 1844 ventoso
2594 1775 2696 1843 in-

1045 1888 1319 1979 jectum
1353 1896 1483 1967 est,
1533 1895 1604 1957 et
1636 1886 1829 1979 quod
1864 1887 2124 1957 mulier
2153 1887 2225 1956 in
2260 1887 2451 1957 coitu
2484 1910 2691 1955 sumn

1053 2022 1338 2092 sperma
1380 1998 1573 2090 ejicit
1612 1996 1699 2067 ad
1736 2001 2091 2067 orificium
2129 2001 2424 2068 interius
2461 1998 2690 2066 matri·

1052 2111 1178 2197 cis,
1225 2110 1313 2179 ad
1349 2134 1565 2204 quam
1617 2112 1834 2179 etiam
1878 2135 2089 2180 suum
2135 2135 2417 2205 sperma
2469 2110 2696 2204 proji-

1050 2224 1146 2294 cit
1188 2223 1576 2293 masculus.
1624 2222 1765 2294 ltes
1809 2232 2053 2293 autem
2086 2248 2339 2294 omnes
2370 2247 2533 2294 cum
2569 2223 2696 2291 im-

1047 2337 1257 2430 pulsu
1304 2337 1500 2406 venti
1566 2338 1927 2430 projectae,
1987 2360 2153 2406 cum
2203 2338 2466 2407 virtute
2514 2359 2698 2429 qua-

1045 2446 1210 2517 dam
1252 2456 1322 2517 et
1373 2449 1649 2542 impetu
1696 2456 2109 2518 moventur.
2158 2447 2529 2542 Contingit
2561 2470 2697 2516 au-

1043 2570 1189 2631 tem
1232 2561 1488 2654 saepius
1546 2560 1617 2629 in
1671 2561 1973 2631 muliere
2018 2586 2173 2631 esse
2223 2561 2439 2631 nimis
2477 2561 2701 2654 impe..

1048 2685 1330 2745 tuosam
1365 2676 1915 2770 projectionem,
1954 2679 2049 2746 ita
2085 2677 2279 2771 qnod
2317 2702 2444 2772 per
2470 2677 2693 2770 ipsam

1054 2789 1457 2859 retunditur
1504 2790 1590 2858 ad
1650 2801 1850 2860 extra
1906 2815 2195 2885 sperma
2241 2791 2398 2877 viri,
2446 2800 2516 2860 et
2559 2791 2698 2860 im-

1059 2904 1341 2998 peditur
1383 2905 1885 2998 impraegnatio
1934 2929 1948 2974 :
1989 2915 2271 2999 oportet
2306 2907 2494 2974 enim
2547 2930 2697 2975 cor—

1054 3041 1191 3110 pus
1225 3027 1369 3086 tam
1406 3017 1728 3087 mulieris
1763 3042 1981 3111 quam
2018 3018 2336 3089 matricis
2360 3043 2512 3087 esse
2537 3043 2697 3087 con·

1052 3128 1349 3198 veniens
1391 3127 1479 3198 ad
1514 3125 1651 3199 hoc
1686 3129 1877 3222 qnod
1915 3131 2178 3200 matrix
2233 3138 2303 3201 et
2345 3131 2697 3224 concipiat

1064 3250 1133 3311 ct
1173 3243 1428 3334 pariat.

1154 3351 1433 3422 Accidit
1516 3362 1758 3423 autem
1831 3353 2098 3424 multas
2158 3353 2494 3424 mulieres
2553 3354 2695 3448 pati

1053 3463 1541 3534 infirmitatem
1624 3489 1845 3559 quam
1924 3465 2394 3538 leam-musam
2471 3467 2695 3537 Graeci

1050 3586 1312 3648 vocant
1366 3577 1652 3658 medici,
1708 3601 1874 3672 quae
1913 3588 2048 3661 est,
2106 3579 2394 3674 quando
2438 3579 2697 3649 matrix

1057 3701 1357 3761 ventosa
1390 3692 1478 3762 de
1521 3691 1813 3763 sublimi
1848 3693 2086 3763 sul'tlat
2129 3693 2422 3765 inferius
2463 3718 2588 3788 per
2617 3718 2698 3763 os

1056 3806 1398 3888 matriciS,
1434 3814 1505 3876 et
1547 3805 1845 3894 collum,
1882 3809 2065 3878 sicut
2101 3831 2305 3879 musa
2345 3808 2461 3878 vel
2494 3808 2700 3878 tistu-

1069 3916 1162 3986 la.
1211 3923 1507 4011 tlpnrtet
1564 3919 1783 4013 igitur
1824 3944 1953 4013 per
1996 3919 2387 3991 medicinas
2436 3920 2700 3989 sollici-

1058 4031 1192 4099 tari
1246 4029 1331 4098 ad
1388 4030 1911 4101 removendum
1967 4056 2006 4102 a
2049 4034 2343 4103 matrice
2374 4034 2699 4103 accidens

1060 4140 1233 4210 illud
1273 4165 1288 4210 ε
1326 4141 1533 4212 aliter
1564 4144 1758 4213 enim
1793 4145 2388 4239 quotiescumque
2446 4143 2701 4215 mulier

1058 4252 1217 4323 talis
1249 4279 1413 4324 cum
1455 4255 1614 4325 viro
1656 4259 1933 4336 coierit,
1982 4256 2483 4329 exsufflabitur
2510 4282 2701 4353 sper-

1059 4391 1175 4436 ma
1258 4366 1421 4448 viri,
1497 4376 1565 4438 et
1649 4368 2083 4464 impedietur
2175 4371 2691 4465 iinpraegnatio.

1058 4477 1289 4548 Causa
1348 4489 1590 4550 autem
1647 4478 1864 4573 hujus
1927 4484 2364 4554 inlirmitatis
2425 4484 2699 4553 siccitas

1057 4592 1449 4664 vehemens
1508 4603 1616 4665 est
1665 4597 1984 4666 matricis
2042 4621 2059 4666 :
2108 4607 2277 4669 tunc
2317 4598 2508 4668 enim
2562 4596 2701 4666 hu-

1064 4705 1452 4772 mid‘tntmn
1494 4706 1760 4798 pro-Prii
1798 4706 2125 4770 lunum-i<
2162 4716 2274 4771 :inl
2325 4710 2697 4800 spermati<

1064 4819 1383 4888 mulieris
1412 4819 1732 4901 attrahit,
1772 4830 1838 4890 et
1873 4822 1943 4891 in
1988 4831 2286 4893 ventum
2319 4824 2695 4907 convertit,

1058 4940 1125 5002 et
1160 4956 1285 5026 per
1317 4930 1521 5002 illum
1553 4933 1888 5003 exsufllat
1930 4933 2279 5029 quidquid
2324 4933 2700 5029 spernmtis

1057 5045 1193 5113 viri
1238 5044 1326 5115 ad
1377 5070 1458 5114 os
1509 5045 1666 5138 ejus
1722 5048 2151 5141 projicitur:
2208 5057 2278 5118 et
2328 5049 2431 5118 sic
2461 5047 2704 5142 paula-

1059 5159 1188 5230 tim
1249 5160 1603 5230 exsiccata
1665 5162 2070 5233 exsiccatur
2130 5165 2503 5257 spermatis
2566 5162 2695 5232 viri

1061 5270 1477 5355 humiditaS,
1536 5281 1608 5342 et
1661 5274 2066 5347 minoratur
2126 5299 2254 5369 per
2303 5274 2705 5346 eventatio-

1060 5408 1227 5456 nem
1268 5384 1614 5463 matricis,
1650 5394 1720 5455 et
1751 5386 2045 5458 tandem
2078 5386 2342 5458 excidit
2396 5389 2469 5458 in
2519 5396 2696 5459 tot0.

1061 5495 1571 5569 Ventationem
1605 5506 1850 5569 autem
1885 5497 2084 5570 illam
2126 5524 2273 5571 non
2318 5502 2389 5570 in
2420 5524 2495 5571 se
2536 5523 2704 5570 sen-

1061 5608 1147 5678 tit
1176 5609 1435 5680 mulier
1464 5619 1761 5706 propter
1793 5612 2230 5706 paucitatem
2275 5612 2522 5708 ipsius.
2557 5610 2705 5682 Ma-

1058 5723 1200 5792 trix
1232 5731 1472 5794 autem
1506 5723 1798 5820 quando
1845 5726 1918 5797 in
1951 5750 2039 5798 ea
2068 5724 2223 5798 haec
2274 5734 2707 5823 aggravatur

1061 5833 1468 5916 infirmitaS,
1513 5846 1688 5907 tunc
1741 5837 2049 5910 eflicitur
2108 5838 2321 5910 valde
2371 5840 2582 5921 sicca,
2636 5846 2707 5908 et

1060 5956 1233 6020 tunc
1280 5949 1488 6021 citius
1529 5949 1724 6042 ejicit
1772 5976 2090 6047 sperma,
2155 5975 2375 6049 quam
2415 5951 2703 6049 quando

4295 357 4425 425 521

2799 533 3005 601 fuerit
3044 556 3259 602 causa
3305 531 3742 599 infirmitatis
3805 556 4024 625 parva
4075 556 4088 600 :
4149 543 4211 602 et
4267 542 4435 603 tunc

2800 667 2942 711 non
3003 643 3130 710 erit
3182 642 3427 733 opinio
3493 642 3709 709 etiam
3782 643 4423 737 impraegnationis.

2801 753 3098 835 Quando
3170 762 3412 823 autem
3482 776 3699 846 parva
3778 753 3988 824 suerit
4055 757 4429 826 intirmitas

2798 875 3084 959 propter
3151 866 3622 960 temporalem
3684 869 4162 938 retentionem
4224 894 4428 962 sper-

2804 982 3036 1061 matis,
3076 979 3454 1075 aliquoties
3495 981 3675 1051 forte
3721 982 4136 1075 opinabitur
4168 982 4424 1052 mulier

2803 1114 2874 1161 sc
2908 1093 3313 1186 concepisse
3349 1117 3572 1186 usque
3615 1092 3785 1163 dum
3836 1118 4126 1187 sperma
4175 1094 4432 1188 paula-

2801 1204 2928 1272 tim
2973 1229 3010 1273 a
3063 1204 3465 1274 sufflatione
3522 1205 3823 1296 ejicitur.
3885 1206 3965 1275 In
4019 1205 4143 1276 tali
4196 1216 4435 1278 autem

2806 1315 3212 1386 infirmitate
3265 1318 3586 1388 matricis
3646 1343 3831 1413 saepe
3911 1321 4201 1413 quidem
4267 1347 4439 1393 eve-

2805 1428 3009 1496 niunt
3039 1426 3322 1499 dolores
3353 1429 3587 1500 subito
3623 1454 3712 1500 ex
3761 1431 4052 1502 inssante
4106 1435 4440 1503 ventosi-

2803 1548 2976 1622 tate,
3011 1542 3192 1611 sicut
3222 1550 3389 1612 sunt
3420 1542 3703 1614 dolores
3738 1544 4371 1638 impraegnatarum
4412 1569 4429 1617 ε

2804 1656 3142 1747 quoniam
3213 1657 3606 1727 ventositas
3667 1659 4036 1729 matricem
4113 1659 4428 1744 elevanS,

2804 1769 3052 1860 pungit
3093 1768 3358 1862 inguen
3403 1770 3485 1839 ad
3523 1771 3934 1841 exeundum
3979 1772 4235 1842 nitens.

2897 1879 3301 1973 Aliquando
3344 1884 3557 1952 etiam
3601 1893 3882 1977 recepto
3917 1894 4270 1978 spermate
4317 1888 4433 1956 in-

2806 2002 2909 2060 tra
2942 1993 3154 2063 talem
3206 1997 3601 2077 matricem,
3638 2021 3799 2067 cum
3849 2021 4134 2091 sperma
4178 1999 4433 2068 inven-

2806 2113 2954 2172 tum
3008 2104 3409 2187 resolvitur,
3468 2107 3546 2176 fit
3588 2107 3856 2177 tumida
3913 2111 4200 2191 matrix,
4240 2112 4432 2204 quod

2807 2219 3138 2313 opinatur
3170 2218 3428 2290 mulier
3456 2244 3528 2289 sc
3563 2244 3713 2291 esse
3749 2222 4311 2315 impraegnatam,
4372 2226 4433 2293 si

2806 2332 2924 2402 diu
2959 2334 3346 2404 ventositas
3398 2334 3580 2403 intra
3621 2338 3990 2405 matricem
4033 2335 4271 2406 clausa
4324 2347 4436 2408 te-

2808 2457 3079 2517 neatur.
3159 2448 3316 2519 Stat
3378 2459 3615 2520 autem
3680 2451 3809 2520 iste
3865 2459 4130 2533 tumor,
4205 2451 4432 2523 donec

2806 2570 3060 2630 ventus
3093 2585 3373 2654 sperma
3407 2563 3605 2654 quasi
3641 2563 4116 2657 perahortum
4151 2565 4385 2656 ejiciat
4416 2590 4430 2636 :

2808 2681 2876 2741 et
2931 2680 3095 2740 tunc
3144 2671 3401 2741 residet
3449 2682 3698 2742 venter
3736 2696 4122 2743 conversus
4174 2674 4261 2743 ad
4295 2675 4436 2745 ‹lis-

2809 2783 3233 2876 positionem
3306 2783 3616 2876 priorem
3685 2808 3700 2853 ε
3785 2793 3849 2852 et
3911 2782 4045 2852 hoc
4107 2785 4433 2855 accidens

2806 2896 3059 2990 prioris
3096 2896 3526 2966 intirmitatis
3557 2899 3966 2968 (iraecorum
4002 2899 4254 2969 medici
4309 2924 4435 2970 vo-

2807 3015 2968 3077 cant
3036 3033 3496 3101 ruynemeeon.
3564 3009 3816 3078 live-nit
3874 3018 4110 3079 autem
4159 3012 4434 3081 matrici

2807 3120 3200 3216 dupliciter,
3239 3145 3326 3192 ex
3361 3121 3766 3193 infirmitate
3800 3122 4212 3194 accidentali
4241 3124 4437 3194 vide-

2806 3233 2990 3314 licet,
3047 3247 3109 3303 et
3166 3244 3333 3305 tunc
3393 3233 3530 3305 levi
3592 3234 3865 3306 tollitur
3928 3235 4426 3308 medicamine.

2805 3345 3062 3417 Evenit
3101 3348 3317 3418 etiam
3351 3372 3440 3418 ex
3483 3349 3876 3427 nativitate,
3914 3357 3979 3417 et
4033 3358 4197 3420 tunc
4241 3350 4436 3419 radi-

2806 3468 2959 3527 cata
3012 3458 3388 3529 infirmitas
3449 3461 3520 3530 in
3568 3461 3935 3555 principiis
3988 3462 4434 3532 naturalibus

2807 3568 3215 3641 incurabilis
3245 3580 3376 3655 est,
3412 3582 3533 3643 aut
3573 3574 3692 3642 vix
3737 3582 3965 3667 potest
4001 3574 4258 3644 curari.
4310 3574 4435 3644 Si-

2805 3708 3022 3777 gnum
3068 3693 3308 3756 autem
3342 3684 3524 3756 hanc
3569 3687 4051 3757 infirmitatem
4110 3711 4252 3758 non
4305 3715 4432 3783 per

2807 3808 3130 3868 naturam
3165 3798 3397 3869 inesse
3431 3799 3731 3881 matrici,
3778 3808 3883 3870 est
3935 3800 3992 3870 si
4046 3799 4432 3895 aliquando

2807 3913 3064 3982 matrix
3097 3937 3380 4007 sperma
3425 3915 3669 4009 recipit
3701 3923 3770 3983 et
3802 3922 4021 3994 tenet,
4069 3925 4135 3985 et
4191 3925 4434 3986 tamen

2808 4047 2947 4094 non
2989 4026 3310 4119 sequitur
3362 4028 3880 4121 impraegnatio.
3951 4027 4028 4096 Si
4086 4029 4275 4099 enim
4312 4054 4439 4124 per

2809 4149 3132 4210 naturam
3207 4141 3460 4213 inesset
3538 4143 3912 4213 sortiticata
3979 4146 4238 4238 passio,
4312 4153 4436 4215 aut

2807 4280 3087 4350 sperma
3123 4255 3339 4351 recipi
3384 4280 3525 4326 non
3558 4258 4026 4351 permitteret,
4064 4268 4187 4328 aut
4240 4282 4441 4329 rece-

2810 4377 3007 4462 ptum
3036 4368 3277 4439 statim
3311 4369 3654 4461 rejiceret.

2903 4491 3230 4583 Amplius
3280 4501 3519 4561 autem
3592 4491 3956 4562 multoties
4015 4490 4437 4586 prohibetur

2812 4605 3304 4697 impraegnati«)
3338 4613 3629 4698 propter
3658 4628 4028 4699 spasmum
4067 4606 4189 4699 qui
4223 4613 4327 4676 cst
4364 4606 4438 4676 in

2814 4717 3122 4781 matria-e,
3184 4716 3529 4804 ςυεκηυκ
3575 4726 3810 4785 antem
3874 4716 3942 4786 in
3995 4718 4285 4788 matrice
4326 4741 4442 4788 80·

2808 4828 3039 4898 cidere
3094 4831 3469 4900 consuevit
3520 4856 3608 4901 ex
3657 4828 3935 4900 ‹luabus
3975 4831 4234 4900 causis.
4292 4831 4439 4901 Aut

2811 4941 2997 5011 enim
3059 4940 3310 5012 accidit
3352 4966 3440 5012 ex
3500 4952 3937 5037 apostemate
3998 4941 4228 5013 calido
4293 4966 4444 5012 ma-

2809 5052 2956 5123 lum
3013 5052 3392 5126 humorem
3454 5054 3879 5136 attrahente,
3954 5063 4025 5126 et
4087 5055 4187 5125 sic
4245 5080 4445 5150 spas-

2815 5179 3048 5240 mante
3096 5192 3315 5240 venas
3366 5180 3431 5240 et
3479 5193 3788 5242 nervos:
3836 5172 4016 5239 sicut
4052 5194 4266 5239 eume
4309 5194 4443 5241 ex-

2814 5281 3136 5351 tensihile
3180 5282 3466 5377 quando
3511 5282 3815 5353 multum
3858 5278 4169 5351 trahitur
4203 5282 4275 5351 in
4305 5282 4442 5353 cir-

2811 5395 3005 5463 cuitu
3039 5394 3111 5464 in
3160 5396 3500 5490 spissum,
3554 5395 4120 5466 decurtationem
4168 5396 4441 5491 patitur

2812 5507 2883 5578 in
2925 5531 3052 5578 sua
3083 5506 3555 5602 longitudine,
3590 5510 3773 5579 sicut
3813 5508 3873 5579 si
3913 5531 4159 5580 saccus
4188 5510 4275 5581 dc
4306 5532 4440 5581 co-

2815 5616 2918 5687 rio
2964 5617 3365 5688 extensihili
3429 5617 3679 5698 factus,
3743 5617 4344 5713 superimplentur
4417 5639 4434 5686 ε

2814 5728 3003 5799 illius
3032 5730 3224 5800 enim
3272 5732 3512 5801 statim
3557 5729 3929 5826 longitudo
3962 5728 4437 5812 contrahitur,

2813 5849 2882 5912 et
2911 5841 3324 5914 decurtatur
3358 5866 3375 5914 ε
3410 5843 3579 5939 quia
3606 5841 4007 5915 substantia
4042 5866 4186 5914 non
4239 5842 4446 5911 susti-

2814 5952 2909 6024 cit
2946 5953 3225 6024 duabus
3256 5941 3471 6025 simul
3520 5953 4084 6028 extensionibus.
4138 5951 4301 6022 Alia
4352 5952 4441 6024 de
