<?xml version="1.0" encoding="UTF-8"?>
<!DOCTYPE html PUBLIC "-//W3C//DTD XHTML 1.0 Transitional//EN"
    "http://www.w3.org/TR/xhtml1/DTD/xhtml1-transitional.dtd">
<html xmlns="http://www.w3.org/1999/xhtml" xml:lang="en" lang="en">
 <head>
  <title>
</title>
<meta http-equiv="Content-Type" content="text/html;charset=utf-8" />
  <meta name='ocr-system' content='tesseract 3.04.00' />
  <meta name='ocr-capabilities' content='ocr_page ocr_carea ocr_par ocr_line ocrx_word'/>
</head>
<body>
  <div class='ocr_page' id='page_1' title='image "balbertimagnira01chgoog_0041.png"; bbox 0 0 4919 6371; ppageno 0'>
   <div class='ocr_carea' id='block_1_1' title="bbox 2041 435 4400 522">
    <p class='ocr_par' dir='ltr' id='par_1_1' title="bbox 2041 435 4400 522">
     <span class='ocr_line' id='line_1_1' title="bbox 2041 435 4400 522; baseline -0 -14"><span class='ocrx_word' id='word_1_1' title='bbox 2041 441 2211 508; x_wconf 89' lang='lat' dir='ltr'><strong>LIB.</strong></span> <span class='ocrx_word' id='word_1_2' title='bbox 2266 439 2294 507; x_wconf 90' lang='grc' dir='ltr'><strong>Ι</strong></span> <span class='ocrx_word' id='word_1_3' title='bbox 2342 439 2462 507; x_wconf 91' lang='lat' dir='ltr'><strong>DE</strong></span> <span class='ocrx_word' id='word_1_4' title='bbox 2507 435 3095 522; x_wconf 78' lang='lat' dir='ltr'><strong>ANIMALIBUS,</strong></span> <span class='ocrx_word' id='word_1_5' title='bbox 3143 436 3450 504; x_wconf 87' lang='lat' dir='ltr'>TRACT.</span> <span class='ocrx_word' id='word_1_6' title='bbox 3504 435 3532 501; x_wconf 93' lang='lat' dir='ltr'>I</span> <span class='ocrx_word' id='word_1_7' title='bbox 4314 443 4400 510; x_wconf 82' lang='lat'><strong>25</strong></span> 
     </span>
    </p>
   </div>
   <div class='ocr_carea' id='block_1_2' title="bbox 1186 611 2753 1673">
    <p class='ocr_par' dir='ltr' id='par_1_2' title="bbox 1186 611 2753 1673">
     <span class='ocr_line' id='line_1_2' title="bbox 1280 611 2749 704; baseline -0.01 -16"><span class='ocrx_word' id='word_1_8' title='bbox 1280 623 1469 689; x_wconf 88' lang='lat' dir='ltr'><strong>Inter</strong></span> <span class='ocrx_word' id='word_1_9' title='bbox 1494 616 1806 685; x_wconf 88' lang='lat' dir='ltr'><strong>volatilia</strong></span> <span class='ocrx_word' id='word_1_10' title='bbox 1836 623 2068 682; x_wconf 86' lang='lat' dir='ltr'><strong>autem</strong></span> <span class='ocrx_word' id='word_1_11' title='bbox 2109 634 2258 704; x_wconf 82' lang='lat' dir='ltr'><strong>quae</strong></span> <span class='ocrx_word' id='word_1_12' title='bbox 2299 611 2424 680; x_wconf 90' lang='lat' dir='ltr'><strong>alis</strong></span> <span class='ocrx_word' id='word_1_13' title='bbox 2452 631 2749 678; x_wconf 88' lang='lat' dir='ltr'><strong>moven-</strong></span> 
     </span>
     <span class='ocr_line' id='line_1_3' title="bbox 1193 713 2750 811; baseline -0.011 -17"><span class='ocrx_word' id='word_1_14' title='bbox 1193 736 1304 794; x_wconf 87' lang='lat' dir='ltr'><strong>tur</strong></span> <span class='ocrx_word' id='word_1_15' title='bbox 1340 724 1424 792; x_wconf 91' lang='lat' dir='ltr'><strong>de</strong></span> <span class='ocrx_word' id='word_1_16' title='bbox 1464 723 1617 790; x_wconf 92' lang='lat' dir='ltr'><strong>loco</strong></span> <span class='ocrx_word' id='word_1_17' title='bbox 1669 722 1755 791; x_wconf 88' lang='lat' dir='ltr'><strong>ad</strong></span> <span class='ocrx_word' id='word_1_18' title='bbox 1797 719 2052 800; x_wconf 87' lang='lat' dir='ltr'><strong>locum,</strong></span> <span class='ocrx_word' id='word_1_19' title='bbox 2115 718 2427 811; x_wconf 80' lang='lat' dir='ltr'><strong>quaedam</strong></span> <span class='ocrx_word' id='word_1_20' title='bbox 2493 713 2750 781; x_wconf 90' lang='lat' dir='ltr'><strong>habent</strong></span> 
     </span>
     <span class='ocr_line' id='line_1_4' title="bbox 1191 826 2751 924; baseline -0.01 -25"><span class='ocrx_word' id='word_1_21' title='bbox 1191 832 1493 924; x_wconf 49' lang='lat' dir='ltr'><strong>plumas</strong></span> <span class='ocrx_word' id='word_1_22' title='bbox 1520 830 1696 897; x_wconf 88' lang='lat' dir='ltr'><strong>sicut</strong></span> <span class='ocrx_word' id='word_1_23' title='bbox 1726 828 1953 921; x_wconf 88' lang='lat' dir='ltr'><strong>aquila</strong></span> <span class='ocrx_word' id='word_1_24' title='bbox 1985 836 2053 895; x_wconf 91' lang='lat' dir='ltr'><strong>et</strong></span> <span class='ocrx_word' id='word_1_25' title='bbox 2081 826 2402 915; x_wconf 90' lang='lat' dir='ltr'><strong>accipiter</strong></span> <span class='ocrx_word' id='word_1_26' title='bbox 2433 844 2447 887; x_wconf 75' lang='grc' dir='ltr'>ε</span> <span class='ocrx_word' id='word_1_27' title='bbox 2475 827 2541 888; x_wconf 88' lang='lat' dir='ltr'><strong>et</strong></span> <span class='ocrx_word' id='word_1_28' title='bbox 2570 840 2751 908; x_wconf 80' lang='lat' dir='ltr'><strong>quae-</strong></span> 
     </span>
     <span class='ocr_line' id='line_1_5' title="bbox 1190 924 2744 1027; baseline -0.01 -22"><span class='ocrx_word' id='word_1_29' title='bbox 1190 939 1349 1006; x_wconf 88' lang='lat' dir='ltr'><strong>dam</strong></span> <span class='ocrx_word' id='word_1_30' title='bbox 1386 936 1696 1004; x_wconf 90' lang='lat' dir='ltr'><strong>volatilia</strong></span> <span class='ocrx_word' id='word_1_31' title='bbox 1737 959 1890 1027; x_wconf 84' lang='lat' dir='ltr'><strong>quae</strong></span> <span class='ocrx_word' id='word_1_32' title='bbox 1927 940 2088 1002; x_wconf 90' lang='lat' dir='ltr'><strong>sunt</strong></span> <span class='ocrx_word' id='word_1_33' title='bbox 2126 930 2357 1020; x_wconf 83' lang='lat' dir='ltr'>rugosi</span> <span class='ocrx_word' id='word_1_34' title='bbox 2413 924 2744 1015; x_wconf 78' lang='lat' dir='ltr'><strong>corporiS,</strong></span> 
     </span>
     <span class='ocr_line' id='line_1_6' title="bbox 1188 1032 2749 1135; baseline -0.01 -23"><span class='ocrx_word' id='word_1_35' title='bbox 1188 1044 1363 1112; x_wconf 88' lang='lat' dir='ltr'><strong>sicut</strong></span> <span class='ocrx_word' id='word_1_36' title='bbox 1391 1044 1565 1135; x_wconf 86' lang='lat' dir='ltr'><strong>apis,</strong></span> <span class='ocrx_word' id='word_1_37' title='bbox 1601 1051 1671 1113; x_wconf 91' lang='lat' dir='ltr'><strong>et</strong></span> <span class='ocrx_word' id='word_1_38' title='bbox 1699 1042 1832 1111; x_wconf 89' lang='lat' dir='ltr'><strong>sibi</strong></span> <span class='ocrx_word' id='word_1_39' title='bbox 1863 1039 2117 1108; x_wconf 79' lang='lat' dir='ltr'><strong>similia</strong></span> <span class='ocrx_word' id='word_1_40' title='bbox 2142 1034 2397 1103; x_wconf 86' lang='lat' dir='ltr'><strong>habent</strong></span> <span class='ocrx_word' id='word_1_41' title='bbox 2427 1032 2568 1101; x_wconf 87' lang='lat' dir='ltr'><strong>alas</strong></span> <span class='ocrx_word' id='word_1_42' title='bbox 2599 1053 2749 1122; x_wconf 84' lang='lat' dir='ltr'><strong>quoe</strong></span> 
     </span>
     <span class='ocr_line' id='line_1_7' title="bbox 1187 1140 2753 1219; baseline -0.01 0"><span class='ocrx_word' id='word_1_43' title='bbox 1187 1150 1510 1219; x_wconf 91' lang='lat' dir='ltr'><strong>videntur</strong></span> <span class='ocrx_word' id='word_1_44' title='bbox 1554 1171 1704 1219; x_wconf 92' lang='lat' dir='ltr'><strong>esse</strong></span> <span class='ocrx_word' id='word_1_45' title='bbox 1761 1147 1844 1215; x_wconf 89' lang='lat' dir='ltr'><strong>de</strong></span> <span class='ocrx_word' id='word_1_46' title='bbox 1892 1143 2275 1214; x_wconf 90' lang='lat' dir='ltr'><strong>substantia</strong></span> <span class='ocrx_word' id='word_1_47' title='bbox 2311 1140 2539 1209; x_wconf 91' lang='lat' dir='ltr'><strong>media</strong></span> <span class='ocrx_word' id='word_1_48' title='bbox 2576 1141 2753 1209; x_wconf 90' lang='lat' dir='ltr'><strong>inter</strong></span> 
     </span>
     <span class='ocr_line' id='line_1_8' title="bbox 1186 1253 2746 1350; baseline -0.006 -22"><span class='ocrx_word' id='word_1_49' title='bbox 1186 1268 1508 1329; x_wconf 87' lang='lat' dir='ltr'><strong>naturam</strong></span> <span class='ocrx_word' id='word_1_50' title='bbox 1543 1278 1790 1350; x_wconf 81' lang='lat' dir='ltr'><strong>pennae</strong></span> <span class='ocrx_word' id='word_1_51' title='bbox 1819 1263 1887 1323; x_wconf 91' lang='lat' dir='ltr'><strong>et</strong></span> <span class='ocrx_word' id='word_1_52' title='bbox 1915 1253 2330 1323; x_wconf 83' lang='lat' dir='ltr'><strong>membranae</strong></span> <span class='ocrx_word' id='word_1_53' title='bbox 2364 1274 2379 1318; x_wconf 91' lang='lat'>:</span> <span class='ocrx_word' id='word_1_54' title='bbox 2417 1253 2746 1344; x_wconf 90' lang='lat' dir='ltr'><strong>quoniam</strong></span> 
     </span>
     <span class='ocr_line' id='line_1_9' title="bbox 1188 1361 2746 1451; baseline -0.008 -13"><span class='ocrx_word' id='word_1_55' title='bbox 1188 1378 1351 1438; x_wconf 88' lang='lat' dir='ltr'><strong>sunt</strong></span> <span class='ocrx_word' id='word_1_56' title='bbox 1386 1368 1699 1437; x_wconf 89' lang='lat' dir='ltr'><strong>duriores</strong></span> <span class='ocrx_word' id='word_1_57' title='bbox 1737 1363 2182 1442; x_wconf 79' lang='lat' dir='ltr'><strong>membranis,</strong></span> <span class='ocrx_word' id='word_1_58' title='bbox 2212 1369 2292 1430; x_wconf 58' lang='lat' dir='ltr'><strong>‘et</strong></span> <span class='ocrx_word' id='word_1_59' title='bbox 2330 1369 2490 1428; x_wconf 90' lang='lat' dir='ltr'><strong>sunt</strong></span> <span class='ocrx_word' id='word_1_60' title='bbox 2525 1361 2746 1451; x_wconf 86' lang='lat' dir='ltr'><strong>magis</strong></span> 
     </span>
     <span class='ocr_line' id='line_1_10' title="bbox 1187 1467 2747 1564; baseline -0.008 -19"><span class='ocrx_word' id='word_1_61' title='bbox 1187 1476 1432 1545; x_wconf 84' lang='lat' dir='ltr'><strong>m&#39;olles</strong></span> <span class='ocrx_word' id='word_1_62' title='bbox 1498 1481 1569 1542; x_wconf 90' lang='lat' dir='ltr'><strong>et</strong></span> <span class='ocrx_word' id='word_1_63' title='bbox 1634 1474 1859 1564; x_wconf 88' lang='lat' dir='ltr'><strong>magis</strong></span> <span class='ocrx_word' id='word_1_64' title='bbox 1914 1481 2155 1541; x_wconf 89' lang='lat' dir='ltr'><strong>tenues</strong></span> <span class='ocrx_word' id='word_1_65' title='bbox 2228 1490 2436 1560; x_wconf 89' lang='lat' dir='ltr'><strong>quam</strong></span> <span class='ocrx_word' id='word_1_66' title='bbox 2493 1467 2747 1558; x_wconf 83' lang='lat' dir='ltr'><strong>plumae</strong></span> 
     </span>
     <span class='ocr_line' id='line_1_11' title="bbox 1189 1572 2748 1673; baseline -0.007 -22"><span class='ocrx_word' id='word_1_67' title='bbox 1189 1603 1343 1673; x_wconf 81' lang='lat' dir='ltr'><strong>quae</strong></span> <span class='ocrx_word' id='word_1_68' title='bbox 1390 1580 1743 1649; x_wconf 80' lang='lat' dir='ltr'><strong>adhaerent</strong></span> <span class='ocrx_word' id='word_1_69' title='bbox 1798 1577 2147 1669; x_wconf 89' lang='lat' dir='ltr'><strong>stipitibus</strong></span> <span class='ocrx_word' id='word_1_70' title='bbox 2195 1596 2601 1665; x_wconf 90' lang='lat' dir='ltr'><strong>pennarum.</strong></span> <span class='ocrx_word' id='word_1_71' title='bbox 2643 1572 2748 1640; x_wconf 83' lang='lat' dir='ltr'><strong>Ex</strong></span> 
     </span>
    </p>
   </div>
   <div class='ocr_carea' id='block_1_3' title="bbox 1029 1677 2750 1773">
    <p class='ocr_par' dir='ltr' id='par_1_3' title="bbox 1029 1677 2750 1773">
     <span class='ocr_line' id='line_1_12' title="bbox 1029 1677 2750 1773; baseline -0.006 -16"><span class='ocrx_word' id='word_1_72' title='bbox 1029 1688 1033 1693; x_wconf 74' lang='grc'>’</span> <span class='ocrx_word' id='word_1_73' title='bbox 1154 1685 1582 1756; x_wconf 76' lang='lat' dir='ltr'><strong>&#39;volatilibus</strong></span> <span class='ocrx_word' id='word_1_74' title='bbox 1612 1678 1823 1755; x_wconf 89' lang='lat' dir='ltr'><strong>etiam</strong></span> <span class='ocrx_word' id='word_1_75' title='bbox 1854 1691 1957 1752; x_wconf 90' lang='lat' dir='ltr'><strong>est</strong></span> <span class='ocrx_word' id='word_1_76' title='bbox 1993 1679 2179 1773; x_wconf 85' lang='lat' dir='ltr'><strong>quod</strong></span> <span class='ocrx_word' id='word_1_77' title='bbox 2201 1678 2410 1757; x_wconf 84' lang='lat' dir='ltr'><strong>volat,</strong></span> <span class='ocrx_word' id='word_1_78' title='bbox 2447 1688 2516 1747; x_wconf 90' lang='lat' dir='ltr'><strong>et</strong></span> <span class='ocrx_word' id='word_1_79' title='bbox 2542 1677 2750 1747; x_wconf 84' lang='lat' dir='ltr'><strong>habet</strong></span> 
     </span>
    </p>
   </div>
   <div class='ocr_carea' id='block_1_4' title="bbox 1144 1788 2748 4129">
    <p class='ocr_par' dir='ltr' id='par_1_4' title="bbox 1148 1788 2748 2425">
     <span class='ocr_line' id='line_1_13' title="bbox 1186 1788 2748 1881; baseline -0.008 -15"><span class='ocrx_word' id='word_1_80' title='bbox 1186 1798 1330 1866; x_wconf 88' lang='lat' dir='ltr'><strong>alas</strong></span> <span class='ocrx_word' id='word_1_81' title='bbox 1378 1794 1909 1873; x_wconf 87' lang='lat' dir='ltr'><strong>membranales,</strong></span> <span class='ocrx_word' id='word_1_82' title='bbox 1966 1793 2143 1860; x_wconf 89' lang='lat' dir='ltr'><strong>sicut</strong></span> <span class='ocrx_word' id='word_1_83' title='bbox 2184 1788 2575 1881; x_wconf 82' lang='lat' dir='ltr'><strong>vespertilio</strong></span> <span class='ocrx_word' id='word_1_84' title='bbox 2633 1810 2748 1856; x_wconf 90' lang='lat' dir='ltr'><strong>se-</strong></span> 
     </span>
     <span class='ocr_line' id='line_1_14' title="bbox 1152 1894 2744 1991; baseline -0.007 -18"><span class='ocrx_word' id='word_1_85' title='bbox 1152 1903 1490 1973; x_wconf 92' lang='lat' dir='ltr'><strong>·cundum</strong></span> <span class='ocrx_word' id='word_1_86' title='bbox 1521 1924 1729 1972; x_wconf 90' lang='lat' dir='ltr'><strong>omne</strong></span> <span class='ocrx_word' id='word_1_87' title='bbox 1759 1922 1977 1991; x_wconf 88' lang='lat' dir='ltr'><strong>genus</strong></span> <span class='ocrx_word' id='word_1_88' title='bbox 2005 1920 2234 1967; x_wconf 88' lang='lat' dir='ltr'><strong>suum.</strong></span> <span class='ocrx_word' id='word_1_89' title='bbox 2269 1894 2488 1965; x_wconf 89' lang='lat' dir='ltr'><strong>Omne</strong></span> <span class='ocrx_word' id='word_1_90' title='bbox 2516 1902 2744 1964; x_wconf 85' lang='lat' dir='ltr'><strong>autem</strong></span> 
     </span>
     <span class='ocr_line' id='line_1_15' title="bbox 1184 2008 2747 2099; baseline -0.006 -21"><span class='ocrx_word' id='word_1_91' title='bbox 1184 2010 1468 2081; x_wconf 90' lang='lat' dir='ltr'><strong>volatile</strong></span> <span class='ocrx_word' id='word_1_92' title='bbox 1524 2009 1720 2099; x_wconf 86' lang='lat' dir='ltr'><strong>cujus</strong></span> <span class='ocrx_word' id='word_1_93' title='bbox 1778 2008 1886 2076; x_wconf 88' lang='lat' dir='ltr'><strong>ala</strong></span> <span class='ocrx_word' id='word_1_94' title='bbox 1942 2013 2063 2074; x_wconf 90' lang='lat' dir='ltr'><strong>aut</strong></span> <span class='ocrx_word' id='word_1_95' title='bbox 2126 2025 2431 2095; x_wconf 88' lang='lat' dir='ltr'><strong>pennosa</strong></span> <span class='ocrx_word' id='word_1_96' title='bbox 2487 2010 2588 2070; x_wconf 90' lang='lat' dir='ltr'><strong>est</strong></span> <span class='ocrx_word' id='word_1_97' title='bbox 2627 2009 2747 2070; x_wconf 91' lang='lat' dir='ltr'><strong>aut</strong></span> 
     </span>
     <span class='ocr_line' id='line_1_16' title="bbox 1183 2107 2743 2204; baseline -0.006 -18"><span class='ocrx_word' id='word_1_98' title='bbox 1183 2110 1485 2195; x_wconf 77' lang='lat' dir='ltr'><strong>cotialis,</strong></span> <span class='ocrx_word' id='word_1_99' title='bbox 1544 2115 1756 2184; x_wconf 90' lang='lat' dir='ltr'><strong>habet</strong></span> <span class='ocrx_word' id='word_1_100' title='bbox 1802 2114 2235 2204; x_wconf 88' lang='lat' dir='ltr'><strong>sanguinem.</strong></span> <span class='ocrx_word' id='word_1_101' title='bbox 2278 2107 2743 2199; x_wconf 84' lang='lat' dir='ltr'><strong>Quaecumque</strong></span> 
     </span>
     <span class='ocr_line' id='line_1_17' title="bbox 1158 2215 2737 2309; baseline -0.006 -17"><span class='ocrx_word' id='word_1_102' title='bbox 1158 2232 1435 2294; x_wconf 74' lang='lat' dir='ltr'><strong>-autem‘</strong></span> <span class='ocrx_word' id='word_1_103' title='bbox 1457 2218 1852 2293; x_wconf 80' lang='lat' dir='ltr'><strong>volatilium</strong></span> <span class='ocrx_word' id='word_1_104' title='bbox 1905 2225 2069 2289; x_wconf 88' lang='lat' dir='ltr'><strong>sunt</strong></span> <span class='ocrx_word' id='word_1_105' title='bbox 2120 2217 2353 2309; x_wconf 84' lang='lat' dir='ltr'><strong>rugosi</strong></span> <span class='ocrx_word' id='word_1_106' title='bbox 2408 2215 2737 2307; x_wconf 89' lang='lat' dir='ltr'><strong>corporis,</strong></span> 
     </span>
     <span class='ocr_line' id='line_1_18' title="bbox 1148 2320 2578 2425; baseline -0.006 -23"><span class='ocrx_word' id='word_1_107' title='bbox 1148 2320 1615 2404; x_wconf 79' lang='lat' dir='ltr'><strong>nonhabent</strong></span> <span class='ocrx_word' id='word_1_108' title='bbox 1642 2322 2056 2425; x_wconf 85' lang='lat' dir='ltr'><strong>sanguinem</strong></span> <span class='ocrx_word' id='word_1_109' title='bbox 2087 2329 2397 2397; x_wconf 89' lang='lat' dir='ltr'><strong>omnino.</strong></span> <span class='ocrx_word' id='word_1_110' title='bbox 2442 2354 2448 2365; x_wconf 89' lang='lat'><strong>·</strong></span> <span class='ocrx_word' id='word_1_111' title='bbox 2543 2362 2578 2383; x_wconf 66' lang='lat' dir='ltr'><strong>-s</strong></span> 
     </span>
    </p>

    <p class='ocr_par' dir='ltr' id='par_1_5' title="bbox 1144 2428 2745 4129">
     <span class='ocr_line' id='line_1_19' title="bbox 1154 2428 2743 2525; baseline -0.006 -14"><span class='ocrx_word' id='word_1_112' title='bbox 1154 2448 1157 2449; x_wconf 36' lang='lat'><em>*</em></span> <span class='ocrx_word' id='word_1_113' title='bbox 1250 2440 1522 2511; x_wconf 62' lang='lat' dir='ltr'><strong>‘Adhuc</strong></span> <span class='ocrx_word' id='word_1_114' title='bbox 1564 2428 1801 2509; x_wconf 74' lang='lat' dir='ltr'><strong>‘autem</strong></span> <span class='ocrx_word' id='word_1_115' title='bbox 1836 2437 2224 2507; x_wconf 79' lang='lat' dir='ltr'><strong>volatilium</strong></span> <span class='ocrx_word' id='word_1_116' title='bbox 2263 2436 2372 2505; x_wconf 90' lang='lat' dir='ltr'><strong>ala</strong></span> <span class='ocrx_word' id='word_1_117' title='bbox 2424 2434 2743 2525; x_wconf 88' lang='lat' dir='ltr'><strong>plumosa</strong></span> 
     </span>
     <span class='ocr_line' id='line_1_20' title="bbox 1182 2541 2743 2639; baseline -0.004 -23"><span class='ocrx_word' id='word_1_118' title='bbox 1182 2546 1291 2616; x_wconf 90' lang='lat' dir='ltr'><strong>vel</strong></span> <span class='ocrx_word' id='word_1_119' title='bbox 1311 2546 1576 2628; x_wconf 85' lang='lat' dir='ltr'><strong>coriali,</strong></span> <span class='ocrx_word' id='word_1_120' title='bbox 1600 2545 1917 2639; x_wconf 76' lang='lat' dir='ltr'><strong>‘quadam</strong></span> <span class='ocrx_word' id='word_1_121' title='bbox 1935 2543 2194 2614; x_wconf 87' lang='lat' dir='ltr'><strong>habent</strong></span> <span class='ocrx_word' id='word_1_122' title='bbox 2219 2541 2392 2610; x_wconf 87' lang='lat' dir='ltr'><strong>duos</strong></span> <span class='ocrx_word' id='word_1_123' title='bbox 2418 2541 2650 2632; x_wconf 89' lang='lat' dir='ltr'><strong>pedes,</strong></span> <span class='ocrx_word' id='word_1_124' title='bbox 2674 2548 2743 2609; x_wconf 91' lang='lat' dir='ltr'><strong>et</strong></span> 
     </span>
     <span class='ocr_line' id='line_1_21' title="bbox 1144 2648 2744 2745; baseline -0.004 -22"><span class='ocrx_word' id='word_1_125' title='bbox 1144 2653 1495 2745; x_wconf 72' lang='lat' dir='ltr'><strong>&#39;quaedam</strong></span> <span class='ocrx_word' id='word_1_126' title='bbox 1523 2674 1688 2721; x_wconf 89' lang='lat' dir='ltr'><strong>non.</strong></span> <span class='ocrx_word' id='word_1_127' title='bbox 1722 2651 2064 2720; x_wconf 78' lang='lat' dir='ltr'><strong>Dicuntur</strong></span> <span class='ocrx_word' id='word_1_128' title='bbox 2086 2649 2272 2718; x_wconf 88' lang='lat' dir='ltr'><strong>enim</strong></span> <span class='ocrx_word' id='word_1_129' title='bbox 2297 2648 2576 2739; x_wconf 90' lang='lat' dir='ltr'><strong>quidam</strong></span> <span class='ocrx_word' id='word_1_130' title='bbox 2606 2670 2744 2717; x_wconf 88' lang='lat' dir='ltr'><strong>ser-</strong></span> 
     </span>
     <span class='ocr_line' id='line_1_22' title="bbox 1177 2755 2743 2852; baseline -0.006 -21"><span class='ocrx_word' id='word_1_131' title='bbox 1177 2768 1418 2852; x_wconf 84' lang='lat' dir='ltr'><strong>pentes</strong></span> <span class='ocrx_word' id='word_1_132' title='bbox 1437 2782 1587 2831; x_wconf 86' lang='lat' dir='ltr'><strong>esse</strong></span> <span class='ocrx_word' id='word_1_133' title='bbox 1605 2761 1679 2829; x_wconf 90' lang='lat' dir='ltr'><strong>in</strong></span> <span class='ocrx_word' id='word_1_134' title='bbox 1695 2758 2076 2850; x_wconf 85' lang='lat' dir='ltr'><strong>AEthiopia,</strong></span> <span class='ocrx_word' id='word_1_135' title='bbox 2109 2779 2283 2849; x_wconf 86' lang='lat' dir='ltr'><strong>quos</strong></span> <span class='ocrx_word' id='word_1_136' title='bbox 2312 2755 2593 2825; x_wconf 90' lang='lat' dir='ltr'><strong>Solinus</strong></span> <span class='ocrx_word' id='word_1_137' title='bbox 2618 2757 2743 2846; x_wconf 73' lang='lat' dir='ltr'><strong>hy-</strong></span> 
     </span>
     <span class='ocr_line' id='line_1_23' title="bbox 1185 2862 2741 2955; baseline -0.005 -19"><span class='ocrx_word' id='word_1_138' title='bbox 1185 2866 1295 2935; x_wconf 80' lang='lat' dir='ltr'><strong>bes</strong></span> <span class='ocrx_word' id='word_1_139' title='bbox 1321 2874 1528 2936; x_wconf 90' lang='lat' dir='ltr'><strong>vocat</strong></span> <span class='ocrx_word' id='word_1_140' title='bbox 1562 2889 1579 2936; x_wconf 72' lang='grc' dir='ltr'><strong><em>ε</em></strong></span> <span class='ocrx_word' id='word_1_141' title='bbox 1613 2873 1683 2935; x_wconf 89' lang='lat' dir='ltr'><strong>et</strong></span> <span class='ocrx_word' id='word_1_142' title='bbox 1709 2872 1872 2935; x_wconf 87' lang='lat' dir='ltr'><strong>sunt</strong></span> <span class='ocrx_word' id='word_1_143' title='bbox 1894 2863 2053 2934; x_wconf 89' lang='lat' dir='ltr'><strong>alati</strong></span> <span class='ocrx_word' id='word_1_144' title='bbox 2070 2862 2453 2955; x_wconf 80' lang='lat' dir='ltr'><strong>pugnantes</strong></span> <span class='ocrx_word' id='word_1_145' title='bbox 2481 2862 2553 2929; x_wconf 91' lang='lat' dir='ltr'><strong>in</strong></span> <span class='ocrx_word' id='word_1_146' title='bbox 2584 2883 2741 2929; x_wconf 88' lang='lat' dir='ltr'><strong>aere</strong></span> 
     </span>
     <span class='ocr_line' id='line_1_24' title="bbox 1160 2967 2740 3062; baseline -0.005 -16"><span class='ocrx_word' id='word_1_147' title='bbox 1160 2996 1344 3045; x_wconf 62' lang='lat' dir='ltr'><strong>‘cum</strong></span> <span class='ocrx_word' id='word_1_148' title='bbox 1390 2976 1701 3057; x_wconf 87' lang='lat' dir='ltr'><strong>ciconiis,</strong></span> <span class='ocrx_word' id='word_1_149' title='bbox 1752 2983 1820 3044; x_wconf 89' lang='lat' dir='ltr'><strong>et</strong></span> <span class='ocrx_word' id='word_1_150' title='bbox 1854 2972 1952 3041; x_wconf 91' lang='lat' dir='ltr'><strong>illi</strong></span> <span class='ocrx_word' id='word_1_151' title='bbox 2000 2971 2254 3041; x_wconf 89' lang='lat' dir='ltr'><strong>habent</strong></span> <span class='ocrx_word' id='word_1_152' title='bbox 2289 2970 2518 3062; x_wconf 86' lang='lat' dir='ltr'><strong>pedes.</strong></span> <span class='ocrx_word' id='word_1_153' title='bbox 2563 2967 2740 3039; x_wconf 92' lang='lat' dir='ltr'><strong>Om-</strong></span> 
     </span>
     <span class='ocr_line' id='line_1_25' title="bbox 1182 3066 2741 3170; baseline -0.003 -19"><span class='ocrx_word' id='word_1_154' title='bbox 1182 3084 1298 3153; x_wconf 90' lang='lat' dir='ltr'><strong>nia</strong></span> <span class='ocrx_word' id='word_1_155' title='bbox 1325 3066 1563 3153; x_wconf 85' lang='lat' dir='ltr'><strong>autem</strong></span> <span class='ocrx_word' id='word_1_156' title='bbox 1597 3082 1741 3152; x_wconf 86' lang='lat' dir='ltr'><strong>alas</strong></span> <span class='ocrx_word' id='word_1_157' title='bbox 1767 3080 2091 3151; x_wconf 83' lang='lat' dir='ltr'><strong>habentia</strong></span> <span class='ocrx_word' id='word_1_158' title='bbox 2118 3077 2582 3148; x_wconf 87' lang='lat' dir='ltr'><strong>attribuuntur</strong></span> <span class='ocrx_word' id='word_1_159' title='bbox 2614 3101 2741 3170; x_wconf 89' lang='lat' dir='ltr'><strong>ge-</strong></span> 
     </span>
     <span class='ocr_line' id='line_1_26' title="bbox 1183 3183 2741 3278; baseline -0.003 -20"><span class='ocrx_word' id='word_1_160' title='bbox 1183 3190 1330 3260; x_wconf 87' lang='lat' dir='ltr'><strong>neri</strong></span> <span class='ocrx_word' id='word_1_161' title='bbox 1360 3188 1777 3259; x_wconf 83' lang='lat' dir='ltr'><strong>volatilium.</strong></span> <span class='ocrx_word' id='word_1_162' title='bbox 1809 3187 1960 3256; x_wconf 81' lang='lat' dir='ltr'><strong>Alae</strong></span> <span class='ocrx_word' id='word_1_163' title='bbox 1987 3208 2152 3278; x_wconf 88' lang='lat' dir='ltr'><strong>ergo</strong></span> <span class='ocrx_word' id='word_1_164' title='bbox 2179 3183 2478 3255; x_wconf 87' lang='lat' dir='ltr'><strong>volatilis</strong></span> <span class='ocrx_word' id='word_1_165' title='bbox 2504 3185 2741 3275; x_wconf 85' lang='lat' dir='ltr'><strong>cujus-</strong></span> 
     </span>
     <span class='ocr_line' id='line_1_27' title="bbox 1181 3291 2740 3388; baseline -0.003 -23"><span class='ocrx_word' id='word_1_166' title='bbox 1181 3295 1340 3365; x_wconf 88' lang='lat' dir='ltr'><strong>dam</strong></span> <span class='ocrx_word' id='word_1_167' title='bbox 1370 3296 1781 3388; x_wconf 86' lang='lat' dir='ltr'><strong>sanguinem</strong></span> <span class='ocrx_word' id='word_1_168' title='bbox 1800 3315 1945 3363; x_wconf 86' lang='lat' dir='ltr'><strong>non</strong></span> <span class='ocrx_word' id='word_1_169' title='bbox 1969 3291 2306 3373; x_wconf 88' lang='lat' dir='ltr'><strong>habentis,</strong></span> <span class='ocrx_word' id='word_1_170' title='bbox 2337 3300 2498 3361; x_wconf 87' lang='lat' dir='ltr'><strong>sunt</strong></span> <span class='ocrx_word' id='word_1_171' title='bbox 2525 3314 2740 3361; x_wconf 90' lang='lat' dir='ltr'><strong>mem·</strong></span> 
     </span>
     <span class='ocr_line' id='line_1_28' title="bbox 1148 3400 2731 3488; baseline -0.004 -14"><span class='ocrx_word' id='word_1_172' title='bbox 1148 3403 1532 3488; x_wconf 81' lang='lat' dir='ltr'><strong>branales,</strong></span> <span class='ocrx_word' id='word_1_173' title='bbox 1570 3403 1693 3474; x_wconf 84' lang='lat' dir='ltr'><strong>sed</strong></span> <span class='ocrx_word' id='word_1_174' title='bbox 1745 3424 1890 3472; x_wconf 87' lang='lat' dir='ltr'><strong>non</strong></span> <span class='ocrx_word' id='word_1_175' title='bbox 1934 3400 2243 3471; x_wconf 86' lang='lat' dir='ltr'><strong>absolute</strong></span> <span class='ocrx_word' id='word_1_176' title='bbox 2289 3400 2731 3478; x_wconf 81' lang='lat' dir='ltr'><strong>membranae,</strong></span> 
     </span>
     <span class='ocr_line' id='line_1_29' title="bbox 1177 3508 2740 3606; baseline -0.004 -25"><span class='ocrx_word' id='word_1_177' title='bbox 1177 3520 1259 3581; x_wconf 89' lang='lat' dir='ltr'><strong>nt</strong></span> <span class='ocrx_word' id='word_1_178' title='bbox 1290 3510 1663 3606; x_wconf 76' lang='lat' dir='ltr'><strong>diximus:</strong></span> <span class='ocrx_word' id='word_1_179' title='bbox 1691 3508 1817 3580; x_wconf 86' lang='lat' dir='ltr'><strong>sed</strong></span> <span class='ocrx_word' id='word_1_180' title='bbox 1851 3508 1979 3578; x_wconf 76' lang='lat' dir='ltr'><strong>alae</strong></span> <span class='ocrx_word' id='word_1_181' title='bbox 2005 3510 2154 3600; x_wconf 86' lang='lat' dir='ltr'><strong>ejus</strong></span> <span class='ocrx_word' id='word_1_182' title='bbox 2200 3514 2360 3577; x_wconf 84' lang='lat' dir='ltr'><strong>sunt</strong></span> <span class='ocrx_word' id='word_1_183' title='bbox 2403 3508 2530 3577; x_wconf 85' lang='lat' dir='ltr'><strong>sub</strong></span> <span class='ocrx_word' id='word_1_184' title='bbox 2569 3528 2740 3577; x_wconf 89' lang='lat' dir='ltr'><strong>coo-</strong></span> 
     </span>
     <span class='ocr_line' id='line_1_30' title="bbox 1152 3613 2738 3712; baseline -0.004 -24"><span class='ocrx_word' id='word_1_185' title='bbox 1152 3619 1485 3712; x_wconf 61' lang='lat' dir='ltr'><strong>&#39;pertorio</strong></span> <span class='ocrx_word' id='word_1_186' title='bbox 1533 3617 1710 3687; x_wconf 92' lang='lat' dir='ltr'><strong>duro</strong></span> <span class='ocrx_word' id='word_1_187' title='bbox 1748 3624 1996 3696; x_wconf 85' lang='lat' dir='ltr'><strong>testeo,</strong></span> <span class='ocrx_word' id='word_1_188' title='bbox 2048 3617 2224 3685; x_wconf 85' lang='lat' dir='ltr'><strong>sicut</strong></span> <span class='ocrx_word' id='word_1_189' title='bbox 2261 3622 2362 3683; x_wconf 89' lang='lat' dir='ltr'><strong>est</strong></span> <span class='ocrx_word' id='word_1_190' title='bbox 2397 3613 2632 3684; x_wconf 90' lang='lat' dir='ltr'><strong>videre</strong></span> <span class='ocrx_word' id='word_1_191' title='bbox 2665 3614 2738 3682; x_wconf 88' lang='lat' dir='ltr'><strong>in</strong></span> 
     </span>
     <span class='ocr_line' id='line_1_31' title="bbox 1184 3721 2738 3813; baseline -0.004 -18"><span class='ocrx_word' id='word_1_192' title='bbox 1184 3723 1538 3795; x_wconf 80' lang='lat' dir='ltr'><strong>scarabeo.</strong></span> <span class='ocrx_word' id='word_1_193' title='bbox 1581 3721 1917 3804; x_wconf 73' lang='lat' dir='ltr'><strong>Quaedam</strong></span> <span class='ocrx_word' id='word_1_194' title='bbox 1964 3730 2195 3792; x_wconf 90' lang='lat' dir='ltr'><strong>autem</strong></span> <span class='ocrx_word' id='word_1_195' title='bbox 2232 3722 2738 3813; x_wconf 74' lang='lat' dir='ltr'><strong>coopertorium</strong></span> 
     </span>
     <span class='ocr_line' id='line_1_32' title="bbox 1183 3829 2738 3930; baseline -0.003 -27"><span class='ocrx_word' id='word_1_196' title='bbox 1183 3831 1320 3903; x_wconf 90' lang='lat' dir='ltr'><strong>hoc</strong></span> <span class='ocrx_word' id='word_1_197' title='bbox 1356 3852 1508 3930; x_wconf 33' lang='lat' dir='ltr'><strong>‚non</strong></span> <span class='ocrx_word' id='word_1_198' title='bbox 1563 3829 1827 3902; x_wconf 83' lang='lat' dir='ltr'><strong>habent</strong></span> <span class='ocrx_word' id='word_1_199' title='bbox 1860 3831 2138 3910; x_wconf 90' lang='lat' dir='ltr'><strong>durum,</strong></span> <span class='ocrx_word' id='word_1_200' title='bbox 2177 3831 2356 3899; x_wconf 85' lang='lat' dir='ltr'><strong>sicut</strong></span> <span class='ocrx_word' id='word_1_201' title='bbox 2390 3829 2738 3922; x_wconf 88' lang='lat' dir='ltr'><strong>quoddam</strong></span> 
     </span>
     <span class='ocr_line' id='line_1_33' title="bbox 1150 3940 2745 4036; baseline -0.005 -22"><span class='ocrx_word' id='word_1_202' title='bbox 1150 3957 1407 4036; x_wconf 82' lang='lat' dir='ltr'><strong>&#39;genus</strong></span> <span class='ocrx_word' id='word_1_203' title='bbox 1429 3963 1692 4035; x_wconf 66' lang='lat' dir='ltr'><strong>vespe.</strong></span> <span class='ocrx_word' id='word_1_204' title='bbox 1725 3940 1994 4010; x_wconf 85' lang='lat' dir='ltr'><strong>Horum</strong></span> <span class='ocrx_word' id='word_1_205' title='bbox 2020 3946 2252 4009; x_wconf 84' lang='lat' dir='ltr'><strong>antem</strong></span> <span class='ocrx_word' id='word_1_206' title='bbox 2289 3960 2526 4008; x_wconf 83' lang='lat' dir='ltr'><strong>rursus</strong></span> <span class='ocrx_word' id='word_1_207' title='bbox 2559 3959 2745 4030; x_wconf 67' lang='lat' dir='ltr'><strong>quae·</strong></span> 
     </span>
     <span class='ocr_line' id='line_1_34' title="bbox 1186 4046 2744 4129; baseline -0.003 -10"><span class='ocrx_word' id='word_1_208' title='bbox 1186 4049 1346 4120; x_wconf 85' lang='lat' dir='ltr'><strong>dam</strong></span> <span class='ocrx_word' id='word_1_209' title='bbox 1408 4048 1668 4120; x_wconf 86' lang='lat' dir='ltr'><strong>habent</strong></span> <span class='ocrx_word' id='word_1_210' title='bbox 1698 4063 1701 4068; x_wconf 83' lang='lat'>&#39;</span> <span class='ocrx_word' id='word_1_211' title='bbox 1740 4047 1911 4117; x_wconf 86' lang='lat' dir='ltr'><strong>duas</strong></span> <span class='ocrx_word' id='word_1_212' title='bbox 1991 4046 2137 4116; x_wconf 87' lang='lat' dir='ltr'><strong>alas</strong></span> <span class='ocrx_word' id='word_1_213' title='bbox 2197 4054 2491 4129; x_wconf 87' lang='lat' dir='ltr'><strong>tantum,</strong></span> <span class='ocrx_word' id='word_1_214' title='bbox 2566 4046 2744 4115; x_wconf 89' lang='lat' dir='ltr'><strong>sicut</strong></span> 
     </span>
    </p>
   </div>
   <div class='ocr_carea' id='block_1_5' title="bbox 1180 4150 2789 4248">
    <p class='ocr_par' dir='ltr' id='par_1_6' title="bbox 1180 4150 2789 4248">
     <span class='ocr_line' id='line_1_35' title="bbox 1180 4150 2789 4248; baseline -0.002 -22"><span class='ocrx_word' id='word_1_215' title='bbox 1180 4178 1463 4227; x_wconf 50' lang='lat' dir='ltr'><strong>musca:</strong></span> <span class='ocrx_word' id='word_1_216' title='bbox 1495 4156 1585 4226; x_wconf 83' lang='lat' dir='ltr'><strong>Et</strong></span> <span class='ocrx_word' id='word_1_217' title='bbox 1637 4154 1826 4225; x_wconf 85' lang='lat' dir='ltr'><strong>aliud</strong></span> <span class='ocrx_word' id='word_1_218' title='bbox 1872 4162 1975 4225; x_wconf 85' lang='lat' dir='ltr'><strong>est</strong></span> <span class='ocrx_word' id='word_1_219' title='bbox 2027 4176 2249 4248; x_wconf 87' lang='lat' dir='ltr'><strong>genus</strong></span> <span class='ocrx_word' id='word_1_220' title='bbox 2285 4154 2476 4245; x_wconf 88' lang='lat' dir='ltr'><strong>quod</strong></span> <span class='ocrx_word' id='word_1_221' title='bbox 2533 4150 2743 4224; x_wconf 85' lang='lat' dir='ltr'><strong>habet</strong></span> <span class='ocrx_word' id='word_1_222' title='bbox 2781 4162 2789 4172; x_wconf 86' lang='grc'>’</span> 
     </span>
    </p>
   </div>
   <div class='ocr_carea' id='block_1_6' title="bbox 1138 4261 2741 5864">
    <p class='ocr_par' dir='ltr' id='par_1_7' title="bbox 1138 4261 2741 5864">
     <span class='ocr_line' id='line_1_36' title="bbox 1180 4261 2739 4356; baseline -0.003 -23"><span class='ocrx_word' id='word_1_223' title='bbox 1180 4273 1504 4356; x_wconf 81' lang='lat' dir='ltr'><strong>quatuor,</strong></span> <span class='ocrx_word' id='word_1_224' title='bbox 1551 4265 1733 4334; x_wconf 84' lang='lat' dir='ltr'><strong>sicut</strong></span> <span class='ocrx_word' id='word_1_225' title='bbox 1767 4264 1919 4356; x_wconf 84' lang='lat' dir='ltr'><strong>apis</strong></span> <span class='ocrx_word' id='word_1_226' title='bbox 1958 4284 2212 4355; x_wconf 87' lang='lat' dir='ltr'><strong>magna</strong></span> <span class='ocrx_word' id='word_1_227' title='bbox 2246 4263 2439 4331; x_wconf 88' lang='lat' dir='ltr'><strong>varia</strong></span> <span class='ocrx_word' id='word_1_228' title='bbox 2476 4282 2630 4354; x_wconf 71' lang='lat' dir='ltr'><strong>quo</strong></span> <span class='ocrx_word' id='word_1_229' title='bbox 2665 4261 2739 4329; x_wconf 90' lang='lat' dir='ltr'><strong>in</strong></span> 
     </span>
     <span class='ocr_line' id='line_1_37' title="bbox 1180 4365 2739 4467; baseline -0.003 -27"><span class='ocrx_word' id='word_1_230' title='bbox 1180 4370 1569 4460; x_wconf 75' lang='lat' dir='ltr'><strong>alvearibus</strong></span> <span class='ocrx_word' id='word_1_231' title='bbox 1598 4393 1741 4441; x_wconf 87' lang='lat' dir='ltr'><strong>non</strong></span> <span class='ocrx_word' id='word_1_232' title='bbox 1765 4368 2069 4467; x_wconf 78' lang='lat' dir='ltr'><strong>habitat,</strong></span> <span class='ocrx_word' id='word_1_233' title='bbox 2096 4369 2223 4438; x_wconf 83' lang='lat' dir='ltr'><strong>sed</strong></span> <span class='ocrx_word' id='word_1_234' title='bbox 2252 4369 2494 4438; x_wconf 89' lang='lat' dir='ltr'><strong>nidum</strong></span> <span class='ocrx_word' id='word_1_235' title='bbox 2530 4365 2739 4438; x_wconf 88' lang='lat' dir='ltr'><strong>habet</strong></span> 
     </span>
     <span class='ocr_line' id='line_1_38' title="bbox 1179 4465 2741 4568; baseline -0.003 -20"><span class='ocrx_word' id='word_1_236' title='bbox 1179 4477 1252 4548; x_wconf 87' lang='lat' dir='ltr'><strong>in</strong></span> <span class='ocrx_word' id='word_1_237' title='bbox 1278 4486 1473 4550; x_wconf 65' lang='lat' dir='ltr'><strong>terra*</strong></span> <span class='ocrx_word' id='word_1_238' title='bbox 1485 4478 1600 4550; x_wconf 90' lang='lat' dir='ltr'><strong>vel</strong></span> <span class='ocrx_word' id='word_1_239' title='bbox 1627 4479 1704 4548; x_wconf 86' lang='lat' dir='ltr'><strong>in</strong></span> <span class='ocrx_word' id='word_1_240' title='bbox 1738 4465 2195 4549; x_wconf 78' lang='lat' dir='ltr'><strong>foraminibus</strong></span> <span class='ocrx_word' id='word_1_241' title='bbox 2221 4477 2563 4568; x_wconf 81' lang='lat' dir='ltr'><strong>parietum</strong></span> <span class='ocrx_word' id='word_1_242' title='bbox 2620 4482 2741 4546; x_wconf 85' lang='lat' dir='ltr'><strong>aut</strong></span> 
     </span>
     <span class='ocr_line' id='line_1_39' title="bbox 1148 4582 2740 4666; baseline -0.002 -12"><span class='ocrx_word' id='word_1_243' title='bbox 1148 4611 1155 4616; x_wconf 88' lang='lat'><strong>·</strong></span> <span class='ocrx_word' id='word_1_244' title='bbox 1181 4584 1536 4656; x_wconf 90' lang='lat' dir='ltr'><strong>arborum.</strong></span> <span class='ocrx_word' id='word_1_245' title='bbox 1569 4583 1902 4666; x_wconf 78' lang='lat' dir='ltr'><strong>Quaedam</strong></span> <span class='ocrx_word' id='word_1_246' title='bbox 1932 4591 2166 4654; x_wconf 85' lang='lat' dir='ltr'><strong>autem</strong></span> <span class='ocrx_word' id='word_1_247' title='bbox 2193 4582 2443 4654; x_wconf 88' lang='lat' dir='ltr'><strong>horum</strong></span> <span class='ocrx_word' id='word_1_248' title='bbox 2482 4582 2740 4653; x_wconf 88' lang='lat' dir='ltr'><strong>habent</strong></span> 
     </span>
     <span class='ocr_line' id='line_1_40' title="bbox 1183 4689 2740 4787; baseline -0.001 -26"><span class='ocrx_word' id='word_1_249' title='bbox 1183 4693 1256 4762; x_wconf 89' lang='lat' dir='ltr'><strong>in</strong></span> <span class='ocrx_word' id='word_1_250' title='bbox 1302 4692 1432 4764; x_wconf 86' lang='lat' dir='ltr'><strong>alis</strong></span> <span class='ocrx_word' id='word_1_251' title='bbox 1468 4693 1669 4787; x_wconf 84' lang='lat' dir='ltr'><strong>quasi</strong></span> <span class='ocrx_word' id='word_1_252' title='bbox 1716 4692 2034 4785; x_wconf 83' lang='lat' dir='ltr'><strong>quaedam</strong></span> <span class='ocrx_word' id='word_1_253' title='bbox 2082 4691 2513 4784; x_wconf 86' lang='lat' dir='ltr'><strong>coopertoria</strong></span> <span class='ocrx_word' id='word_1_254' title='bbox 2568 4689 2740 4760; x_wconf 90' lang='lat' dir='ltr'><strong>dura</strong></span> 
     </span>
     <span class='ocr_line' id='line_1_41' title="bbox 1140 4796 2740 4891; baseline -0.002 -21"><span class='ocrx_word' id='word_1_255' title='bbox 1140 4815 1147 4819; x_wconf 84' lang='grc'><em>·</em></span> <span class='ocrx_word' id='word_1_256' title='bbox 1182 4822 1384 4872; x_wconf 86' lang='lat' dir='ltr'><strong>ossea</strong></span> <span class='ocrx_word' id='word_1_257' title='bbox 1431 4799 1546 4871; x_wconf 88' lang='lat' dir='ltr'><strong>vel</strong></span> <span class='ocrx_word' id='word_1_258' title='bbox 1580 4807 1826 4882; x_wconf 85' lang='lat' dir='ltr'><strong>testea,</strong></span> <span class='ocrx_word' id='word_1_259' title='bbox 1876 4800 2055 4869; x_wconf 86' lang='lat' dir='ltr'><strong>sicut</strong></span> <span class='ocrx_word' id='word_1_260' title='bbox 2086 4796 2433 4891; x_wconf 81' lang='lat' dir='ltr'><strong>gurgulio,</strong></span> <span class='ocrx_word' id='word_1_261' title='bbox 2484 4807 2553 4869; x_wconf 88' lang='lat' dir='ltr'><strong>et</strong></span> <span class='ocrx_word' id='word_1_262' title='bbox 2595 4820 2740 4867; x_wconf 85' lang='lat' dir='ltr'><strong>sca-</strong></span> 
     </span>
     <span class='ocr_line' id='line_1_42' title="bbox 1181 4906 2738 4998; baseline 0.001 -22"><span class='ocrx_word' id='word_1_263' title='bbox 1181 4909 1453 4990; x_wconf 83' lang='lat' dir='ltr'><strong>rabeus,</strong></span> <span class='ocrx_word' id='word_1_264' title='bbox 1512 4916 1584 4979; x_wconf 88' lang='lat' dir='ltr'><strong>et</strong></span> <span class='ocrx_word' id='word_1_265' title='bbox 1654 4907 2067 4979; x_wconf 79' lang='lat' dir='ltr'><strong>scarabones</strong></span> <span class='ocrx_word' id='word_1_266' title='bbox 2119 4906 2379 4977; x_wconf 86' lang='lat' dir='ltr'><strong>habent</strong></span> <span class='ocrx_word' id='word_1_267' title='bbox 2440 4915 2738 4998; x_wconf 84' lang='lat' dir='ltr'><strong>quatuor</strong></span> 
     </span>
     <span class='ocr_line' id='line_1_43' title="bbox 1178 5001 2737 5105; baseline -0.002 -19"><span class='ocrx_word' id='word_1_268' title='bbox 1178 5016 1323 5086; x_wconf 86' lang='lat' dir='ltr'><strong>alas</strong></span> <span class='ocrx_word' id='word_1_269' title='bbox 1358 5014 1490 5086; x_wconf 85' lang='lat' dir='ltr'><strong>suh</strong></span> <span class='ocrx_word' id='word_1_270' title='bbox 1516 5015 1640 5085; x_wconf 86' lang='lat' dir='ltr'><strong>eis.</strong></span> <span class='ocrx_word' id='word_1_271' title='bbox 1676 5001 2013 5085; x_wconf 85' lang='lat' dir='ltr'><strong>Similiter</strong></span> <span class='ocrx_word' id='word_1_272' title='bbox 2049 5020 2277 5083; x_wconf 88' lang='lat' dir='ltr'><strong>autem</strong></span> <span class='ocrx_word' id='word_1_273' title='bbox 2314 5019 2383 5082; x_wconf 87' lang='lat' dir='ltr'><strong>et</strong></span> <span class='ocrx_word' id='word_1_274' title='bbox 2428 5013 2548 5082; x_wconf 88' lang='lat' dir='ltr'><strong>illa</strong></span> <span class='ocrx_word' id='word_1_275' title='bbox 2583 5036 2737 5105; x_wconf 77' lang='lat' dir='ltr'><strong>quae</strong></span> 
     </span>
     <span class='ocr_line' id='line_1_44' title="bbox 1178 5119 2736 5217; baseline -0.001 -24"><span class='ocrx_word' id='word_1_276' title='bbox 1178 5124 1252 5194; x_wconf 87' lang='lat' dir='ltr'><strong>iu</strong></span> <span class='ocrx_word' id='word_1_277' title='bbox 1291 5124 1663 5217; x_wconf 81' lang='lat' dir='ltr'><strong>posteriori</strong></span> <span class='ocrx_word' id='word_1_278' title='bbox 1695 5131 1889 5215; x_wconf 90' lang='lat' dir='ltr'><strong>parte</strong></span> <span class='ocrx_word' id='word_1_279' title='bbox 1933 5119 2192 5206; x_wconf 83' lang='lat' dir='ltr'><strong>habent</strong></span> <span class='ocrx_word' id='word_1_280' title='bbox 2237 5120 2552 5191; x_wconf 89' lang='lat' dir='ltr'><strong>aculeum</strong></span> <span class='ocrx_word' id='word_1_281' title='bbox 2576 5144 2736 5192; x_wconf 91' lang='lat' dir='ltr'><strong>cum</strong></span> 
     </span>
     <span class='ocr_line' id='line_1_45' title="bbox 1138 5229 2738 5326; baseline -0.001 -23"><span class='ocrx_word' id='word_1_282' title='bbox 1138 5237 1157 5248; x_wconf 67' lang='grc'><strong>“</strong></span> <span class='ocrx_word' id='word_1_283' title='bbox 1178 5231 1317 5326; x_wconf 73' lang='lat' dir='ltr'><strong>&#39;quo&#39;</strong></span> <span class='ocrx_word' id='word_1_284' title='bbox 1350 5239 1693 5325; x_wconf 87' lang='lat' dir='ltr'><strong>pungunt.</strong></span> <span class='ocrx_word' id='word_1_285' title='bbox 1726 5229 2198 5324; x_wconf 80' lang='lat' dir='ltr'><strong>Quaecumque</strong></span> <span class='ocrx_word' id='word_1_286' title='bbox 2235 5238 2463 5300; x_wconf 88' lang='lat' dir='ltr'><strong>autem</strong></span> <span class='ocrx_word' id='word_1_287' title='bbox 2504 5240 2738 5302; x_wconf 80' lang='lat' dir='ltr'><strong>carent</strong></span> 
     </span>
     <span class='ocr_line' id='line_1_46' title="bbox 1143 5327 2738 5432; baseline -0.001 -21"><span class='ocrx_word' id='word_1_288' title='bbox 1143 5336 1561 5411; x_wconf 75' lang='lat' dir='ltr'><strong>&#39;osseo‘sive</strong></span> <span class='ocrx_word' id='word_1_289' title='bbox 1597 5327 1815 5410; x_wconf 80' lang='lat' dir='ltr'><strong>testeo</strong></span> <span class='ocrx_word' id='word_1_290' title='bbox 1850 5340 2332 5432; x_wconf 54' lang='lat' dir='ltr'><strong>coopertorios</strong></span> <span class='ocrx_word' id='word_1_291' title='bbox 2376 5346 2447 5408; x_wconf 89' lang='lat' dir='ltr'><strong>et</strong></span> <span class='ocrx_word' id='word_1_292' title='bbox 2493 5341 2566 5408; x_wconf 88' lang='lat' dir='ltr'><strong>in</strong></span> <span class='ocrx_word' id='word_1_293' title='bbox 2604 5362 2738 5432; x_wconf 88' lang='lat' dir='ltr'><strong>po-</strong></span> 
     </span>
     <span class='ocr_line' id='line_1_47' title="bbox 1180 5445 2738 5528; baseline -0.003 -8"><span class='ocrx_word' id='word_1_294' title='bbox 1180 5448 1452 5520; x_wconf 85' lang='lat' dir='ltr'><strong>steriori</strong></span> <span class='ocrx_word' id='word_1_295' title='bbox 1497 5469 1625 5518; x_wconf 92' lang='lat' dir='ltr'><strong>suo</strong></span> <span class='ocrx_word' id='word_1_296' title='bbox 1673 5458 1910 5519; x_wconf 83' lang='lat' dir='ltr'><strong>carent</strong></span> <span class='ocrx_word' id='word_1_297' title='bbox 1962 5447 2228 5528; x_wconf 85' lang='lat' dir='ltr'><strong>aculeo,</strong></span> <span class='ocrx_word' id='word_1_298' title='bbox 2280 5447 2449 5516; x_wconf 85' lang='lat' dir='ltr'><strong>duas</strong></span> <span class='ocrx_word' id='word_1_299' title='bbox 2479 5445 2738 5517; x_wconf 86' lang='lat' dir='ltr'><strong>habent</strong></span> 
     </span>
     <span class='ocr_line' id='line_1_48' title="bbox 1177 5541 2738 5636; baseline -0.001 -11"><span class='ocrx_word' id='word_1_300' title='bbox 1177 5561 1450 5625; x_wconf 87' lang='lat' dir='ltr'><strong>tantum</strong></span> <span class='ocrx_word' id='word_1_301' title='bbox 1487 5541 1656 5636; x_wconf 81' lang='lat' dir='ltr'><strong>alas,</strong></span> <span class='ocrx_word' id='word_1_302' title='bbox 1697 5559 1768 5623; x_wconf 88' lang='lat' dir='ltr'><strong>et</strong></span> <span class='ocrx_word' id='word_1_303' title='bbox 1799 5551 2058 5622; x_wconf 86' lang='lat' dir='ltr'><strong>habent</strong></span> <span class='ocrx_word' id='word_1_304' title='bbox 2107 5551 2417 5622; x_wconf 87' lang='lat' dir='ltr'><strong>culceum</strong></span> <span class='ocrx_word' id='word_1_305' title='bbox 2444 5552 2591 5622; x_wconf 86' lang='lat' dir='ltr'><strong>sive</strong></span> <span class='ocrx_word' id='word_1_306' title='bbox 2628 5576 2738 5623; x_wconf 91' lang='lat' dir='ltr'><strong>ro·</strong></span> 
     </span>
     <span class='ocr_line' id='line_1_49' title="bbox 1184 5660 2738 5755; baseline 0 -20"><span class='ocrx_word' id='word_1_307' title='bbox 1184 5672 1404 5736; x_wconf 83' lang='lat' dir='ltr'><strong>strum</strong></span> <span class='ocrx_word' id='word_1_308' title='bbox 1430 5662 1722 5755; x_wconf 90' lang='lat' dir='ltr'><strong>longum</strong></span> <span class='ocrx_word' id='word_1_309' title='bbox 1751 5685 1913 5733; x_wconf 92' lang='lat' dir='ltr'><strong>cum</strong></span> <span class='ocrx_word' id='word_1_310' title='bbox 1942 5685 2079 5755; x_wconf 88' lang='lat' dir='ltr'><strong>qno</strong></span> <span class='ocrx_word' id='word_1_311' title='bbox 2117 5661 2325 5731; x_wconf 88' lang='lat' dir='ltr'><strong>mella</strong></span> <span class='ocrx_word' id='word_1_312' title='bbox 2351 5663 2423 5730; x_wconf 90' lang='lat' dir='ltr'><strong>in</strong></span> <span class='ocrx_word' id='word_1_313' title='bbox 2451 5660 2738 5735; x_wconf 77' lang='lat' dir='ltr'><strong>inferio-</strong></span> 
     </span>
     <span class='ocr_line' id='line_1_50' title="bbox 1184 5768 2739 5864; baseline -0.001 -21"><span class='ocrx_word' id='word_1_314' title='bbox 1184 5773 1372 5843; x_wconf 88' lang='lat' dir='ltr'><strong>ribus</strong></span> <span class='ocrx_word' id='word_1_315' title='bbox 1398 5770 1654 5841; x_wconf 89' lang='lat' dir='ltr'><strong>florum</strong></span> <span class='ocrx_word' id='word_1_316' title='bbox 1681 5768 2036 5862; x_wconf 89' lang='lat' dir='ltr'><strong>colligunt,</strong></span> <span class='ocrx_word' id='word_1_317' title='bbox 2065 5778 2184 5840; x_wconf 89' lang='lat' dir='ltr'><strong>aut</strong></span> <span class='ocrx_word' id='word_1_318' title='bbox 2210 5792 2368 5839; x_wconf 90' lang='lat' dir='ltr'><strong>cum</strong></span> <span class='ocrx_word' id='word_1_319' title='bbox 2397 5791 2536 5861; x_wconf 89' lang='lat' dir='ltr'><strong>quo</strong></span> <span class='ocrx_word' id='word_1_320' title='bbox 2564 5792 2739 5864; x_wconf 91' lang='lat' dir='ltr'><strong>pun-</strong></span> 
     </span>
    </p>
   </div>
   <div class='ocr_carea' id='block_1_7' title="bbox 2836 603 4405 5214">
    <p class='ocr_par' dir='ltr' id='par_1_8' title="bbox 2852 603 4405 1754">
     <span class='ocr_line' id='line_1_51' title="bbox 2854 603 4399 696; baseline -0.001 -25"><span class='ocrx_word' id='word_1_321' title='bbox 2854 614 3029 695; x_wconf 86' lang='lat' dir='ltr'><strong>gunt</strong></span> <span class='ocrx_word' id='word_1_322' title='bbox 3093 603 3497 696; x_wconf 77' lang='lat' dir='ltr'><strong>perforando</strong></span> <span class='ocrx_word' id='word_1_323' title='bbox 3562 603 3772 692; x_wconf 91' lang='lat' dir='ltr'><strong>pelles</strong></span> <span class='ocrx_word' id='word_1_324' title='bbox 3829 603 4228 670; x_wconf 88' lang='lat' dir='ltr'><strong>animalium</strong></span> <span class='ocrx_word' id='word_1_325' title='bbox 4313 624 4399 669; x_wconf 83' lang='lat' dir='ltr'><strong>ex</strong></span> 
     </span>
     <span class='ocr_line' id='line_1_52' title="bbox 2854 709 4403 802; baseline -0.002 -25"><span class='ocrx_word' id='word_1_326' title='bbox 2854 711 3101 802; x_wconf 90' lang='lat' dir='ltr'><strong>quibus</strong></span> <span class='ocrx_word' id='word_1_327' title='bbox 3131 720 3408 802; x_wconf 86' lang='lat' dir='ltr'><strong>sugunt,</strong></span> <span class='ocrx_word' id='word_1_328' title='bbox 3440 712 3612 778; x_wconf 88' lang='lat' dir='ltr'><strong>sicut</strong></span> <span class='ocrx_word' id='word_1_329' title='bbox 3649 711 4088 779; x_wconf 89' lang='lat' dir='ltr'><strong>musciliones</strong></span> <span class='ocrx_word' id='word_1_330' title='bbox 4117 719 4184 778; x_wconf 91' lang='lat' dir='ltr'><strong>et</strong></span> <span class='ocrx_word' id='word_1_331' title='bbox 4227 709 4403 778; x_wconf 88' lang='lat' dir='ltr'><strong>cini-</strong></span> 
     </span>
     <span class='ocr_line' id='line_1_53' title="bbox 2853 821 4400 912; baseline -0.001 -25"><span class='ocrx_word' id='word_1_332' title='bbox 2853 821 2978 900; x_wconf 81' lang='lat' dir='ltr'><strong>feS,</strong></span> <span class='ocrx_word' id='word_1_333' title='bbox 3033 829 3100 888; x_wconf 91' lang='lat' dir='ltr'><strong>et</strong></span> <span class='ocrx_word' id='word_1_334' title='bbox 3142 824 3597 890; x_wconf 88' lang='lat' dir='ltr'><strong>cinomiarum</strong></span> <span class='ocrx_word' id='word_1_335' title='bbox 3645 844 3919 912; x_wconf 87' lang='lat' dir='ltr'><strong>genera.</strong></span> <span class='ocrx_word' id='word_1_336' title='bbox 3965 821 4250 888; x_wconf 89' lang='lat' dir='ltr'><strong>Nullum</strong></span> <span class='ocrx_word' id='word_1_337' title='bbox 4281 842 4400 888; x_wconf 92' lang='lat' dir='ltr'><strong>au·</strong></span> 
     </span>
     <span class='ocr_line' id='line_1_54' title="bbox 2854 929 4405 1020; baseline -0.001 -23"><span class='ocrx_word' id='word_1_338' title='bbox 2854 937 2992 998; x_wconf 86' lang='lat' dir='ltr'><strong>tem</strong></span> <span class='ocrx_word' id='word_1_339' title='bbox 3032 931 3428 998; x_wconf 87' lang='lat' dir='ltr'><strong>animalium</strong></span> <span class='ocrx_word' id='word_1_340' title='bbox 3467 932 3634 999; x_wconf 85' lang='lat' dir='ltr'><strong>duas</strong></span> <span class='ocrx_word' id='word_1_341' title='bbox 3662 930 3924 998; x_wconf 89' lang='lat' dir='ltr'><strong>habens</strong></span> <span class='ocrx_word' id='word_1_342' title='bbox 3963 929 4104 998; x_wconf 91' lang='lat' dir='ltr'><strong>alas</strong></span> <span class='ocrx_word' id='word_1_343' title='bbox 4143 929 4405 1020; x_wconf 91' lang='lat' dir='ltr'><strong>simpli-</strong></span> 
     </span>
     <span class='ocr_line' id='line_1_55' title="bbox 2854 1038 4402 1120; baseline -0.001 -13"><span class='ocrx_word' id='word_1_344' title='bbox 2854 1041 3020 1108; x_wconf 89' lang='lat' dir='ltr'><strong>citer</strong></span> <span class='ocrx_word' id='word_1_345' title='bbox 3077 1040 3598 1120; x_wconf 89' lang='lat' dir='ltr'><strong>membranales,</strong></span> <span class='ocrx_word' id='word_1_346' title='bbox 3659 1040 3866 1109; x_wconf 85' lang='lat' dir='ltr'><strong>habet</strong></span> <span class='ocrx_word' id='word_1_347' title='bbox 3911 1038 4222 1108; x_wconf 87' lang='lat' dir='ltr'><strong>aculeum</strong></span> <span class='ocrx_word' id='word_1_348' title='bbox 4276 1062 4292 1105; x_wconf 74' lang='grc' dir='ltr'>ε</span> <span class='ocrx_word' id='word_1_349' title='bbox 4336 1046 4402 1106; x_wconf 90' lang='lat' dir='ltr'><strong>et</strong></span> 
     </span>
     <span class='ocr_line' id='line_1_56' title="bbox 2852 1149 4402 1241; baseline -0.001 -23"><span class='ocrx_word' id='word_1_350' title='bbox 2852 1149 2967 1218; x_wconf 88' lang='lat' dir='ltr'><strong>illa</strong></span> <span class='ocrx_word' id='word_1_351' title='bbox 3015 1174 3164 1241; x_wconf 82' lang='lat' dir='ltr'><strong>quae</strong></span> <span class='ocrx_word' id='word_1_352' title='bbox 3203 1149 3457 1217; x_wconf 87' lang='lat' dir='ltr'><strong>habent</strong></span> <span class='ocrx_word' id='word_1_353' title='bbox 3502 1149 3669 1218; x_wconf 87' lang='lat' dir='ltr'><strong>duas</strong></span> <span class='ocrx_word' id='word_1_354' title='bbox 3716 1158 3990 1219; x_wconf 90' lang='lat' dir='ltr'><strong>tantum</strong></span> <span class='ocrx_word' id='word_1_355' title='bbox 4042 1150 4206 1229; x_wconf 91' lang='lat' dir='ltr'><strong>alas,</strong></span> <span class='ocrx_word' id='word_1_356' title='bbox 4277 1172 4402 1240; x_wconf 91' lang='lat' dir='ltr'><strong>pu-</strong></span> 
     </span>
     <span class='ocr_line' id='line_1_57' title="bbox 2852 1258 4403 1349; baseline 0 -24"><span class='ocrx_word' id='word_1_357' title='bbox 2852 1267 3067 1349; x_wconf 86' lang='lat' dir='ltr'><strong>gnant</strong></span> <span class='ocrx_word' id='word_1_358' title='bbox 3095 1259 3319 1328; x_wconf 91' lang='lat' dir='ltr'><strong>calceo</strong></span> <span class='ocrx_word' id='word_1_359' title='bbox 3360 1259 3501 1326; x_wconf 89' lang='lat' dir='ltr'><strong>sive</strong></span> <span class='ocrx_word' id='word_1_360' title='bbox 3531 1267 3774 1337; x_wconf 87' lang='lat' dir='ltr'><strong>rostro,</strong></span> <span class='ocrx_word' id='word_1_361' title='bbox 3814 1258 3996 1349; x_wconf 90' lang='lat' dir='ltr'><strong>quod</strong></span> <span class='ocrx_word' id='word_1_362' title='bbox 4025 1266 4128 1327; x_wconf 89' lang='lat' dir='ltr'><strong>est</strong></span> <span class='ocrx_word' id='word_1_363' title='bbox 4155 1259 4226 1326; x_wconf 91' lang='lat' dir='ltr'><strong>in</strong></span> <span class='ocrx_word' id='word_1_364' title='bbox 4274 1279 4403 1325; x_wconf 91' lang='lat' dir='ltr'><strong>an-</strong></span> 
     </span>
     <span class='ocr_line' id='line_1_58' title="bbox 2852 1363 4403 1454; baseline -0.001 -23"><span class='ocrx_word' id='word_1_365' title='bbox 2852 1363 3083 1431; x_wconf 89' lang='lat' dir='ltr'><strong>teriori</strong></span> <span class='ocrx_word' id='word_1_366' title='bbox 3177 1373 3367 1454; x_wconf 88' lang='lat' dir='ltr'><strong>parte</strong></span> <span class='ocrx_word' id='word_1_367' title='bbox 3451 1364 3747 1454; x_wconf 89' lang='lat' dir='ltr'><strong>capitum</strong></span> <span class='ocrx_word' id='word_1_368' title='bbox 3834 1386 4142 1442; x_wconf 89' lang='lat' dir='ltr'><strong>suorum,</strong></span> <span class='ocrx_word' id='word_1_369' title='bbox 4228 1364 4403 1432; x_wconf 86' lang='lat' dir='ltr'><strong>sicut</strong></span> 
     </span>
     <span class='ocr_line' id='line_1_59' title="bbox 2853 1469 4403 1548; baseline 0.001 -11"><span class='ocrx_word' id='word_1_370' title='bbox 2853 1493 3128 1548; x_wconf 86' lang='lat' dir='ltr'><strong>muscae,</strong></span> <span class='ocrx_word' id='word_1_371' title='bbox 3175 1480 3242 1539; x_wconf 91' lang='lat' dir='ltr'><strong>et</strong></span> <span class='ocrx_word' id='word_1_372' title='bbox 3287 1471 3743 1548; x_wconf 89' lang='lat' dir='ltr'><strong>musciliones,</strong></span> <span class='ocrx_word' id='word_1_373' title='bbox 3779 1478 3846 1539; x_wconf 91' lang='lat' dir='ltr'><strong>et</strong></span> <span class='ocrx_word' id='word_1_374' title='bbox 3874 1493 4125 1540; x_wconf 82' lang='lat' dir='ltr'><strong>muscae</strong></span> <span class='ocrx_word' id='word_1_375' title='bbox 4161 1469 4403 1539; x_wconf 88' lang='lat' dir='ltr'><strong>bestia-</strong></span> 
     </span>
     <span class='ocr_line' id='line_1_60' title="bbox 2853 1578 4398 1669; baseline 0 -24"><span class='ocrx_word' id='word_1_376' title='bbox 2853 1601 3030 1657; x_wconf 87' lang='lat' dir='ltr'><strong>rum,</strong></span> <span class='ocrx_word' id='word_1_377' title='bbox 3067 1600 3218 1669; x_wconf 83' lang='lat' dir='ltr'><strong>quae</strong></span> <span class='ocrx_word' id='word_1_378' title='bbox 3256 1579 3572 1647; x_wconf 89' lang='lat' dir='ltr'><strong>dicuntur</strong></span> <span class='ocrx_word' id='word_1_379' title='bbox 3599 1578 3934 1657; x_wconf 75' lang='lat' dir='ltr'><strong>cinomiae,</strong></span> <span class='ocrx_word' id='word_1_380' title='bbox 3969 1578 4114 1646; x_wconf 90' lang='lat' dir='ltr'><strong>sive</strong></span> <span class='ocrx_word' id='word_1_381' title='bbox 4146 1600 4398 1646; x_wconf 85' lang='lat' dir='ltr'><strong>muscae</strong></span> 
     </span>
     <span class='ocr_line' id='line_1_61' title="bbox 2852 1686 3137 1754; baseline 0.004 -1"><span class='ocrx_word' id='word_1_382' title='bbox 2852 1686 3137 1754; x_wconf 81' lang='lat' dir='ltr'><strong>oaninae.</strong></span> 
     </span>
    </p>

    <p class='ocr_par' dir='ltr' id='par_1_9' title="bbox 2837 1791 4400 3149">
     <span class='ocr_line' id='line_1_62' title="bbox 2939 1791 4400 1861; baseline 0.001 -3"><span class='ocrx_word' id='word_1_383' title='bbox 2939 1791 3182 1861; x_wconf 91' lang='lat' dir='ltr'><strong>Adhuc</strong></span> <span class='ocrx_word' id='word_1_384' title='bbox 3228 1802 3456 1861; x_wconf 91' lang='lat' dir='ltr'><strong>autem</strong></span> <span class='ocrx_word' id='word_1_385' title='bbox 3513 1795 3746 1861; x_wconf 91' lang='lat' dir='ltr'><strong>omnia</strong></span> <span class='ocrx_word' id='word_1_386' title='bbox 3791 1792 4116 1861; x_wconf 89' lang='lat' dir='ltr'><strong>animalia</strong></span> <span class='ocrx_word' id='word_1_387' title='bbox 4157 1814 4400 1860; x_wconf 88' lang='lat' dir='ltr'><strong>caren-</strong></span> 
     </span>
     <span class='ocr_line' id='line_1_63' title="bbox 2848 1901 4394 1992; baseline 0.001 -25"><span class='ocrx_word' id='word_1_388' title='bbox 2848 1902 2942 1967; x_wconf 86' lang='lat' dir='ltr'><strong>tia</strong></span> <span class='ocrx_word' id='word_1_389' title='bbox 2971 1902 3327 1992; x_wconf 83' lang='lat' dir='ltr'><strong>sanguine,</strong></span> <span class='ocrx_word' id='word_1_390' title='bbox 3361 1908 3521 1968; x_wconf 89' lang='lat' dir='ltr'><strong>sunt</strong></span> <span class='ocrx_word' id='word_1_391' title='bbox 3550 1901 3833 1969; x_wconf 91' lang='lat' dir='ltr'><strong>minoris</strong></span> <span class='ocrx_word' id='word_1_392' title='bbox 3863 1901 4162 1991; x_wconf 89' lang='lat' dir='ltr'><strong>corporis</strong></span> <span class='ocrx_word' id='word_1_393' title='bbox 4188 1924 4394 1991; x_wconf 91' lang='lat' dir='ltr'><strong>quam</strong></span> 
     </span>
     <span class='ocr_line' id='line_1_64' title="bbox 2850 2007 4399 2099; baseline 0 -25"><span class='ocrx_word' id='word_1_394' title='bbox 2850 2030 2932 2075; x_wconf 90' lang='lat' dir='ltr'><strong>ea</strong></span> <span class='ocrx_word' id='word_1_395' title='bbox 2962 2030 3112 2098; x_wconf 84' lang='lat' dir='ltr'><strong>quae</strong></span> <span class='ocrx_word' id='word_1_396' title='bbox 3150 2007 3403 2076; x_wconf 86' lang='lat' dir='ltr'><strong>habent</strong></span> <span class='ocrx_word' id='word_1_397' title='bbox 3432 2011 3862 2098; x_wconf 86' lang='lat' dir='ltr'><strong>sanguinem,</strong></span> <span class='ocrx_word' id='word_1_398' title='bbox 3897 2008 4197 2099; x_wconf 87' lang='lat' dir='ltr'><strong>exceptis</strong></span> <span class='ocrx_word' id='word_1_399' title='bbox 4238 2008 4399 2098; x_wconf 89' lang='lat' dir='ltr'><strong>qui-</strong></span> 
     </span>
     <span class='ocr_line' id='line_1_65' title="bbox 2847 2113 4394 2207; baseline 0 -25"><span class='ocrx_word' id='word_1_400' title='bbox 2847 2113 3136 2183; x_wconf 86' lang='lat' dir='ltr'><strong>busdam</strong></span> <span class='ocrx_word' id='word_1_401' title='bbox 3167 2116 3446 2184; x_wconf 89' lang='lat' dir='ltr'><strong>marinis</strong></span> <span class='ocrx_word' id='word_1_402' title='bbox 3476 2139 3624 2207; x_wconf 78' lang='lat' dir='ltr'><strong>quae</strong></span> <span class='ocrx_word' id='word_1_403' title='bbox 3653 2123 3985 2185; x_wconf 85' lang='lat' dir='ltr'><strong>vocantur</strong></span> <span class='ocrx_word' id='word_1_404' title='bbox 4011 2116 4351 2185; x_wconf 76' lang='lat' dir='ltr'><strong>malachie</strong></span> <span class='ocrx_word' id='word_1_405' title='bbox 4371 2138 4394 2182; x_wconf 91' lang='lat'><strong>.·</strong></span> 
     </span>
     <span class='ocr_line' id='line_1_66' title="bbox 2846 2209 4395 2293; baseline 0.002 -4"><span class='ocrx_word' id='word_1_406' title='bbox 2846 2220 2993 2291; x_wconf 80' lang='lat' dir='ltr'><strong>haec</strong></span> <span class='ocrx_word' id='word_1_407' title='bbox 3021 2226 3203 2292; x_wconf 90' lang='lat' dir='ltr'><strong>enim</strong></span> <span class='ocrx_word' id='word_1_408' title='bbox 3235 2225 3305 2290; x_wconf 90' lang='lat' dir='ltr'><strong>in</strong></span> <span class='ocrx_word' id='word_1_409' title='bbox 3344 2223 3577 2292; x_wconf 89' lang='lat' dir='ltr'><strong>calidis</strong></span> <span class='ocrx_word' id='word_1_410' title='bbox 3617 2224 3815 2292; x_wconf 91' lang='lat' dir='ltr'><strong>undis</strong></span> <span class='ocrx_word' id='word_1_411' title='bbox 3864 2226 3935 2292; x_wconf 93' lang='lat' dir='ltr'><strong>in</strong></span> <span class='ocrx_word' id='word_1_412' title='bbox 3974 2209 4395 2293; x_wconf 85' lang='lat' dir='ltr'><strong>meridiona-</strong></span> 
     </span>
     <span class='ocr_line' id='line_1_67' title="bbox 2847 2327 4392 2418; baseline 0.001 -22"><span class='ocrx_word' id='word_1_413' title='bbox 2847 2327 3026 2397; x_wconf 90' lang='lat' dir='ltr'><strong>libus</strong></span> <span class='ocrx_word' id='word_1_414' title='bbox 3072 2330 3375 2397; x_wconf 88' lang='lat' dir='ltr'><strong>maribus</strong></span> <span class='ocrx_word' id='word_1_415' title='bbox 3421 2330 3682 2418; x_wconf 89' lang='lat' dir='ltr'><strong>majora</strong></span> <span class='ocrx_word' id='word_1_416' title='bbox 3727 2329 4116 2398; x_wconf 82' lang='lat' dir='ltr'><strong>efficiuntur</strong></span> <span class='ocrx_word' id='word_1_417' title='bbox 4159 2328 4392 2398; x_wconf 88' lang='lat' dir='ltr'><strong>multis</strong></span> 
     </span>
     <span class='ocr_line' id='line_1_68' title="bbox 2845 2434 4391 2528; baseline 0.001 -26"><span class='ocrx_word' id='word_1_418' title='bbox 2845 2437 3249 2528; x_wconf 88' lang='lat' dir='ltr'><strong>sanguinem</strong></span> <span class='ocrx_word' id='word_1_419' title='bbox 3312 2436 3722 2505; x_wconf 86' lang='lat' dir='ltr'><strong>habentibus</strong></span> <span class='ocrx_word' id='word_1_420' title='bbox 3797 2434 4229 2504; x_wconf 90' lang='lat' dir='ltr'><strong>animalibus.</strong></span> <span class='ocrx_word' id='word_1_421' title='bbox 4311 2436 4391 2504; x_wconf 89' lang='lat' dir='ltr'><strong>ln</strong></span> 
     </span>
     <span class='ocr_line' id='line_1_69' title="bbox 2845 2543 4395 2636; baseline 0.001 -25"><span class='ocrx_word' id='word_1_422' title='bbox 2845 2543 2996 2612; x_wconf 90' lang='lat' dir='ltr'><strong>aliis</strong></span> <span class='ocrx_word' id='word_1_423' title='bbox 3034 2554 3263 2613; x_wconf 88' lang='lat' dir='ltr'><strong>autem</strong></span> <span class='ocrx_word' id='word_1_424' title='bbox 3301 2544 3634 2636; x_wconf 88' lang='lat' dir='ltr'><strong>contingit</strong></span> <span class='ocrx_word' id='word_1_425' title='bbox 3670 2543 3803 2614; x_wconf 92' lang='lat' dir='ltr'><strong>hoc</strong></span> <span class='ocrx_word' id='word_1_426' title='bbox 3831 2543 4030 2612; x_wconf 89' lang='lat' dir='ltr'><strong>valde</strong></span> <span class='ocrx_word' id='word_1_427' title='bbox 4078 2566 4229 2613; x_wconf 90' lang='lat' dir='ltr'><strong>raro</strong></span> <span class='ocrx_word' id='word_1_428' title='bbox 4263 2565 4280 2611; x_wconf 73' lang='grc' dir='ltr'><strong><em>ε</em></strong></span> <span class='ocrx_word' id='word_1_429' title='bbox 4323 2552 4395 2615; x_wconf 90' lang='lat' dir='ltr'><strong>et</strong></span> 
     </span>
     <span class='ocr_line' id='line_1_70' title="bbox 2845 2651 4388 2744; baseline 0 -24"><span class='ocrx_word' id='word_1_430' title='bbox 2845 2652 3117 2742; x_wconf 86' lang='lat' dir='ltr'><strong>quando</strong></span> <span class='ocrx_word' id='word_1_431' title='bbox 3190 2661 3669 2744; x_wconf 83' lang='lat' dir='ltr'><strong>augmentatur</strong></span> <span class='ocrx_word' id='word_1_432' title='bbox 3738 2651 4097 2735; x_wconf 90' lang='lat' dir='ltr'><strong>malachie,</strong></span> <span class='ocrx_word' id='word_1_433' title='bbox 4167 2654 4388 2744; x_wconf 89' lang='lat' dir='ltr'><strong>magis</strong></span> 
     </span>
     <span class='ocr_line' id='line_1_71' title="bbox 2843 2757 4380 2851; baseline 0 -25"><span class='ocrx_word' id='word_1_434' title='bbox 2843 2757 3196 2828; x_wconf 83' lang='lat' dir='ltr'><strong>habitatin</strong></span> <span class='ocrx_word' id='word_1_435' title='bbox 3213 2760 3455 2851; x_wconf 82' lang='lat' dir='ltr'><strong>pelago</strong></span> <span class='ocrx_word' id='word_1_436' title='bbox 3495 2781 3703 2849; x_wconf 89' lang='lat' dir='ltr'><strong>quam</strong></span> <span class='ocrx_word' id='word_1_437' title='bbox 3729 2760 3802 2827; x_wconf 92' lang='lat' dir='ltr'><strong>in</strong></span> <span class='ocrx_word' id='word_1_438' title='bbox 3832 2758 4170 2827; x_wconf 86' lang='lat' dir='ltr'><strong>littoribus</strong></span> <span class='ocrx_word' id='word_1_439' title='bbox 4204 2759 4380 2849; x_wconf 87' lang='lat' dir='ltr'><strong>ejus.</strong></span> 
     </span>
     <span class='ocr_line' id='line_1_72' title="bbox 2841 2864 4386 2958; baseline 0.001 -24"><span class='ocrx_word' id='word_1_440' title='bbox 2841 2864 2964 2935; x_wconf 90' lang='lat' dir='ltr'><strong>Est</strong></span> <span class='ocrx_word' id='word_1_441' title='bbox 2999 2876 3227 2936; x_wconf 89' lang='lat' dir='ltr'><strong>autem</strong></span> <span class='ocrx_word' id='word_1_442' title='bbox 3254 2866 3643 2958; x_wconf 77' lang='lat' dir='ltr'><strong>frequenter</strong></span> <span class='ocrx_word' id='word_1_443' title='bbox 3669 2867 3740 2934; x_wconf 91' lang='lat' dir='ltr'><strong>in</strong></span> <span class='ocrx_word' id='word_1_444' title='bbox 3777 2866 3946 2936; x_wconf 90' lang='lat' dir='ltr'><strong>locis</strong></span> <span class='ocrx_word' id='word_1_445' title='bbox 3986 2865 4099 2935; x_wconf 91' lang='lat' dir='ltr'><strong>ubi</strong></span> <span class='ocrx_word' id='word_1_446' title='bbox 4145 2866 4386 2936; x_wconf 90' lang='lat' dir='ltr'><strong>multi-</strong></span> 
     </span>
     <span class='ocr_line' id='line_1_73' title="bbox 2839 2973 4381 3066; baseline 0.001 -26"><span class='ocrx_word' id='word_1_447' title='bbox 2839 2973 3182 3065; x_wconf 90' lang='lat' dir='ltr'><strong>plicantur</strong></span> <span class='ocrx_word' id='word_1_448' title='bbox 3245 2996 3438 3065; x_wconf 79' lang='lat' dir='ltr'><strong>aquae</strong></span> <span class='ocrx_word' id='word_1_449' title='bbox 3502 2975 3811 3066; x_wconf 81' lang='lat' dir='ltr'><strong>insipidae</strong></span> <span class='ocrx_word' id='word_1_450' title='bbox 3887 2975 4245 3043; x_wconf 84' lang='lat' dir='ltr'><strong>influentes</strong></span> <span class='ocrx_word' id='word_1_451' title='bbox 4308 2974 4381 3042; x_wconf 91' lang='lat' dir='ltr'><strong>in</strong></span> 
     </span>
     <span class='ocr_line' id='line_1_74' title="bbox 2837 3103 3050 3149; baseline 0.005 -1"><span class='ocrx_word' id='word_1_452' title='bbox 2837 3103 3050 3149; x_wconf 88' lang='lat' dir='ltr'><strong>mare.</strong></span> 
     </span>
    </p>

    <p class='ocr_par' dir='ltr' id='par_1_10' title="bbox 2836 3187 4387 5214">
     <span class='ocr_line' id='line_1_75' title="bbox 2927 3187 4376 3280; baseline 0.001 -23"><span class='ocrx_word' id='word_1_453' title='bbox 2927 3187 3176 3257; x_wconf 89' lang='lat' dir='ltr'><strong>Omnia</strong></span> <span class='ocrx_word' id='word_1_454' title='bbox 3231 3197 3460 3258; x_wconf 91' lang='lat' dir='ltr'><strong>autem</strong></span> <span class='ocrx_word' id='word_1_455' title='bbox 3520 3189 3840 3259; x_wconf 88' lang='lat' dir='ltr'><strong>animalia</strong></span> <span class='ocrx_word' id='word_1_456' title='bbox 3911 3192 4376 3280; x_wconf 88' lang='lat' dir='ltr'><strong>processivum</strong></span> 
     </span>
     <span class='ocr_line' id='line_1_76' title="bbox 2837 3295 4378 3388; baseline 0.001 -23"><span class='ocrx_word' id='word_1_457' title='bbox 2837 3306 3104 3365; x_wconf 90' lang='lat' dir='ltr'><strong>motum</strong></span> <span class='ocrx_word' id='word_1_458' title='bbox 3151 3295 3493 3374; x_wconf 87' lang='lat' dir='ltr'><strong>habentia,</strong></span> <span class='ocrx_word' id='word_1_459' title='bbox 3549 3307 3844 3388; x_wconf 88' lang='lat' dir='ltr'><strong>quatuor</strong></span> <span class='ocrx_word' id='word_1_460' title='bbox 3895 3297 4219 3366; x_wconf 88' lang='lat' dir='ltr'><strong>membris</strong></span> <span class='ocrx_word' id='word_1_461' title='bbox 4258 3306 4378 3367; x_wconf 85' lang='lat' dir='ltr'><strong>aut</strong></span> 
     </span>
     <span class='ocr_line' id='line_1_77' title="bbox 2836 3404 4378 3497; baseline 0.002 -26"><span class='ocrx_word' id='word_1_462' title='bbox 2836 3404 3146 3496; x_wconf 89' lang='lat' dir='ltr'><strong>pluribus</strong></span> <span class='ocrx_word' id='word_1_463' title='bbox 3173 3405 3480 3473; x_wconf 87' lang='lat' dir='ltr'><strong>nituntur</strong></span> <span class='ocrx_word' id='word_1_464' title='bbox 3507 3404 3593 3473; x_wconf 91' lang='lat' dir='ltr'><strong>ad</strong></span> <span class='ocrx_word' id='word_1_465' title='bbox 3621 3414 3908 3474; x_wconf 88' lang='lat' dir='ltr'><strong>motum.</strong></span> <span class='ocrx_word' id='word_1_466' title='bbox 3955 3404 4378 3497; x_wconf 83' lang='lat' dir='ltr'><strong>Sanguinem</strong></span> 
     </span>
     <span class='ocr_line' id='line_1_78' title="bbox 2839 3512 4380 3606; baseline 0.001 -25"><span class='ocrx_word' id='word_1_467' title='bbox 2839 3513 3115 3606; x_wconf 89' lang='lat' dir='ltr'><strong>quidem</strong></span> <span class='ocrx_word' id='word_1_468' title='bbox 3163 3512 3507 3593; x_wconf 88' lang='lat' dir='ltr'><strong>habentia,</strong></span> <span class='ocrx_word' id='word_1_469' title='bbox 3561 3521 3854 3605; x_wconf 86' lang='lat' dir='ltr'><strong>quatuor</strong></span> <span class='ocrx_word' id='word_1_470' title='bbox 3906 3521 4174 3582; x_wconf 87' lang='lat' dir='ltr'><strong>tantum</strong></span> <span class='ocrx_word' id='word_1_471' title='bbox 4221 3536 4380 3582; x_wconf 91' lang='lat' dir='ltr'><strong>mo-</strong></span> 
     </span>
     <span class='ocr_line' id='line_1_79' title="bbox 2837 3619 4383 3700; baseline 0 -11"><span class='ocrx_word' id='word_1_472' title='bbox 2837 3628 3087 3690; x_wconf 86' lang='lat' dir='ltr'><strong>ventur</strong></span> <span class='ocrx_word' id='word_1_473' title='bbox 3114 3619 3462 3700; x_wconf 89' lang='lat' dir='ltr'><strong>memhris,</strong></span> <span class='ocrx_word' id='word_1_474' title='bbox 3495 3621 3669 3689; x_wconf 85' lang='lat' dir='ltr'><strong>sicut</strong></span> <span class='ocrx_word' id='word_1_475' title='bbox 3696 3619 3907 3690; x_wconf 91' lang='lat' dir='ltr'><strong>homo</strong></span> <span class='ocrx_word' id='word_1_476' title='bbox 3942 3643 3960 3689; x_wconf 86' lang='lat'>:</span> <span class='ocrx_word' id='word_1_477' title='bbox 3991 3643 4154 3690; x_wconf 89' lang='lat' dir='ltr'><strong>nam</strong></span> <span class='ocrx_word' id='word_1_478' title='bbox 4201 3630 4383 3690; x_wconf 90' lang='lat' dir='ltr'><strong>tem-</strong></span> 
     </span>
     <span class='ocr_line' id='line_1_80' title="bbox 2838 3726 4386 3820; baseline 0.001 -26"><span class='ocrx_word' id='word_1_479' title='bbox 2838 3749 3003 3820; x_wconf 88' lang='lat' dir='ltr'><strong>pore</strong></span> <span class='ocrx_word' id='word_1_480' title='bbox 3036 3729 3262 3819; x_wconf 91' lang='lat' dir='ltr'><strong>primo</strong></span> <span class='ocrx_word' id='word_1_481' title='bbox 3301 3727 3539 3796; x_wconf 88' lang='lat' dir='ltr'><strong>nititur</strong></span> <span class='ocrx_word' id='word_1_482' title='bbox 3574 3726 3659 3795; x_wconf 83' lang='lat' dir='ltr'><strong>ad</strong></span> <span class='ocrx_word' id='word_1_483' title='bbox 3696 3735 3964 3797; x_wconf 90' lang='lat' dir='ltr'><strong>motum</strong></span> <span class='ocrx_word' id='word_1_484' title='bbox 3991 3726 4278 3819; x_wconf 88' lang='lat' dir='ltr'><strong>pedibus</strong></span> <span class='ocrx_word' id='word_1_485' title='bbox 4315 3735 4386 3797; x_wconf 89' lang='lat' dir='ltr'><strong>et</strong></span> 
     </span>
     <span class='ocr_line' id='line_1_81' title="bbox 2840 3833 4383 3927; baseline -0.003 -23"><span class='ocrx_word' id='word_1_486' title='bbox 2840 3833 3182 3904; x_wconf 88' lang='lat' dir='ltr'><strong>manibus.</strong></span> <span class='ocrx_word' id='word_1_487' title='bbox 3224 3833 3350 3902; x_wconf 85' lang='lat' dir='ltr'><strong>Illa</strong></span> <span class='ocrx_word' id='word_1_488' title='bbox 3388 3856 3552 3903; x_wconf 90' lang='lat' dir='ltr'><strong>vero</strong></span> <span class='ocrx_word' id='word_1_489' title='bbox 3590 3856 3745 3927; x_wconf 77' lang='lat' dir='ltr'><strong>quae</strong></span> <span class='ocrx_word' id='word_1_490' title='bbox 3799 3833 4055 3903; x_wconf 84' lang='lat' dir='ltr'><strong>habent</strong></span> <span class='ocrx_word' id='word_1_491' title='bbox 4088 3842 4383 3926; x_wconf 88' lang='lat' dir='ltr'><strong>quatuor</strong></span> 
     </span>
     <span class='ocr_line' id='line_1_82' title="bbox 2839 3940 4385 4033; baseline -0.002 -22"><span class='ocrx_word' id='word_1_492' title='bbox 2839 3940 3073 4033; x_wconf 84' lang='lat' dir='ltr'><strong>pedes,</strong></span> <span class='ocrx_word' id='word_1_493' title='bbox 3114 3941 3372 4010; x_wconf 88' lang='lat' dir='ltr'><strong>eisdem</strong></span> <span class='ocrx_word' id='word_1_494' title='bbox 3402 3949 3699 4031; x_wconf 89' lang='lat' dir='ltr'><strong>quatuor</strong></span> <span class='ocrx_word' id='word_1_495' title='bbox 3739 3949 4131 4022; x_wconf 86' lang='lat' dir='ltr'><strong>moventur,</strong></span> <span class='ocrx_word' id='word_1_496' title='bbox 4176 3949 4245 4011; x_wconf 89' lang='lat' dir='ltr'><strong>et</strong></span> <span class='ocrx_word' id='word_1_497' title='bbox 4273 3940 4385 4033; x_wconf 89' lang='lat' dir='ltr'><strong>pi-</strong></span> 
     </span>
     <span class='ocr_line' id='line_1_83' title="bbox 2840 4044 4387 4140; baseline -0.001 -23"><span class='ocrx_word' id='word_1_498' title='bbox 2840 4069 2987 4117; x_wconf 84' lang='lat' dir='ltr'><strong>sces</strong></span> <span class='ocrx_word' id='word_1_499' title='bbox 3020 4046 3426 4140; x_wconf 87' lang='lat' dir='ltr'><strong>sanguinem</strong></span> <span class='ocrx_word' id='word_1_500' title='bbox 3462 4044 3790 4116; x_wconf 86' lang='lat' dir='ltr'><strong>habentes</strong></span> <span class='ocrx_word' id='word_1_501' title='bbox 3815 4056 4184 4119; x_wconf 89' lang='lat' dir='ltr'><strong>moventur</strong></span> <span class='ocrx_word' id='word_1_502' title='bbox 4209 4069 4387 4139; x_wconf 81' lang='lat' dir='ltr'><strong>qua-</strong></span> 
     </span>
     <span class='ocr_line' id='line_1_84' title="bbox 2839 4154 4383 4248; baseline -0.001 -24"><span class='ocrx_word' id='word_1_503' title='bbox 2839 4164 3001 4226; x_wconf 89' lang='lat' dir='ltr'><strong>tuor</strong></span> <span class='ocrx_word' id='word_1_504' title='bbox 3052 4155 3180 4225; x_wconf 86' lang='lat' dir='ltr'><strong>alis</strong></span> <span class='ocrx_word' id='word_1_505' title='bbox 3216 4155 3303 4224; x_wconf 90' lang='lat' dir='ltr'><strong>ad</strong></span> <span class='ocrx_word' id='word_1_506' title='bbox 3350 4156 3603 4225; x_wconf 85' lang='lat' dir='ltr'><strong>minus.</strong></span> <span class='ocrx_word' id='word_1_507' title='bbox 3655 4154 3780 4225; x_wconf 85' lang='lat' dir='ltr'><strong>Illa</strong></span> <span class='ocrx_word' id='word_1_508' title='bbox 3814 4178 3979 4226; x_wconf 89' lang='lat' dir='ltr'><strong>vero</strong></span> <span class='ocrx_word' id='word_1_509' title='bbox 4035 4177 4206 4248; x_wconf 82' lang='lat' dir='ltr'><strong>quae·</strong></span> <span class='ocrx_word' id='word_1_510' title='bbox 4240 4175 4383 4225; x_wconf 87' lang='lat' dir='ltr'><strong>non</strong></span> 
     </span>
     <span class='ocr_line' id='line_1_85' title="bbox 2840 4263 4384 4357; baseline -0.002 -23"><span class='ocrx_word' id='word_1_511' title='bbox 2840 4263 3096 4335; x_wconf 88' lang='lat' dir='ltr'><strong>habent</strong></span> <span class='ocrx_word' id='word_1_512' title='bbox 3137 4266 3269 4332; x_wconf 87' lang='lat' dir='ltr'><strong>nisi</strong></span> <span class='ocrx_word' id='word_1_513' title='bbox 3305 4263 3475 4347; x_wconf 85' lang='lat' dir='ltr'><strong>alas,</strong></span> <span class='ocrx_word' id='word_1_514' title='bbox 3523 4265 3731 4332; x_wconf 88' lang='lat' dir='ltr'><strong>etiam</strong></span> <span class='ocrx_word' id='word_1_515' title='bbox 3768 4271 4067 4357; x_wconf 83' lang='lat' dir='ltr'><strong>quatuor</strong></span> <span class='ocrx_word' id='word_1_516' title='bbox 4099 4284 4384 4333; x_wconf 88' lang='lat' dir='ltr'><strong>moven-</strong></span> 
     </span>
     <span class='ocr_line' id='line_1_86' title="bbox 2839 4370 4385 4463; baseline 0 -23"><span class='ocrx_word' id='word_1_517' title='bbox 2839 4379 2974 4452; x_wconf 89' lang='lat' dir='ltr'><strong>tur,</strong></span> <span class='ocrx_word' id='word_1_518' title='bbox 3009 4370 3251 4441; x_wconf 88' lang='lat' dir='ltr'><strong>eodem</strong></span> <span class='ocrx_word' id='word_1_519' title='bbox 3288 4371 3493 4441; x_wconf 92' lang='lat' dir='ltr'><strong>modo</strong></span> <span class='ocrx_word' id='word_1_520' title='bbox 3530 4371 3860 4442; x_wconf 83' lang='lat' dir='ltr'><strong>flectendo</strong></span> <span class='ocrx_word' id='word_1_521' title='bbox 3896 4371 4040 4441; x_wconf 86' lang='lat' dir='ltr'><strong>alas</strong></span> <span class='ocrx_word' id='word_1_522' title='bbox 4068 4394 4205 4463; x_wconf 89' lang='lat' dir='ltr'><strong>quo</strong></span> <span class='ocrx_word' id='word_1_523' title='bbox 4251 4372 4385 4440; x_wconf 89' lang='lat' dir='ltr'><strong>sse-</strong></span> 
     </span>
     <span class='ocr_line' id='line_1_87' title="bbox 2839 4476 4386 4569; baseline -0.002 -20"><span class='ocrx_word' id='word_1_524' title='bbox 2839 4486 3033 4549; x_wconf 88' lang='lat' dir='ltr'><strong>ctunt</strong></span> <span class='ocrx_word' id='word_1_525' title='bbox 3059 4476 3383 4547; x_wconf 88' lang='lat' dir='ltr'><strong>animalia</strong></span> <span class='ocrx_word' id='word_1_526' title='bbox 3405 4477 3611 4569; x_wconf 87' lang='lat' dir='ltr'><strong>pedes</strong></span> <span class='ocrx_word' id='word_1_527' title='bbox 3638 4488 3708 4548; x_wconf 89' lang='lat' dir='ltr'><strong>et</strong></span> <span class='ocrx_word' id='word_1_528' title='bbox 3734 4501 3935 4549; x_wconf 90' lang='lat' dir='ltr'><strong>crura</strong></span> <span class='ocrx_word' id='word_1_529' title='bbox 3956 4501 4115 4549; x_wconf 87' lang='lat' dir='ltr'><strong>cum</strong></span> <span class='ocrx_word' id='word_1_530' title='bbox 4144 4476 4386 4547; x_wconf 87' lang='lat' dir='ltr'><strong>ambu-</strong></span> 
     </span>
     <span class='ocr_line' id='line_1_88' title="bbox 2838 4585 4383 4656; baseline 0 -1"><span class='ocrx_word' id='word_1_531' title='bbox 2838 4585 2984 4655; x_wconf 89' lang='lat' dir='ltr'><strong>lant</strong></span> <span class='ocrx_word' id='word_1_532' title='bbox 3025 4607 3042 4654; x_wconf 72' lang='grc' dir='ltr'>ε</span> <span class='ocrx_word' id='word_1_533' title='bbox 3083 4594 3248 4655; x_wconf 90' lang='lat' dir='ltr'><strong>tunc</strong></span> <span class='ocrx_word' id='word_1_534' title='bbox 3272 4585 3467 4654; x_wconf 71' lang='lat' dir='ltr'><strong>‘enim</strong></span> <span class='ocrx_word' id='word_1_535' title='bbox 3503 4585 3648 4655; x_wconf 89' lang='lat' dir='ltr'><strong>sive</strong></span> <span class='ocrx_word' id='word_1_536' title='bbox 3686 4585 4000 4656; x_wconf 88' lang='lat' dir='ltr'><strong>vadendo</strong></span> <span class='ocrx_word' id='word_1_537' title='bbox 4043 4587 4189 4655; x_wconf 85' lang='lat' dir='ltr'><strong>sive</strong></span> <span class='ocrx_word' id='word_1_538' title='bbox 4224 4608 4383 4655; x_wconf 86' lang='lat' dir='ltr'><strong>am-</strong></span> 
     </span>
     <span class='ocr_line' id='line_1_89' title="bbox 2840 4692 4384 4786; baseline -0.001 -25"><span class='ocrx_word' id='word_1_539' title='bbox 2840 4692 3139 4762; x_wconf 90' lang='lat' dir='ltr'><strong>bulando</strong></span> <span class='ocrx_word' id='word_1_540' title='bbox 3183 4692 3414 4762; x_wconf 88' lang='lat' dir='ltr'><strong>levant</strong></span> <span class='ocrx_word' id='word_1_541' title='bbox 3457 4714 3667 4761; x_wconf 88' lang='lat' dir='ltr'><strong>unam</strong></span> <span class='ocrx_word' id='word_1_542' title='bbox 3708 4702 3972 4786; x_wconf 88' lang='lat' dir='ltr'><strong>partem</strong></span> <span class='ocrx_word' id='word_1_543' title='bbox 4011 4714 4052 4762; x_wconf 89' lang='lat' dir='ltr'><strong>a</strong></span> <span class='ocrx_word' id='word_1_544' title='bbox 4077 4702 4281 4774; x_wconf 85' lang='lat' dir='ltr'><strong>terra,</strong></span> <span class='ocrx_word' id='word_1_545' title='bbox 4313 4699 4384 4762; x_wconf 89' lang='lat' dir='ltr'><strong>et</strong></span> 
     </span>
     <span class='ocr_line' id='line_1_90' title="bbox 2839 4800 4381 4892; baseline -0.001 -23"><span class='ocrx_word' id='word_1_546' title='bbox 2839 4801 3046 4869; x_wconf 90' lang='lat' dir='ltr'><strong>aliam</strong></span> <span class='ocrx_word' id='word_1_547' title='bbox 3110 4809 3374 4892; x_wconf 85' lang='lat' dir='ltr'><strong>ponunt</strong></span> <span class='ocrx_word' id='word_1_548' title='bbox 3426 4809 3690 4892; x_wconf 87' lang='lat' dir='ltr'><strong>partem</strong></span> <span class='ocrx_word' id='word_1_549' title='bbox 3752 4802 3826 4870; x_wconf 91' lang='lat' dir='ltr'><strong>in</strong></span> <span class='ocrx_word' id='word_1_550' title='bbox 3879 4811 4061 4871; x_wconf 86' lang='lat' dir='ltr'><strong>terra</strong></span> <span class='ocrx_word' id='word_1_551' title='bbox 4118 4821 4136 4869; x_wconf 75' lang='lat' dir='ltr'><strong><em>z</em></strong></span> <span class='ocrx_word' id='word_1_552' title='bbox 4205 4800 4381 4869; x_wconf 88' lang='lat' dir='ltr'><strong>sicut</strong></span> 
     </span>
     <span class='ocr_line' id='line_1_91' title="bbox 2839 4906 4382 5001; baseline -0.003 -23"><span class='ocrx_word' id='word_1_553' title='bbox 2839 4909 3047 4978; x_wconf 85' lang='lat' dir='ltr'><strong>etiam</strong></span> <span class='ocrx_word' id='word_1_554' title='bbox 3074 4908 3235 4977; x_wconf 81' lang='lat' dir='ltr'><strong>facit</strong></span> <span class='ocrx_word' id='word_1_555' title='bbox 3271 4929 3548 4998; x_wconf 87' lang='lat' dir='ltr'><strong>serpens</strong></span> <span class='ocrx_word' id='word_1_556' title='bbox 3586 4930 3743 4977; x_wconf 90' lang='lat' dir='ltr'><strong>cum</strong></span> <span class='ocrx_word' id='word_1_557' title='bbox 3778 4910 4011 5001; x_wconf 89' lang='lat' dir='ltr'><strong>serpit,</strong></span> <span class='ocrx_word' id='word_1_558' title='bbox 4062 4906 4382 4999; x_wconf 90' lang='lat' dir='ltr'><strong>impingit</strong></span> 
     </span>
     <span class='ocr_line' id='line_1_92' title="bbox 2839 5012 4376 5084; baseline -0.001 0"><span class='ocrx_word' id='word_1_559' title='bbox 2839 5015 3124 5084; x_wconf 83' lang='lat' dir='ltr'><strong>enimse</strong></span> <span class='ocrx_word' id='word_1_560' title='bbox 3162 5013 3246 5083; x_wconf 89' lang='lat' dir='ltr'><strong>de</strong></span> <span class='ocrx_word' id='word_1_561' title='bbox 3273 5012 3482 5083; x_wconf 90' lang='lat' dir='ltr'><strong>latere</strong></span> <span class='ocrx_word' id='word_1_562' title='bbox 3512 5013 3808 5084; x_wconf 88' lang='lat' dir='ltr'><strong>inlatus.</strong></span> <span class='ocrx_word' id='word_1_563' title='bbox 3839 5013 4186 5084; x_wconf 87' lang='lat' dir='ltr'><strong>Animalia</strong></span> <span class='ocrx_word' id='word_1_564' title='bbox 4211 5035 4376 5083; x_wconf 90' lang='lat' dir='ltr'><strong>vero</strong></span> 
     </span>
     <span class='ocr_line' id='line_1_93' title="bbox 2838 5121 4382 5214; baseline -0.001 -23"><span class='ocrx_word' id='word_1_565' title='bbox 2838 5146 2977 5192; x_wconf 91' lang='lat' dir='ltr'><strong>non</strong></span> <span class='ocrx_word' id='word_1_566' title='bbox 3023 5121 3346 5191; x_wconf 87' lang='lat' dir='ltr'><strong>habentia</strong></span> <span class='ocrx_word' id='word_1_567' title='bbox 3398 5124 3805 5214; x_wconf 85' lang='lat' dir='ltr'><strong>sanguinem</strong></span> <span class='ocrx_word' id='word_1_568' title='bbox 3870 5124 4015 5193; x_wconf 86' lang='lat' dir='ltr'><strong>sive</strong></span> <span class='ocrx_word' id='word_1_569' title='bbox 4071 5121 4382 5191; x_wconf 90' lang='lat' dir='ltr'><strong>volatilia</strong></span> 
     </span>
    </p>
   </div>
   <div class='ocr_carea' id='block_1_8' title="bbox 2806 5229 4382 5322">
    <p class='ocr_par' dir='ltr' id='par_1_11' title="bbox 2806 5229 4382 5322">
     <span class='ocr_line' id='line_1_94' title="bbox 2806 5229 4382 5322; baseline -0.001 -22"><span class='ocrx_word' id='word_1_570' title='bbox 2806 5232 2982 5300; x_wconf 76' lang='lat' dir='ltr'><strong>sive</strong></span> <span class='ocrx_word' id='word_1_571' title='bbox 3046 5229 3425 5322; x_wconf 87' lang='lat' dir='ltr'><strong>gressibilia</strong></span> <span class='ocrx_word' id='word_1_572' title='bbox 3490 5231 3872 5313; x_wconf 85' lang='lat' dir='ltr'><strong>existentia,</strong></span> <span class='ocrx_word' id='word_1_573' title='bbox 3932 5230 4167 5299; x_wconf 88' lang='lat' dir='ltr'><strong>multis</strong></span> <span class='ocrx_word' id='word_1_574' title='bbox 4221 5251 4382 5299; x_wconf 91' lang='lat' dir='ltr'><strong>mo-</strong></span> 
     </span>
    </p>
   </div>
   <div class='ocr_carea' id='block_1_9' title="bbox 2836 5337 4377 5627">
    <p class='ocr_par' dir='ltr' id='par_1_12' title="bbox 2836 5337 4377 5627">
     <span class='ocr_line' id='line_1_95' title="bbox 2836 5337 4377 5430; baseline 0 -23"><span class='ocrx_word' id='word_1_575' title='bbox 2836 5346 3085 5407; x_wconf 86' lang='lat' dir='ltr'><strong>ventur</strong></span> <span class='ocrx_word' id='word_1_576' title='bbox 3119 5337 3430 5428; x_wconf 89' lang='lat' dir='ltr'><strong>pedibus,</strong></span> <span class='ocrx_word' id='word_1_577' title='bbox 3473 5339 3649 5407; x_wconf 90' lang='lat' dir='ltr'><strong>sicut</strong></span> <span class='ocrx_word' id='word_1_578' title='bbox 3702 5339 3957 5408; x_wconf 88' lang='lat' dir='ltr'><strong>animal</strong></span> <span class='ocrx_word' id='word_1_579' title='bbox 4013 5337 4199 5430; x_wconf 87' lang='lat' dir='ltr'><strong>quod</strong></span> <span class='ocrx_word' id='word_1_580' title='bbox 4232 5338 4377 5407; x_wconf 79' lang='lat' dir='ltr'><strong>dies</strong></span> 
     </span>
     <span class='ocr_line' id='line_1_96' title="bbox 2837 5446 4371 5540; baseline -0.001 -23"><span class='ocrx_word' id='word_1_581' title='bbox 2837 5455 3121 5517; x_wconf 86' lang='lat' dir='ltr'><strong>vocatur</strong></span> <span class='ocrx_word' id='word_1_582' title='bbox 3172 5447 3438 5526; x_wconf 86' lang='lat' dir='ltr'><strong>Latine,</strong></span> <span class='ocrx_word' id='word_1_583' title='bbox 3489 5446 3718 5518; x_wconf 82' lang='lat' dir='ltr'><strong>Graece</strong></span> <span class='ocrx_word' id='word_1_584' title='bbox 3772 5456 4005 5518; x_wconf 91' lang='lat' dir='ltr'><strong>autem</strong></span> <span class='ocrx_word' id='word_1_585' title='bbox 4072 5449 4294 5540; x_wconf 74' lang='lat' dir='ltr'><strong>qirqis</strong></span> <span class='ocrx_word' id='word_1_586' title='bbox 4353 5469 4371 5515; x_wconf 75' lang='grc' dir='ltr'><strong><em>ε</em></strong></span> 
     </span>
     <span class='ocr_line' id='line_1_97' title="bbox 2836 5555 4374 5627; baseline -0.001 -2"><span class='ocrx_word' id='word_1_587' title='bbox 2836 5555 3008 5625; x_wconf 91' lang='lat' dir='ltr'><strong>illud</strong></span> <span class='ocrx_word' id='word_1_588' title='bbox 3054 5556 3237 5624; x_wconf 88' lang='lat' dir='ltr'><strong>enim</strong></span> <span class='ocrx_word' id='word_1_589' title='bbox 3284 5556 3496 5624; x_wconf 86' lang='lat' dir='ltr'><strong>utitur</strong></span> <span class='ocrx_word' id='word_1_590' title='bbox 3554 5555 3624 5624; x_wconf 89' lang='lat' dir='ltr'><strong>in</strong></span> <span class='ocrx_word' id='word_1_591' title='bbox 3676 5564 3872 5626; x_wconf 88' lang='lat' dir='ltr'><strong>motu</strong></span> <span class='ocrx_word' id='word_1_592' title='bbox 3924 5579 4050 5627; x_wconf 90' lang='lat' dir='ltr'><strong>suo</strong></span> <span class='ocrx_word' id='word_1_593' title='bbox 4110 5555 4374 5625; x_wconf 84' lang='lat' dir='ltr'><strong>duabus</strong></span> 
     </span>
    </p>
   </div>
   <div class='ocr_carea' id='block_1_10' title="bbox 2838 5662 4377 5860">
    <p class='ocr_par' dir='ltr' id='par_1_13' title="bbox 2838 5662 4377 5860">
     <span class='ocr_line' id='line_1_98' title="bbox 2838 5662 4377 5756; baseline 0 -23"><span class='ocrx_word' id='word_1_594' title='bbox 2838 5664 2964 5733; x_wconf 87' lang='lat' dir='ltr'><strong>alis</strong></span> <span class='ocrx_word' id='word_1_595' title='bbox 3000 5672 3068 5733; x_wconf 92' lang='lat' dir='ltr'><strong>et</strong></span> <span class='ocrx_word' id='word_1_596' title='bbox 3095 5671 3390 5756; x_wconf 84' lang='lat' dir='ltr'><strong>quatuor</strong></span> <span class='ocrx_word' id='word_1_597' title='bbox 3422 5662 3709 5752; x_wconf 83' lang='lat' dir='ltr'><strong>pedibus</strong></span> <span class='ocrx_word' id='word_1_598' title='bbox 3739 5686 3756 5733; x_wconf 77' lang='grc' dir='ltr'><strong><em>ε</em></strong></span> <span class='ocrx_word' id='word_1_599' title='bbox 3799 5664 3943 5733; x_wconf 79' lang='lat' dir='ltr'><strong>dies</strong></span> <span class='ocrx_word' id='word_1_600' title='bbox 3981 5671 4213 5734; x_wconf 81' lang='lat' dir='ltr'><strong>autem</strong></span> <span class='ocrx_word' id='word_1_601' title='bbox 4255 5687 4377 5734; x_wconf 89' lang='lat' dir='ltr'><strong>vo-</strong></span> 
     </span>
     <span class='ocr_line' id='line_1_99' title="bbox 2838 5765 4373 5860; baseline -0.001 -23"><span class='ocrx_word' id='word_1_602' title='bbox 2838 5775 3053 5851; x_wconf 87' lang='lat' dir='ltr'><strong>catur,</strong></span> <span class='ocrx_word' id='word_1_603' title='bbox 3102 5788 3184 5837; x_wconf 91' lang='lat' dir='ltr'><strong>eo</strong></span> <span class='ocrx_word' id='word_1_604' title='bbox 3233 5765 3417 5857; x_wconf 85' lang='lat' dir='ltr'><strong>quod</strong></span> <span class='ocrx_word' id='word_1_605' title='bbox 3452 5768 3695 5837; x_wconf 88' lang='lat' dir='ltr'><strong>eodem</strong></span> <span class='ocrx_word' id='word_1_606' title='bbox 3743 5766 3855 5837; x_wconf 88' lang='lat' dir='ltr'><strong>die</strong></span> <span class='ocrx_word' id='word_1_607' title='bbox 3891 5769 4204 5857; x_wconf 89' lang='lat' dir='ltr'><strong>moritur,</strong></span> <span class='ocrx_word' id='word_1_608' title='bbox 4235 5789 4373 5860; x_wconf 84' lang='lat' dir='ltr'><strong>quo</strong></span> 
     </span>
    </p>
   </div>
  </div>
 </body>
</html>
