4919 6371
605 410 734 478 498

606 599 690 643 ex
728 595 852 641 usu
883 572 1098 637 coitus
1131 568 1199 633 in
1240 565 1355 632 illo
1397 573 1705 654 tempore
1761 567 2156 651 torpescunt

608 692 671 750 et
692 685 1108 747 marcescunt
1130 682 1195 740 et
1217 671 1540 741 deliciunt
1559 693 1847 761 corpora
1876 688 2115 735 eorum
2134 689 2148 732 :

610 787 797 876 cujus
826 804 1027 851 causa
1089 780 1389 871 profecto
1422 788 1545 856 est,
1590 778 1752 868 quia
1781 774 1877 840 illi
1899 776 1968 839 in
1991 795 2157 861 quo·

612 916 758 959 rum
825 890 1217 980 corporibus
1278 886 1510 955 multae
1555 891 1715 950 sunt
1770 891 1836 947 et
1902 900 2155 969 grossae

613 995 1067 1072 humiditates,
1110 1017 1194 1062 ex
1251 995 1414 1082 ipsis
1480 986 1736 1055 eisdem
1791 981 2158 1073 impeditur

614 1102 794 1171 calor
883 1123 1137 1192 augens
1202 1118 1475 1186 corpuS‚
1551 1114 1690 1159 non
1755 1099 1999 1180 potens
2049 1089 2160 1176 ip-

609 1235 757 1279 sum
805 1212 1069 1277 vincere
1133 1215 1197 1273 et
1242 1202 1657 1270 dissolvere:
1692 1208 1759 1266 et
1804 1220 1959 1265 cum
2019 1195 2158 1261 exit

608 1320 675 1385 in
706 1327 894 1408 parte
914 1338 1035 1406 per
1064 1310 1619 1379 confricationem
1654 1307 1901 1380 coituS,
1938 1325 2019 1369 ex
2053 1324 2165 1367 re-

606 1430 919 1491 manente
958 1417 1200 1486 melius
1240 1423 1530 1506 augetur
1564 1421 1633 1482 et
1670 1413 1968 1480 nutritur
2004 1430 2161 1475 cor-

609 1552 759 1620 pus,
829 1537 971 1594 tam
1000 1526 1069 1592 in
1136 1523 1442 1591 maribus
1481 1543 1685 1612 quam
1726 1520 1798 1586 in
1833 1514 2152 1584 foeminis.

607 1639 684 1705 ln
723 1636 827 1704 his
884 1643 1110 1702 autern
1169 1655 1323 1723 quae
1387 1651 1676 1720 paucam
1716 1635 1784 1695 et
1838 1622 2159 1693 subtilem

609 1744 857 1812 habent
895 1741 1396 1819 humiditatem,
1430 1735 1674 1804 accidit
1701 1731 2153 1801 contrarium:

613 1852 931 1945 quoniam
971 1846 1241 1938 quando
1280 1867 1405 1935 per
1440 1844 1697 1912 coitum
1741 1839 1857 1908 illa
1887 1837 2162 1907 subtra-

615 1959 818 2036 hitur,
840 1955 1223 2023 destuititur
1236 1960 1300 2020 et
1322 1951 1677 2018 marcescit
1692 1968 1963 2037 corpus.
1990 1943 2164 2023 Qui-

615 2065 770 2133 dam
809 2072 1033 2131 tamen
1092 2068 1275 2143 sunt,
1315 2059 1655 2149 praecipue
1694 2077 1942 2136 mares,
2005 2053 2163 2142 qui-

614 2170 741 2238 bus
780 2177 1052 2260 propter
1104 2165 1402 2234 calorem
1469 2172 1538 2232 et
1590 2161 1960 2230 siccitatem
2021 2181 2161 2226 non

620 2278 857 2345 accidit
894 2274 1365 2366 spermatizare
1426 2271 1498 2337 in
1529 2269 1647 2338 illo
1714 2277 2063 2357 tempore:
2097 2275 2164 2333 et

620 2388 687 2453 in
751 2406 1074 2475 processu
1112 2381 1330 2449 aetatis
1368 2377 1585 2446 virilis
1650 2375 1924 2468 quando
1974 2382 2167 2464 tepe-

615 2493 736 2560 scit
780 2491 986 2570 calor,
1043 2499 1110 2558 et
1164 2489 1596 2557 humectatur
1636 2484 1926 2554 humore
1965 2505 2168 2550 sene-

617 2600 814 2667 ctutis
842 2596 1248 2686 complexio,
1308 2594 1546 2684 incipit
1609 2592 1681 2658 in
1745 2591 1844 2659 eis
1898 2588 2163 2656 deside-

616 2707 789 2773 rium
825 2707 1066 2782 coitur»,
1113 2712 1177 2772 et
1210 2703 1516 2794 potentia
1553 2699 1820 2766 fervens
1841 2695 2157 2765 coeundi.

615 2816 726 2883 Est
767 2822 993 2880 autem
1028 2813 1095 2878 in
1135 2808 1546 2901 quibusdam
1592 2806 1890 2875 foeminis
1919 2803 2168 2871 simili-

615 2931 737 2989 ter.
773 2919 855 2986 Et
875 2918 1148 3008 quidam
1178 2925 1338 2984 sunt
1369 2915 1624 3007 quibus
1672 2936 1757 2980 ex
1796 2910 2166 3003 frigiditate

617 3039 681 3096 et
710 3027 1000 3096 siccitate
1029 3022 1526 3113 complexionis
1565 3022 1636 3089 in
1685 3022 1881 3089 annis
1911 3018 2168 3110 puber-

615 3135 767 3205 tatis
796 3155 928 3201 non
962 3131 1201 3201 accidit
1252 3152 1513 3205 semen,
1575 3128 1694 3197 sed
1765 3126 1901 3195 illis
1957 3149 2167 3194 num-

616 3264 817 3333 quam
856 3239 1093 3307 redibit
1123 3237 1428 3329 potentia
1480 3234 1771 3303 coeundi
1831 3236 1900 3301 in
1939 3233 2168 3323 aliqua

616 3354 833 3425 oetate,
865 3345 978 3414 sed
1007 3345 1232 3436 potius
1261 3365 1346 3409 ex
1375 3340 1741 3432 frigiditate
1762 3340 2168 3431 impotentes

615 3463 811 3523 erunt
872 3453 941 3519 in
993 3461 1362 3519 aeternum:
1434 3458 1503 3517 et
1538 3450 1607 3516 in
1663 3447 1960 3516 foeminis
2016 3447 2167 3537 qui-

616 3561 896 3628 busdam
942 3567 1043 3628 est
1079 3555 1416 3636 similiter,
1486 3554 1604 3623 sed
1633 3562 1735 3622 est
1799 3553 1998 3622 valde
2055 3577 2169 3622 ra-

620 3687 795 3733 rum.

714 3770 790 3838 ln
814 3771 939 3839 ista
963 3771 1168 3838 etiam
1199 3777 1397 3839 aetate
1419 3790 1505 3836 ex
1524 3768 1707 3836 coitu
1729 3767 1877 3857 ipso
1907 3767 2168 3835 excita-

622 3888 729 3947 tur
748 3877 1149 3946 desiderium
1171 3875 1468 3968 amplius
1486 3874 1802 3952 coeundi,
1827 3874 2164 3965 praecipue

623 3987 693 4053 in
728 3984 1004 4077 puellis:
1072 3986 1147 4053 tit
1210 3984 1420 4053 etiam
1480 3983 1551 4050 in
1618 3980 1951 4061 maribus,
2032 3982 2163 4049 nisi

621 4092 1103 4172 custodiantur,
1144 4101 1212 4161 et
1258 4114 1301 4159 a
1351 4089 1650 4158 foeminis
1713 4097 2161 4179 separentur:

624 4200 945 4292 quoniam
985 4222 1069 4267 ex
1114 4198 1339 4268 calore
1371 4196 1875 4267 confricationis
1922 4204 2167 4263 exten-

621 4307 869 4375 duntur
901 4308 1052 4385 viae,
1086 4314 1154 4373 et
1192 4305 1580 4375 efficiuntur
1605 4302 1902 4393 ampliae,
1937 4311 2003 4371 et
2034 4304 2169 4370 im-

618 4413 886 4503 plentur
939 4411 1267 4482 humore:
1312 4419 1380 4481 et
1435 4396 2165 4480 etiam'rememoratio

620 4522 835 4591 coitus
872 4522 1115 4591 excitat
1155 4530 1318 4590 tunc
1389 4521 1795 4611 appetitum,
1837 4519 2165 4609 quoniam

620 4627 925 4697 accidens
970 4630 1213 4696 animae
1278 4627 1575 4695 multum
1631 4628 1852 4695 variat
1888 4648 2161 4717 corpus,

620 4737 792 4804 sicut
820 4736 887 4803 in
918 4735 1066 4804 aliis
1087 4734 1278 4803 libris
1298 4732 1600 4827 physicis
1636 4732 2164 4803 determinatum

622 4852 742 4912 est.
777 4842 1196 4924 Quibusdam
1233 4850 1469 4911 tamen
1512 4840 1756 4909 accidit
1784 4863 2164 4933 numquam

619 4951 827 5043 pollui
868 4952 936 5020 in
963 4953 1221 5020 somnis
1247 4949 1356 5019 vel
1379 4950 1684 5019 emittere
1722 4971 1996 5040 sperma
2023 4953 2171 5019 eoi-

617 5067 725 5128 tus
762 5067 1035 5150 propter
1062 5058 1583 5150 dispositionem
1631 5056 1934 5148 aliquam
1972 5081 2170 5128 com-

616 5163 971 5254 plexionis,
1065 5167 1236 5234 sieut
1278 5163 1577 5233 diximus
1606 5163 1752 5252 jam
1823 5172 1982 5233 ante
2013 5187 2029 5233 :
2101 5177 2167 5238 et

615 5267 742 5338 hoc
784 5273 1021 5341 accidit
1058 5273 1211 5364 plus
1249 5267 1651 5339 mulieribus
1725 5292 1932 5360 quam
1969 5272 2161 5353 viris,

613 5399 695 5444 eo
733 5378 913 5468 quod
950 5403 1185 5448 earum
1243 5398 1533 5470 corpora
1588 5383 1748 5444 sunt
1778 5376 2009 5446 minus
2038 5401 2170 5469 po-

614 5508 790 5557 rosa,
834 5495 898 5554 et
936 5510 1071 5556 non
1102 5488 1481 5579 ingreditur
1517 5508 1602 5554 ex
1630 5484 1731 5553 eis
1763 5506 2003 5553 semen
2034 5488 2170 5555 coi-

611 5604 745 5674 tus,
789 5595 916 5663 nisi
955 5620 1077 5687 per
1112 5596 1393 5686 longam
1452 5594 2016 5665 confricationem
2052 5619 2069 5665 :
2103 5605 2169 5665 et

614 5702 763 5774 ideo
800 5705 1069 5797 quando
1097 5706 1341 5797 puellae
1369 5713 1568 5774 castoe
1587 5712 1748 5773 sunt
1767 5711 1837 5772 et
1854 5711 2170 5775 avertunt

1597 389 1679 460 D.
1732 389 1933 459 ΑΕΒ.
1986 388 2204 459 MAG.
2258 388 2466 457 om).
2518 388 2816 457 PRAED.

2265 561 2599 636 animum,
2669 564 2850 624 stant
2920 579 3136 647 usque
3199 555 3283 623 ad
3340 554 3816 645 antiquitatem

2266 667 2605 743 ultimam,
2632 663 2820 756 quod
2838 687 3215 754 numquam
3237 664 3662 754 polluuntur,
3708 685 3823 730 ne-

2268 798 2397 865 que
2458 774 2896 865 experiuntur
2959 775 3176 840 coitus
3242 772 3812 841 delectationem:

2268 891 2333 951 et
2372 882 2503 951 hoc
2543 884 2619 951 tit
2649 885 2854 950 etiam
2903 885 2970 949 in
3004 882 3332 958 maribuS,
3366 881 3483 948 sed
3515 903 3813 971 perraro.

2269 991 2593 1070 Quaedam
2643 1001 2871 1060 autem
2910 989 3114 1057 habet
3179 988 3309 1057 hoc
3371 989 3489 1057 sed
3528 1013 3612 1058 ex
3649 991 3817 1057 vitio

2268 1100 2781 1191 complexioniS,
2825 1099 2999 1167 sicut
3035 1106 3190 1164 ante
3220 1097 3542 1175 diximus,
3587 1105 3657 1163 et
3687 1095 3819 1164 illae

2266 1229 2406 1274 non
2454 1216 2809 1297 generant.

2358 1313 2435 1380 In
2478 1317 2606 1382 isto
2639 1314 2843 1381 etiam
2881 1322 3188 1402 tempore
3257 1317 3610 1378 mutantur
3638 1310 3824 1377 mul-

2269 1428 2413 1486 tum
2446 1421 2804 1512 qualitates
2834 1442 3225 1510 corporum,
3271 1420 3362 1485 ita
3411 1418 3591 1508 quod
3625 1440 3824 1508 quae-

2269 1528 2426 1596 dam
2465 1553 2772 1621 personae
2811 1538 3162 1607 sanantur,
3196 1537 3262 1595 et
3293 1526 3608 1618 quaedam
3641 1525 3827 1592 infir-

2269 1645 2544 1705 mantur
2579 1646 2720 1705 tam
2755 1639 2822 1704 in
2879 1636 3183 1704 maribus
3223 1657 3429 1724 quam
3475 1634 3544 1700 in
3598 1633 3829 1700 foemi-

2269 1744 2414 1810 nis:
2451 1745 2777 1834 quoniam
2813 1741 3180 1833 aliquando
3222 1741 3289 1806 in
3336 1738 3467 1806 isto
3515 1746 3825 1827 tempore

2268 1847 2567 1915 aufertur
2629 1847 2969 1938 epileptia,
3013 1843 3287 1936 quando
3335 1842 3651 1911 videlicet
3687 1841 3825 1910 hu-

2270 1979 2421 2025 mor
2486 1958 2706 2026 malus
2754 1965 2819 2026 et
2875 1955 3260 2047 superfluus
3316 1952 3622 2033 distillat,
3704 1952 3823 2042 qui

2266 2067 2456 2156 prius
2486 2065 2809 2134 fumando
2875 2062 3223 2155 oppilabat
3248 2061 3320 2128 in
3358 2059 3636 2129 cerebro
3667 2061 3819 2127 vias

2272 2183 2497 2242 motus
2523 2185 2588 2243 et
2625 2196 2887 2242 sensus.
2947 2168 3333 2261 Aliquando
3374 2167 3579 2236 etiam
3614 2189 3824 2236 sana-

2271 2289 2380 2348 tur
2406 2304 2650 2372 corpus
2696 2280 2827 2348 alia
2868 2280 3180 2355 sanitate,
3224 2274 3497 2367 quaudo
3561 2273 3828 2342 subdu-

2270 2391 2445 2457 citur
2479 2389 2731 2458 humor
2768 2388 2990 2456 malus
3018 2385 3425 2477 superfluus,
3472 2383 3589 2473 qui
3651 2383 3832 2449 sani-

2270 2507 2481 2567 tatem
2520 2496 2897 2588 impedivit.
2948 2491 3339 2584 Aliquando
3378 2498 3607 2558 autem
3648 2490 3827 2557 inci-

2272 2607 2369 2696 pit
2395 2605 2720 2673 inssrmari
2753 2611 3028 2694 propter
3052 2599 3320 2668 subtilis
3357 2604 3423 2666 et
3463 2595 3829 2665 necessarii

2274 2711 2536 2780 humidi
2567 2710 3004 2779 ablationem.

2363 2819 2447 2887 Et
2500 2816 2812 2885 similiter
2881 2821 3234 2882 mutantur
3299 2809 3666 2900 aliquando
3741 2809 3825 2877 ad

2274 2927 2605 3015 majorem
2646 2931 2763 2992 aut
2800 2924 3137 2990 minorem
3195 2919 3678 2986 carnositatem
3709 2924 3829 2983 aut

2273 3032 2358 3099 ad
2388 3032 2761 3099 bonitatem
2787 3029 3142 3110 crementi,
3194 3033 3311 3093 aut
3341 3022 3429 3092 ad
3465 3021 3823 3101 malitiam,

2273 3147 2339 3206 et
2395 3136 2830 3229 aliquandoa
2901 3134 3118 3202 macie
3158 3130 3244 3200 ad
3309 3128 3828 3222 pinguedinem,

2274 3253 2461 3313 aute
2498 3264 2873 3312 converso:
2919 3261 3217 3332 quorum
3266 3236 3581 3305 omnium
3628 3257 3834 3304 causa

2270 3360 2456 3443 patet
2484 3373 2568 3419 ex
2593 3348 2950 3442 praedictis.
3015 3346 3100 3414 Et
3163 3344 3312 3413 haec
3383 3344 3616 3411 omnia
3656 3341 3837 3410 fiunt

2272 3469 2635 3552 postquam
2698 3455 3132 3551 pervenerint
3168 3453 3252 3521 ad
3283 3450 3632 3520 somnium
3678 3448 3837 3540 pol-

2271 3565 2492 3645 luens,
2523 3563 2632 3635 vel
2672 3563 2754 3632 ad
2780 3584 2978 3630 usum
3018 3561 3263 3629 coitus.
3299 3557 3384 3625 Et
3411 3554 3824 3648 quibusdam

2273 3671 2588 3741 accidunt
2632 3670 2864 3739 omnia
2890 3665 3139 3736 borum
3171 3666 3535 3734 contraria.
3569 3661 3653 3730 Et
3674 3662 3825 3730 istae

2273 3781 2527 3849 easdem
2582 3780 2996 3848 mutationes
3061 3774 3373 3844 accidunt
3422 3774 3494 3841 in
3533 3770 3829 3863 virgini-

2272 3889 2440 3957 bus:
2511 3887 2836 3980 quoniam
2930 3884 3175 3975 aliquae
3240 3878 3568 3973 quamdiu
3667 3887 3826 3946 sunt

2270 3993 2512 4084 puellae
2541 3993 2866 4085 virgines,
2909 3999 2973 4059 et
3025 3987 3389 4057 habuerint
3414 3988 3486 4055 in
3539 4005 3825 4075 corpore

2271 4101 2520 4170 multas
2548 4099 3074 4192 superfluitates,
3134 4095 3456 4164 emittunt
3522 4095 3671 4183 ipsa
3697 4113 3822 4182 per

2269 4209 2718 4300 pollutionem
2777 4207 2846 4273 in
2910 4226 3154 4274 somno
3244 4201 3354 4269 vel
3417 4222 3540 4291 per
3566 4198 3825 4267 coitum

2271 4316 2543 4395 factam,
2622 4322 2688 4383 et
2760 4313 3077 4383 emittunt
3167 4310 3376 4379 etiam
3462 4314 3820 4376 menstru-

2270 4445 2388 4490 um
2445 4444 2462 4489 :
2519 4429 2587 4490 et
2630 4428 2795 4489 tunc
2845 4416 3154 4510 purgatis
3206 4412 3610 4505 corporibus
3665 4409 3825 4480 em-

2269 4528 2541 4596 ciuntur
2567 4534 2731 4595 tune
2758 4524 3038 4615 majoris
3057 4520 3395 4602 sanitatis,
3425 4526 3493 4587 et
3513 4515 3814 4586 melioris

2270 4636 2644 4728 augmenti,
2685 4641 2959 4725 propter
3007 4632 3267 4700 exitum
3331 4624 3821 4718 superfluitatis

2271 4766 2420 4834 quoe
2432 4741 2836 4835 prohibebat
2847 4740 3207 4809 sanitatem
3220 4745 3283 4806 et
3300 4738 3792 4804 incrementum
3804 4783 3820 4799 .

2270 4849 2695 4931 Quibusdam
2725 4856 2952 4917 autem
3017 4844 3260 4914 accidit
3289 4851 3508 4912 totum
3547 4846 3826 4908 contra-

2271 4958 2492 5027 rium:
2537 4955 2863 5049 quoniam
2928 4959 3083 5043 post
3111 4950 3563 5042 pollutionem
3595 4944 3823 5014 somni

2270 5065 2381 5135 vel
2416 5066 2638 5134 coitus
2675 5062 3063 5132 efficiuntur
3117 5058 3485 5128 macriores
3542 5062 3611 5123 et
3638 5053 3832 5124 debi-

2271 5171 2501 5249 liores,
2543 5192 2626 5238 eo
2656 5167 2840 5260 quod
2869 5176 3031 5238 tunc
3078 5167 3155 5236 fit
3193 5166 3419 5235 exitus
3454 5159 3824 5254 superflui-

2271 5281 2429 5350 tatis
2488 5277 2669 5346 illius
2722 5298 2874 5369 quae
2920 5284 3022 5345 est
3084 5273 3269 5342 bona
3324 5278 3391 5339 et
3449 5267 3827 5338 necessaria
3887 5282 3896 5288 “

2272 5386 2566 5478 corpori,
2609 5385 2780 5453 sicut
2812 5384 2924 5453 illa
2964 5405 3116 5475 quae
3171 5377 3497 5449 remansit
3536 5376 3606 5444 in
3664 5397 3826 5444 cor-

2272 5516 2459 5584 pore.
2505 5491 2831 5573 Quaedam
2863 5501 3093 5560 autem
3124 5490 3408 5557 istarum
3446 5481 3833 5553 humidita-

2270 5607 2419 5668 tum
2471 5607 2722 5668 exeunt
2783 5620 2939 5667 cum
3005 5603 3371 5688 spermate,
3402 5601 3473 5663 et
3507 5590 3826 5683 quaedam

2271 5732 2427 5779 cum
2468 5713 2843 5778 menstruo.
