4919 6371
2015 487 2183 554 LIB.
2240 484 2372 553 Xll
2420 485 2539 553 DE
2585 485 3169 562 ANIMALIBUS,
3221 483 3537 551 TRACT.
3587 481 3617 548 I

1232 685 1369 729 non
1428 669 1649 752 potest
1690 682 1809 726 sua
1851 657 2215 747 frigiditate
2248 666 2621 748 temperare
2651 659 2786 724 hu-

1231 768 1608 833 miditatem
1646 764 1900 831 cerebri
1962 771 2028 830 et
2056 763 2345 854 hepatis,
2405 789 2560 834 cum
2612 789 2788 833 ccre-

1230 871 1429 937 brum
1480 893 1618 937 non
1663 870 1952 937 multum
2009 880 2106 938 est
2149 872 2454 941 siccum:
2517 872 2634 940 sed
2673 895 2789 938 cor

1230 987 1702 1066 comparatum
1734 978 1882 1046 aliis
1922 989 2023 1047 est
2051 982 2408 1059 siccum‚et
2435 981 2787 1049 cerebrum

1233 1090 1704 1174 comparatum
1736 1087 1884 1154 aliis
1915 1096 2017 1155 est
2044 1087 2429 1156 humidum.

1322 1195 1563 1265 Modus
1596 1206 1822 1266 tamen
1903 1199 2025 1267 iste
2083 1198 2581 1289 complexionis
2633 1198 2790 1265 stri-

1233 1304 1404 1372 ctior
1433 1313 1534 1373 est
1572 1329 1778 1397 quam
1803 1307 2045 1375 modus
2068 1308 2329 1396 primus
2357 1328 2372 1373 ε
2418 1315 2645 1374 tamen
2677 1306 2790 1374 ha·

1232 1412 1348 1481 bct
1387 1415 1853 1483 diversitatem
1896 1415 2309 1482 latitudinis:
2364 1415 2484 1483 sed
2530 1415 2665 1484 baec
2692 1416 2791 1484 la·

1235 1522 1455 1590 titudo
1482 1530 1584 1590 est
1604 1522 1978 1590 secundum
2008 1523 2321 1612 regiones
2351 1531 2418 1590 et
2446 1522 2793 1591 climatum

1234 1628 1658 1712 latitudineS,
1720 1637 1784 1695 et
1861 1628 2197 1719 praecipue
2281 1630 2354 1697 in
2410 1631 2791 1699 climatibus

1236 1735 1485 1802 multas
1513 1743 1578 1802 et
1599 1735 2390 1805 contrariasbabentibus
2404 1739 2787 1829 qualitates,

1238 1845 1412 1911 sicut
1441 1843 1642 1911 clima
1675 1844 2046 1913 secundum
2078 1854 2142 1913 et
2159 1847 2553 1936 septimum.
2589 1847 2791 1914 Indus

1239 1953 1423 2018 enim
1482 1951 1741 2020 habens
1818 1953 2100 2021 omnino
2143 1954 2438 2023 mediam
2472 1965 2538 2023 et
2564 1979 2794 2046 aequa-

1237 2056 1377 2124 lem
1425 2058 1971 2147 complexionem
2009 2081 2149 2126 suae
2179 2058 2583 2130 habitationi
2624 2085 2793 2130 con-

1239 2170 1633 2250 gruentem,
1660 2185 1796 2228 non
1821 2162 1988 2229 bene
2014 2164 2272 2231 viveret
2304 2167 2370 2231 in
2391 2166 2660 2258 Anglia,
2684 2167 2790 2234 vel

1246 2268 1500 2348 Scotia‚
1545 2270 1651 2338 vel
1686 2271 1912 2339 Dacia.
1944 2273 2164 2340 Dacus
2205 2284 2434 2342 autem
2455 2279 2792 2368 attingens

1245 2379 1507 2469 aequale
1538 2382 2031 2471 complexionis
2061 2407 2201 2452 suae
2231 2384 2626 2472 habitionis,
2660 2390 2791 2456 cito

1246 2492 1626 2551 moreretur
1666 2484 1732 2551 in
1763 2484 1978 2565 ludia,
2013 2488 2121 2555 vel
2153 2488 2553 2581 AEthiopia:
2596 2500 2661 2560 et
2699 2496 2794 2562 sic

1245 2598 1344 2657 est
1374 2589 1455 2658 de
1496 2591 1644 2658 aliis
1675 2592 2026 2661 climatum
2058 2594 2479 2666 differentiis,
2514 2599 2598 2668 Et
2626 2602 2795 2669 sicut

1247 2698 1313 2762 in
1344 2696 1517 2764 libro
1560 2699 1640 2765 de
1698 2703 1970 2769 Nalm-a
2015 2702 2318 2771 locorum
2384 2706 2637 2775 dictum
2669 2699 2789 2786 est,

1245 2805 1596 2894 quodlibet
1633 2806 1832 2875 clima
1874 2807 2076 2878 babet
2106 2810 2532 2882 latitudinem
2566 2824 2626 2882 ct
2651 2840 2797 2884 me-

1245 2912 1433 2978 dium
1503 2939 1622 3004 per
1683 2918 2252 3007 wquidistantiam
2357 2924 2528 2991 inter
2627 2926 2795 2994 duos

1247 3022 1615 3088 terminos:
1662 3033 1723 3092 et
1756 3036 1851 3092 est
1886 3028 2145 3118 :equale
2186 3031 2369 3120 quod
2408 3041 2511 3101 cst
2551 3058 2795 3102 sccun-

1245 3127 1408 3196 dmn
1442 3133 1988 3223 complexionem
2043 3137 2343 3207 medium
2402 3142 2577 3211 inter
2627 3142 2796 3211 duos

1246 3239 1598 3317 terminos,
1656 3252 1722 3311 et
1791 3243 1919 3311 lioc
1976 3255 2076 3313 est
2142 3247 2488 3339 quoddam
2543 3253 2796 3343 aequale

1245 3348 1916 3436 s1wcialiterdictum
1964 3366 2212 3444 pra-ter
2251 3382 2455 3448 super
2492 3359 2798 3428 inductos

1248 3455 1515 3522 modus·

1337 3565 1581 3634 Adbuc
1621 3577 1850 3637 autem
1892 3581 2142 3661 praeter
2180 3573 2396 3644 dictos
2434 3578 2674 3646 modos
2702 3587 2802 3647 est

1248 3674 1634 3764 cuniplexio
1708 3681 1988 3769 aequalis
2021 3703 2174 3772 quae
2224 3682 2507 3753 debetur
2568 3689 2803 3777 singu-

1252 3777 1371 3846 lari
1418 3780 1570 3848 lmie
1610 3787 1983 3854 secundum
2025 3811 2231 3879 quam
2285 3801 2508 3882 potest
2544 3796 2794 3873 vivere,

1250 3912 1286 3954 a
1319 3913 1455 3979 qua
1486 3894 1539 3957 si
1570 3904 1893 3973 nintatur,
1919 3896 2208 3965 eflicitur
2235 3901 2619 3992 complexio
2643 3907 2802 3971 ina·-

1252 3995 1472 4085 qualis
1507 4021 1522 4065 :
1566 4008 1630 4065 et
1663 4000 1803 4069 baec
1833 4005 2036 4070 etiam
2069 4003 2272 4074 babet
2311 4006 2608 4099 aliquam
2648 4009 2804 4077 lati-

1252 4104 1558 4173 tudinem
1581 4115 1649 4174 et
1670 4108 1840 4176 duos
1880 4114 2249 4180 terminos:
2285 4123 2350 4183 et
2384 4117 2678 4184 medium
2701 4130 2803 4187 est

1251 4213 1513 4302 {equale
1572 4217 1945 4285 secundum
2014 4221 2193 4311 quod
2262 4223 2400 4290 vita
2458 4225 2603 4313 ejus
2674 4226 2798 4293 sibi

1250 4322 1525 4410 propria
1575 4334 1669 4390 est
1741 4327 2039 4415 optima:
2108 4352 2144 4395 a
2188 4351 2319 4420 qua
2360 4331 2415 4397 si
2455 4331 2653 4401 distat
2689 4357 2805 4424 pa-

1256 4450 1433 4507 rmn,
1469 4439 1567 4497 est
1608 4430 1810 4514 bona,
1870 4457 2006 4501 non
2075 4438 2378 4526 optima:
2412 4447 2479 4506 et
2539 4447 2800 4509 tantum

1253 4535 1501 4603 distare
1563 4546 1807 4627 potest,
1889 4541 2072 4631 quod
2146 4546 2272 4611 erit
2342 4545 2690 4638 inaequalis
2735 4557 2798 4617 et

1253 4642 1457 4710 mala.

1343 4748 1583 4819 Adbuc
1616 4764 1844 4823 autem
1878 4757 2122 4825 modus
2169 4761 2480 4849 specialis
2524 4766 2805 4855 aequali-

1256 4856 1410 4922 tatis
1446 4867 1545 4925 est
1584 4863 1958 4931 secundum
1990 4889 2195 4956 quem
2218 4867 2565 4957 quodlibet
2596 4893 2805 4939 mem·

1258 4964 1457 5033 brum
1514 4979 1611 5036 est
1682 4971 1748 5037 in
1814 4972 2258 5065 dispositione
2303 4977 2372 5044 in
2440 5001 2574 5069 qua
2611 4980 2805 5049 debet

1263 5096 1434 5154 esse,
1477 5076 1650 5144 sient
1681 5102 1758 5145 os
1788 5079 2067 5161 siccum,
2102 5092 2167 5150 et
2203 5084 2557 5152 cerebrum
2586 5085 2807 5154 humi-

1265 5181 1455 5264 dum,
1489 5194 1553 5253 et
1584 5211 1702 5255 cor
1740 5188 2125 5270 humidum,
2160 5200 2226 5260 et
2267 5193 2365 5262 sic
2384 5193 2468 5262 de
2509 5194 2658 5264 aliis
2691 5220 2707 5264 ε
2741 5207 2807 5265 et

1265 5287 1467 5359 habet
1534 5293 1956 5365 latitudinem
2022 5307 2088 5366 et
2147 5300 2477 5380 medium,
2538 5306 2805 5393 quando

1263 5399 1578 5470 videlicet
1618 5406 1998 5474 membrum
2031 5417 2132 5476 est
2164 5409 2233 5475 in
2290 5411 2550 5501 optima
2577 5412 2809 5505 dispo-

1259 5506 1504 5627 sitione
1537 5511 1604 5577 in
1637 5537 1771 5604 qua
1810 5540 1955 5583 esse
1986 5525 2230 5605 potest.
2275 5517 2564 5596 Quando
2608 5522 2811 5612 igitur

1261 5634 1571 5683 ommuni
1604 5631 1779 5690 recte
1809 5622 2241 5713 speculamur
2278 5626 2805 5717 complexioneS,

1263 5731 1366 5788 est
1411 5727 1707 5796 maxime
1760 5733 2040 5821 aequalis
2100 5728 2465 5800 hominum
2522 5735 2814 5828 comple-

1264 5830 1414 5896 xio:
1450 5842 1516 5901 et
1569 5838 1840 5926 quando
1879 5842 2239 5927 regionum
2278 5842 2810 5913 consideraveri-

4329 479 4458 544 605

2895 679 3047 722 mus
3088 652 3625 742 complexioneS,
3662 652 3787 717 erit
3811 651 4109 715 maxime
4142 646 4449 736 aequaliS,

2892 784 3039 851 quae
3072 768 3173 826 est
3198 758 3403 848 primi
3470 756 3783 830 climatiS,
3833 755 3957 820 nisi
4019 752 4191 820 forte
4247 755 4456 820 maris

2892 884 2957 943 et
2995 874 3323 965 paludum
3380 871 3834 939 Meotidarum
3868 869 4077 936 nimia
4133 869 4460 958 impediat

2890 983 3283 1052 humiditas.
3358 981 3526 1048 Post
3620 979 3796 1047 hanc
3863 986 4090 1045 autem
4154 979 4456 1044 maxima

2893 1093 3017 1160 erit
3043 1090 3396 1182 aequalitas
3427 1089 3565 1169 illa,
3613 1110 3764 1178 quae
3796 1095 3900 1154 est
3959 1085 4179 1176 quarti
4221 1084 4453 1151 clima-

2892 1203 3000 1270 tis.
3043 1199 3305 1269 Accidit
3355 1199 3538 1266 enim
3607 1198 3677 1263 in
3747 1195 4069 1263 omnibus
4128 1192 4235 1260 his
4274 1195 4457 1261 acci-

2894 1308 3122 1376 dentia
3161 1304 3625 1395 impedientia,
3670 1312 3737 1372 et
3766 1301 4069 1370 maribus
4127 1309 4194 1368 et
4251 1324 4457 1369 mon-

2894 1417 3074 1483 tibus
3141 1422 3207 1482 et
3274 1414 3425 1481 aliis
3508 1411 3994 1489 accidentibuS,
4081 1410 4456 1478 secundum

2896 1524 3080 1614 quod
3108 1525 3178 1590 in
3211 1523 3400 1590 libris
3429 1519 3581 1588 aliis
3612 1518 4243 1589 determinavimus.

2975 1633 3292 1723 Amplius
3322 1639 3579 1707 autem,
3616 1637 3692 1697 ut
3721 1637 3908 1719 patet
3936 1651 4021 1696 ex
4080 1629 4448 1719 praedietis,

2896 1742 3205 1811 membra
3233 1737 3636 1831 principalia
3677 1760 3813 1805 non
3874 1746 4036 1805 sunt
4073 1737 4457 1827 propinqua

2897 1848 2989 1914 illi
3023 1868 3173 1938 quae
3230 1842 3631 1934 simpliciter
3696 1842 3874 1909 dicta
3914 1850 4014 1909 est
4063 1850 4458 1931 temperan-

2894 1959 3029 2023 tia:
3082 1954 3199 2022 sed
3222 1955 3399 2021 inter
3427 1952 3660 2020 omnia
3700 1950 4006 2018 membra
4046 1950 4267 2040 magis
4303 1972 4459 2040 pro-

2895 2065 3148 2155 pinqua
3205 2062 3674 2152 temperantiae
3751 2066 3853 2127 est
3938 2080 4119 2142 caro,
4180 2067 4246 2126 et
4302 2065 4460 2148 post

2896 2175 3071 2242 hanc
3117 2172 3319 2253 cutis,
3349 2170 3523 2236 cutis
3554 2168 3736 2237 enim
3776 2188 3918 2233 non
3959 2166 4162 2233 sentit
4203 2174 4458 2255 tempe·

2898 2291 3040 2350 rata
3076 2288 3356 2372 propter
3399 2277 3918 2346 similitudinem
3979 2297 4184 2366 quam
4251 2273 4458 2341 habet

2898 2390 2979 2457 ad
3022 2391 3207 2480 ipsa:
3246 2396 3307 2455 et
3357 2408 3562 2453 causa
3613 2384 4079 2475 temperantia*
4128 2384 4275 2472 ejus
4326 2390 4453 2463 est,

2896 2498 3079 2591 quod
3110 2496 3489 2566 nervositas
3519 2516 3671 2585 quae
3718 2492 4107 2561 contexitur
4151 2489 4221 2556 in
4274 2498 4452 2567 cute,

2896 2614 3315 2698 temperatur
3386 2611 3664 2693 propter
3735 2600 4141 2689 sanguinem
4192 2597 4306 2688 qui
4359 2603 4461 2664 est

2898 2716 2963 2781 in
3019 2711 3448 2781 extremitate
3518 2729 3875 2775 venarum.
3933 2705 4203 2772 llictum
4276 2705 4457 2770 enim

2896 2822 3306 2913 sapientium
3337 2815 3751 2885 naturalium
3793 2822 3918 2890 est,
3975 2812 4155 2903 quod
4191 2836 4224 2876 α
4259 2811 4459 2877 simi—

2899 2933 2957 3000 le
2995 2954 3127 2999 non
3187 2929 3392 2995 sentit
3451 2924 3697 2994 simile.
3747 2948 3779 2988 n
3816 2921 4007 2989 Cutis
4045 2929 4274 2989 autem
4309 2943 4461 2986 ma·-

2898 3065 3025 3108 nus
3065 3036 3508 3127 temperatior
3563 3042 3689 3113 est,
3752 3040 3818 3099 et
3882 3029 4212 3120 a·qualior
4267 3028 4457 3095 omni

2897 3149 3026 3218 alia
3064 3145 3370 3236 corporis
3400 3150 3575 3211 cute.
3615 3140 3690 3208 ln
3722 3161 3968 3208 manus
3997 3147 4223 3206 autem
4256 3136 4461 3228 parti-

2899 3256 3024 3321 bus
3081 3250 3573 3342 temperantior
3613 3255 3680 3315 et
3727 3244 4058 3337 a=qualior
4108 3252 4235 3322 est,
4307 3266 4458 3334 quae

2900 3368 3002 3428 est
3047 3360 3117 3425 in
3166 3355 3373 3447 pulpa
3444 3352 3708 3420 indicis.
3764 3349 3886 3416 llla
3939 3371 4102 3439 ergo
4150 3356 4251 3414 est
4302 3370 4461 3438 pro-

2900 3469 3085 3558 prius
3108 3465 3321 3555 judex
3355 3465 3423 3530 in
3456 3470 3635 3530 tactu
3667 3469 3732 3530 et
3761 3457 4308 3527 discretissimus.

2988 3573 3344 3644 Dubitabit
3401 3580 3631 3641 autem
3691 3570 3977 3637 fortasse
4034 3566 4281 3659 aliquis
4326 3567 4465 3635 cir-

2900 3710 2975 3756 ca
3008 3684 3329 3777 praedicta
3367 3681 3623 3759 dicens,
3657 3677 3843 3771 quod
3890 3676 4263 3745 multarum
4303 3699 4466 3767 spe-

2902 3795 3158 3862 cierum
3201 3791 3270 3858 in
3311 3797 3551 3857 natura
3599 3785 3873 3854 videtur
3917 3807 4065 3852 esse
4112 3781 4467 3874 aequalitas

2902 3921 3081 3968 una:
3128 3896 3458 3988 quoniam
3508 3892 3738 3962 cibum
3790 3898 3853 3957 et
3904 3889 4163 3980 species
4219 3886 4470 3955 berba-

2905 4032 3052 4075 rum
3097 4015 3161 4074 et
3212 4004 3517 4072 radicum
3583 4000 3873 4068 dicimus
3911 4019 4112 4065 sanas
4149 4004 4218 4064 et
4247 4017 4475 4085 {equa-

2904 4116 3000 4183 les
3031 4114 3339 4181 lmmini:
3377 4110 3562 4202 quod
3610 4131 3751 4176 non
3792 4106 4009 4182 tieret,
4069 4103 4199 4171 nisi
4231 4102 4464 4169 bomi-

2903 4225 3009 4292 nis
3038 4222 3365 4291 baberent
3427 4217 3930 4309 aequalitatem:
3984 4212 4100 4279 sed
4151 4235 4306 4303 qua·
4340 4208 4471 4278 ba-

2904 4333 3059 4402 bent
3109 4330 3569 4422 aequalitatem
3601 4324 3928 4402 hominis,
3962 4329 4123 4389 sunt
4162 4319 4246 4388 de
4274 4341 4472 4388 com-

2902 4440 3218 4535 plexione
3286 4436 3629 4506 bominis:
3682 4443 3747 4502 et
3821 4432 3917 4499 sic
3967 4452 4125 4499 cum
4187 4426 4468 4496 immine

2910 4548 3122 4616 multa
3144 4546 3464 4614 videntur
3491 4541 3803 4610 eamdem
3825 4536 4078 4606 habere
4109 4533 4469 4626 aequalita-

2907 4665 3067 4726 tem.
3155 4653 3290 4723 Sed
3384 4650 3518 4720 hoc
3574 4649 3865 4717 solvitur
3942 4668 4065 4737 per
4115 4641 4470 4733 sophisma

2905 4760 3504 4856 aequivocationis:
3540 4757 3868 4851 quoniam
3917 4776 4073 4822 cum
4122 4749 4316 4820 cibus
4357 4749 4465 4818 vel

2907 4873 3166 4965 species
3198 4869 3332 4938 alia
3379 4868 3627 4937 dicitur
3686 4887 3852 4934 sana
3896 4871 3962 4931 et
4013 4858 4298 4952 aequalis
4336 4859 4472 4927 ho-

2908 4983 3102 5062 mini,
3155 5002 3295 5049 non
3352 4978 3504 5046 ideo
3553 4976 3683 5044 hoc
3730 4974 3977 5042 dicitur
4045 4968 4230 5062 quod
4287 4990 4475 5036 eam-

2908 5091 3063 5159 dem
3102 5113 3258 5160 cum
3352 5086 3634 5155 bomine
3691 5081 3897 5151 habet
3984 5077 4468 5171 aequalitatem,

2909 5199 3025 5266 sed
3059 5199 3210 5266 ideo
3251 5193 3438 5288 quod
3478 5191 3564 5261 ad
3587 5190 3887 5260 bominis
3936 5187 4204 5279 prolicit
4231 5206 4473 5274 aequa-

2910 5305 3170 5373 litatem
3209 5300 3587 5371 secundum
3627 5297 3945 5367 ess'ectum
4000 5314 4205 5383 quem
4264 5288 4478 5359 habet

2914 5415 2982 5482 in
3018 5434 3267 5501 copore
3296 5408 3629 5478 humano.
3676 5405 3799 5473 llis
3841 5404 4049 5493 igitur
4103 5397 4328 5467 modis
4367 5397 4477 5464 di-

2912 5522 3086 5589 citur
3102 5518 3480 5610 aequalitas

3002 5627 3168 5708 Quae
3224 5634 3456 5693 autem
3512 5624 3579 5690 in
3628 5617 4031 5713 corporibus
4069 5610 4471 5684 animalium

2916 5734 3238 5804 recedunt
3274 5732 3359 5800 ab
3421 5728 3833 5822 inqualitate,
3877 5733 3946 5798 et
3991 5723 4334 5816 praecipue
4406 5719 4477 5786 in

2915 5865 3193 5934 corpore
3247 5838 3556 5908 hominis
3614 5837 3733 5929 qui
3801 5832 4103 5903 nobilior
4166 5836 4268 5897 est
4306 5827 4485 5895 inter
