4919 6371
607 444 732 511 382

605 604 1020 674 Generaliter
1058 611 1287 669 autem
1320 623 1556 673 carnes
1604 610 1913 676 omnium
1985 634 2158 701 qua-

603 709 977 799 drupedum
1018 731 1167 800 quae
1197 719 1605 800 pascunture
1637 714 1708 780 in
1751 714 1916 782 locis
1948 740 2155 807 aquo-

603 819 716 894 εἰς,
754 826 903 883 sunt
946 817 1143 885 malae
1180 841 1194 887 ε
1239 827 1305 888 et
1344 844 1496 912 quae
1542 830 1914 913 pascuntur
1948 826 2016 889 in
2046 824 2155 890 lo-

600 925 693 991 cis
725 925 873 993 altis
904 928 1310 1008 montuosiS,
1346 937 1505 996 sunt
1559 929 1866 995 carnium
1933 929 2151 997 bona-

599 1056 749 1101 rum
793 1056 808 1101 :
854 1043 919 1103 et
964 1058 1411 1128 quaecumque
1455 1034 1712 1102 habent
1785 1037 2147 1127 anipliores

598 1151 662 1210 et
692 1143 961 1212 latiores
992 1144 1240 1213 caudas
1279 1165 1364 1210 ex
1403 1141 1673 1220 ovibuS‚
1709 1141 1951 1212 melius
2003 1170 2149 1215 sus-

597 1252 810 1319 tinent
875 1252 1087 1341 frigus
1161 1248 1431 1328 hiemis,
1531 1270 1736 1338 quam
1821 1249 2145 1322 habentes

596 1360 879 1428 caudam
934 1357 1211 1447 longam
1265 1364 1330 1424 et
1414 1356 1741 1424 strictam.
1818 1356 2145 1429 Similiter

595 1474 819 1532 autem
850 1485 1294 1554 quaecumque
1332 1462 1587 1530 habent
1622 1463 1798 1554 pilos
1861 1467 2137 1548 multOS,

594 1569 836 1639 melius
886 1572 1221 1638 sustinent
1259 1570 1588 1653 hiemem,
1622 1594 1830 1663 quam
1893 1574 2141 1644 haben·

591 1687 690 1748 tes
720 1680 945 1748 lanam
974 1705 1287 1772 paucam.

677 1788 918 1856 Adhuc
992 1797 1220 1856 autem
1290 1812 1740 1882 quaecumquc
1816 1794 2136 1862 animalia

585 1892 838 1962 habent
885 1894 1060 1985 pilos
1109 1904 1340 1964 curtos
1381 1904 1451 1964 et
1489 1897 1776 1987 crispos,
1838 1897 2132 1970 hiemem

584 2001 880 2091 graviter
905 2003 1282 2092 patiuntur,
1317 2026 1399 2072 eo
1433 2003 1620 2094 quod
1647 2003 1809 2072 talia
1839 2015 1997 2075 sunt
2027 2032 2134 2077 ca-

584 2106 720 2176 lida
748 2117 811 2175 et
842 2111 1016 2177 sicca
1045 2109 1367 2178 habentia
1395 2133 1604 2201 poros
1636 2112 1704 2178 in
1746 2112 1992 2203 quibus
2024 2116 2133 2182 sri-

584 2238 711 2306 gus
742 2215 984 2283 hiemis
1032 2217 1484 2307 profundatur
1516 2241 1531 2286 :
1571 2241 1607 2285 e
1638 2228 1872 2288 contra
1903 2231 2128 2290 autem

581 2318 898 2388 habentia
927 2321 1100 2411 pilos
1123 2321 1363 2390 molles
1390 2330 1456 2390 et
1486 2322 1738 2391 multos
1767 2332 1834 2392 et
1864 2325 2124 2415 planos,

579 2436 854 2518 propter
882 2429 1162 2497 modum
1205 2453 1348 2498 suae
1382 2430 1879 2521 complexionis
1909 2456 2130 2526 oppo-

582 2534 814 2601 situm.

665 2642 904 2712 Adhuc
957 2652 1184 2713 autem
1226 2645 1382 2714 lana
1412 2647 1648 2714 ovium
1709 2669 1875 2737 quas
1922 2649 2123 2743 lupus

579 2751 892 2829 comedit,
937 2760 1052 2819 aut
1082 2752 1397 2821 vulnerat
1449 2775 1464 2820 :
1509 2762 1576 2822 et
1621 2753 1935 2823 similiter
1972 2757 2125 2825 lana

580 2882 730 2950 quae
779 2859 1192 2927 abstrahitur
1221 2885 1258 2927 a
1307 2861 1599 2951 pellibus
1648 2862 2117 2945 coriariorum,

575 2967 690 3057 qui
744 2967 1003 3034 corium
1063 2968 1315 3036 faciunt
1373 2992 1457 3036 ex
1514 2968 1809 3059 pellibus
1857 2972 2116 3050 ovium,

573 3073 727 3141 facit
757 3074 980 3164 plures
1010 3074 1357 3166 pediculos
1389 3100 1598 3168 quam
1628 3077 1761 3145 alia
1791 3078 1966 3148 lana.

659 3180 971 3272 Amplius
1010 3191 1237 3251 autem
1277 3207 1483 3252 omne
1533 3183 1788 3253 animal
1835 3187 2120 3257 annulo·

571 3313 723 3358 sum
772 3290 1030 3360 liabens
1085 3292 1345 3374 dentes,
1407 3294 1703 3363 multum
1754 3298 2048 3367 comedit
2093 3323 2109 3367 :

567 3397 750 3489 quod
813 3408 1040 3467 autem
1099 3424 1182 3468 ex
1238 3400 1488 3471 talibus
1545 3425 1683 3470 non
1733 3402 1935 3473 habet
1986 3407 2112 3474 nisi

566 3506 897 3597 linguam,
932 3516 1197 3577 tantum
1228 3510 1494 3579 cibatur
1520 3509 1947 3582 humiditate.

649 3613 890 3682 Adbuc
949 3623 1176 3684 autem
1228 3617 1412 3709 quod
1461 3640 1547 3685 cx
1595 3618 1739 3686 istis
1790 3620 2108 3703 comedit,

565 3719 1024 3790 indifferenter
1078 3747 1164 3791 ex
1220 3724 1544 3793 omnibus
1592 3725 1859 3794 cibatur
1893 3728 2103 3797 cibis:

560 3827 730 3896 sicut
759 3853 919 3920 apes
950 3831 1259 3920 quaedam
1312 3855 1578 3926 magnoe
1618 3855 1769 3926 quoe
1811 3833 1964 3926 lupi
2003 3836 2112 3905 di-

559 3944 826 4004 cuntur.
884 3936 1207 4017 Qua-elam
1253 3949 1479 4008 autem
1528 3964 1612 4008 ex
1653 3942 1750 4009 eis
1797 3940 2110 4011 cibantur

557 4048 914 4135 sanguine,
949 4047 1116 4114 sicut
1153 4070 1387 4117 musca
1420 4051 1689 4128 canina,
1723 4058 1788 4117 et
1845 4052 2104 4120 ciconia

557 4176 706 4245 qum
747 4154 973 4222 Graecc
1023 4155 1350 4224 vambom
1397 4166 1465 4225 et
1512 4167 1803 4226 estat-om
1862 4158 2104 4229 dicun-

556 4268 685 4327 tur.
717 4258 1040 4337 Quoedam
1072 4271 1303 4329 autem
1342 4284 1429 4329 ex
1467 4264 1565 4331 eis
1597 4261 1910 4330 cibantur
1944 4287 2102 4334 suc-

553 4388 632 4433 co
671 4364 991 4433 arborum
1022 4373 1085 4435 ct
1125 4365 1540 4458 plantarum,
1576 4371 1750 4438 sicut
1785 4372 2096 4461 quaedam

553 4495 714 4563 apes
749 4495 1023 4542 crocvae.
1071 4474 1252 4545 Solae
1297 4485 1524 4547 autem
1576 4499 1739 4570 apes
1793 4499 1934 4546 non
1982 4502 2101 4549 ca-

551 4578 716 4648 dunt
746 4604 950 4673 super
986 4605 1129 4652 rem
1169 4584 1496 4665 antidana,
1543 4585 1674 4654 nisi
1703 4585 1961 4655 bonum
1995 4611 2100 4656 sa-

550 4711 783 4779 porem
814 4688 1082 4760 habeat.
1117 4691 1195 4760 ΕΙ
1227 4696 1373 4785 apis
1404 4696 1610 4763 etiam
1635 4691 1857 4787 diligit
1888 4718 2097 4789 aquas

549 4795 762 4864 claras
800 4808 1168 4869 currentes,

638 4903 770 4974 lsta
801 4906 1007 4996 igitur
1024 4932 1274 5000 genera
1307 4910 1711 4981 animalium
1744 4913 1911 4982 cibis
1929 4937 2098 5007 prae·

549 5010 744 5081 dictis
773 5021 1075 5084 utuntur.

1602 435 1686 502 D.
1738 436 1937 505 ALB.
1991 438 2205 508 MAG.

2262 439 2467 513 ORD.
2519 443 2816 512 PRAED.

2782 1463 3075 1533 CAPUT
3136 1464 3229 1532 vl
3241 1519 3253 1532 .

2243 2215 2340 2280 De
2363 2215 2739 2281 mutatione
2767 2215 3186 2282 animalium
3230 2215 3313 2282 de
3358 2216 3503 2283 loco
3545 2214 3645 2283 ad
3686 2215 3786 2284 Io-

2321 2345 2475 2389 cum
2535 2331 2817 2413 propter
2884 2324 3063 2389 aeris
3130 2324 3592 2414 inlemperimn
3664 2334 3788 2390 cml

2312 2440 2593 2520 propter
2632 2430 3105 2518 infirmitatem
3151 2429 3284 2497 loci
3324 2431 3391 2497 in
3443 2455 3578 2521 quo
3629 2455 3786 2497 ma-

2319 2562 2474 2605 nere
2510 2548 3020 2606 consueverunt.

2308 3404 2830 3474 Communicant
2860 3414 3091 3473 autem
3125 3402 3336 3472 multa
3367 3402 3772 3472 animalium

2214 3535 2464 3604 genera
2504 3514 2575 3582 in
2623 3515 2763 3581 suis
2803 3513 3316 3605 operationibus
3364 3521 3428 3582 et
3469 3514 3650 3581 coitu
3703 3520 3768 3579 ct

2214 3631 2409 3713 partu
2451 3631 2515 3692 et
2555 3622 3002 3714 acquisitione
3044 3621 3173 3690 cibi
3224 3622 3604 3691 secundum
3645 3620 3768 3687 l'ri-

2212 3755 2340 3823 gus
2369 3731 2499 3801 loci
2531 3742 2598 3801 et
2624 3730 2920 3801 calorem
2972 3741 3037 3801 et
3076 3730 3540 3799 diversitatem
3590 3739 3771 3798 tcm-

2211 3865 2483 3933 porum.
2538 3840 2786 3909 Omnia
2841 3842 3024 3908 enim
3075 3838 3330 3909 liabent
3377 3863 3654 3908 sensum
3705 3846 3772 3905 et
3848 3858 3853 3862 ·

2210 3952 2712 4043 perceptionem
2764 3946 3142 4018 naturalem
3176 3949 3259 4017 ad
3300 3948 3765 4016 diversitatem

2210 4059 2484 4150 frigoris
2533 4066 2599 4127 et
2636 4057 2911 4141 caloris,
2953 4058 3130 4125 sicut
3175 4055 3386 4125 bomo
3421 4078 3443 4125 .·
3485 4054 3762 4146 quidam

2207 4166 2389 4233 enim
2421 4164 2734 4233 homines
2771 4163 2980 4232 latent
3026 4165 3094 4230 in
3152 4161 3375 4230 hic-mc
3426 4162 3495 4229 in
3545 4161 3765 4228 domi-

2204 4271 2359 4359 bus,
2392 4282 2455 4341 et
2486 4279 2751 4340 mutant
2783 4270 2932 4338 loca
2962 4272 3030 4337 in
3070 4278 3300 4337 restate
3330 4269 3413 4335 ad
3446 4268 3597 4336 loca
3636 4267 3763 4334 l'ri-

2203 4381 2385 4470 gida,
2421 4387 2489 4449 ct
2516 4367 2586 4447 i‘n
2616 4378 2839 4447 hicme
2869 4377 2954 4446 ad
2993 4377 3144 4445 loca
3187 4376 3427 4446 calida.
3487 4376 3758 4445 Simili-

2200 4496 2306 4555 ter
2333 4494 2564 4555 autem
2596 4484 2849 4554 faciunt
2891 4484 3151 4576 reliqua
3201 4482 3555 4568 animalia,
3606 4505 3757 4572 quae

2201 4596 2284 4665 de
2315 4596 2467 4665 loco
2505 4593 2590 4663 ad
2620 4594 2846 4663 locum
2883 4594 3128 4661 mutari
3162 4602 3473 4685 possunt.

2287 4706 2505 4773 Causa
2545 4713 2772 4772 autem
2804 4702 3206 4770 mutationis
3245 4710 3369 4779 est,
3427 4700 3599 4767 sicut
3648 4698 3755 4766 di-

2197 4813 2446 4889 ximus,
2490 4819 2606 4879 aut
2636 4807 3101 4878 comburendo
3152 4809 3501 4876 exsiccans
3536 4806 3743 4884 calor,

2195 4918 2368 4987 sicut
2407 4927 2504 4988 est
2546 4914 2911 5008 aliquando
2942 4915 3129 4984 calor
3158 4916 3285 4984 sub
3318 4915 3585 4983 dnobus
3616 4923 3754 4981 tro·

2195 5028 2364 5120 picis
2399 5052 2414 5095 :
2446 5035 2559 5095 aut
2600 5025 3131 5114 constringendo
3167 5024 3587 5092 mortificans
3636 5023 3749 5089 fri-

2195 5159 2346 5231 gus,
2417 5136 2590 5203 sicut
2652 5141 2752 5202 est
2822 5133 3038 5224 frigus
3088 5132 3257 5223 poli.
3308 5130 3469 5199 ltaec
3519 5138 3749 5197 tamen

2194 5244 2568 5315 secundum
2622 5241 3090 5311 diversitatem
3149 5239 3546 5308 animalium
3592 5245 3746 5303 sunt

2199 5354 2406 5423 relata
2476 5353 2558 5421 ad
2638 5351 2787 5421 loca
2856 5352 3128 5421 diversa
3199 5371 3215 5415 ε
3286 5348 3611 5440 quoniam
3680 5346 3749 5412 in

2195 5482 2336 5528 uno
2410 5460 2654 5550 frigore
2720 5482 2939 5527 unum
3016 5454 3272 5525 animal
3337 5462 3561 5546 potest
3621 5451 3752 5519 ha·

2194 5567 2433 5644 bitaro,
2490 5564 2562 5633 in
2615 5590 2752 5659 quo
2816 5587 2955 5633 non
3013 5571 3238 5654 potest
3293 5560 3603 5630 habitare
3643 5558 3751 5627 al-

2193 5681 2414 5743 terum
2470 5694 2487 5739 ε
2545 5679 2610 5740 et
2672 5671 2915 5742 eadem
2963 5672 3137 5739 ratio
3205 5678 3305 5739 est
3352 5670 3436 5738 de
3492 5666 3741 5737 calore.

2185 5782 2272 5852 Et
2330 5782 2552 5873 frigus
2605 5789 2670 5849 et
2727 5779 2916 5850 calor
2979 5777 3275 5850 salubria
3348 5776 3497 5854 uni,
3586 5779 3747 5841 sunt
