4919 6371
555 352 680 420 184

555 523 837 591 omnino
907 518 1150 584 modus
1216 520 1508 608 piscium
1577 519 1785 588 habet
1834 520 2111 598 collum,

556 630 666 698 vel
694 629 981 715 virgam,
1016 624 1128 692 vel
1166 627 1450 695 vulvam
1500 626 1959 704 manifestam,
2003 631 2120 691 aut

562 734 843 804 omnino
889 732 1237 802 testiculos
1277 733 1636 802 interiores
1675 730 1784 798 vel
1822 730 2120 798 exterio-

563 862 694 922 reS,
727 846 844 906 aut
898 842 1102 908 etiam
1149 837 1518 916 mamillas,
1558 844 1802 926 praeter
1863 836 2120 927 delphi·

559 971 723 1016 num
780 957 848 1016 et
892 957 1199 1017 cetorum
1253 967 1530 1035 genera,
1587 967 1739 1034 quae
1787 954 2117 1036 generant

556 1079 638 1124 ex
666 1065 859 1124 utero
898 1054 1025 1121 sibi
1051 1052 1303 1118 similia
1337 1074 1352 1118 :
1387 1057 1454 1118 et
1494 1050 1648 1120 ideo
1691 1052 1947 1121 habent
1978 1075 2119 1119 ma-

555 1163 801 1239 millas,
845 1159 964 1226 sed
1013 1180 1151 1225 non
1204 1157 1461 1226 habent
1501 1182 1616 1228 eas
1665 1160 1736 1227 in
1785 1159 2118 1251 superiori

554 1279 743 1364 parte
798 1269 1100 1357 corporis
1168 1269 1300 1353 sui,
1371 1269 1494 1338 sed
1567 1270 1851 1338 inferius
1906 1291 2116 1360 prope

549 1383 941 1469 juncturam
987 1401 1001 1445 ε
1046 1386 1113 1444 et
1163 1401 1288 1444 sua
1348 1376 1657 1443 mamilla
1703 1377 2121 1444 assimilatur

551 1488 887 1575 juncturae
926 1507 1076 1575 quae
1140 1493 1243 1552 est
1279 1485 1428 1551 sine
1488 1482 1890 1572 ligamento,
1940 1507 2019 1552 ac
2064 1483 2121 1551 si

560 1594 649 1661 sit
686 1592 915 1662 addita
949 1594 1246 1683 corpori,
1297 1597 1368 1658 'et
1412 1591 1823 1660 terminatur
1881 1595 2123 1661 in'co-

563 1724 727 1768 num
757 1698 1179 1790 popularem.
1220 1695 1361 1764 Sed
1390 1704 1552 1764 sunt
1582 1697 1654 1764 in
1694 1699 1791 1766 eis
1820 1698 1969 1768 duae
1991 1702 2121 1767 viae

560 1805 630 1872 in
661 1804 942 1872 interius
973 1801 1299 1868 mamillae
1339 1801 1794 1891 profundatae,
1828 1827 1979 1893 quae
2009 1827 2125 1873 ca-

557 1911 824 1981 nalibus
873 1907 1345 1977 assimilantur
1389 1930 1405 1975 :
1450 1915 1518 1975 et
1565 1930 1649 1975 ex
1682 1908 1817 1977 illis
1855 1911 1994 1978 exit
2022 1910 2126 1978 lac

557 2040 692 2110 quo
723 2016 1010 2085 lactatur
1058 2022 1258 2082 natus
1307 2014 1457 2103 ejus
1494 2022 1610 2082 :et
1655 2023 1964 2106 tempore
2004 2017 2124 2105 ju-

555 2126 851 2193 ventutis
898 2122 1020 2189 filii
1069 2129 1454 2212 sequuntur
1512 2130 1810 2190 matrem
1850 2145 1865 2191 ε
1899 2131 1966 2190 et
2026 2125 2125 2190 si-

558 2230 815 2297 militer
879 2228 1133 2295 faciunt
1200 2234 1510 2294 cetorum
1577 2226 1804 2296 l'oetus.
1857 2227 1942 2298 Et
1994 2227 2127 2296 hoc

562 2338 835 2430 quidem
858 2339 1002 2427 jam
1036 2337 1286 2426 saepius
1333 2336 1562 2403 visum
1603 2346 1706 2406 est
1752 2360 1794 2406 a
1832 2338 2129 2428 piscato-

573 2445 758 2512 ribus
822 2443 1058 2522 maris,
1120 2445 1460 2533 praecipue
1511 2443 1582 2509 in
1621 2445 1796 2510 mari
1836 2443 2124 2511 Germa-

564 2552 716 2620 nico
784 2559 851 2618 et
915 2549 1231 2640 Anglico,
1293 2558 1360 2618 et
1416 2549 1588 2617 mari
1668 2549 2000 2619 Flandriae
2059 2558 2126 2618 et

569 2659 883 2737 Sclavin·,
944 2666 1008 2725 et
1067 2655 1376 2725 maribus
1441 2656 1594 2725 aliis
1635 2657 2122 2748 adjacentibus.

564 2766 954 2859 Aliquando
1022 2774 1254 2834 autem
1323 2765 1513 2833 modi
1559 2766 1853 2857 piscium
1908 2790 2130 2835 ovan-

564 2879 734 2944 tium
780 2897 918 2942 non
963 2873 1214 2941 habent
1263 2873 1631 2952 mamillas,
1674 2877 1850 2944 sicut
1890 2876 2131 2966 praedi-

562 2987 814 3064 ximus,
880 3005 1100 3073 neque
1175 2985 1324 3051 vias
1397 2984 1620 3051 coitus
1704 2985 2126 3065 manifestas,

564 3116 714 3185 quae
742 3100 899 3159 sunt
930 3087 1137 3158 vulva
1177 3099 1241 3157 et
1285 3090 1536 3158 matrix
1576 3100 1643 3159 et
1684 3092 1877 3184 virga
1926 3099 1995 3161 et
2038 3101 2133 3160 te-

565 3203 813 3282 sticuli,
834 3212 899 3272 et
919 3201 1174 3270 habent
1200 3202 1376 3268 inter
1395 3200 1724 3270 animalia
1745 3202 2129 3271 membrum

569 3311 919 3402 proprium
987 3308 1116 3376 sibi
1174 3308 1692 3399 appropriatum
1751 3310 1821 3377 in
1885 3310 2126 3401 capite,

570 3415 907 3486 auriculas
947 3413 1262 3483 videlicet
1296 3435 1454 3505 quae
1500 3412 1854 3484 bruneam
1888 3415 2134 3485 dicun-

572 3535 706 3605 tur,
741 3547 865 3616 per
889 3546 1063 3615 quas
1088 3530 1448 3592 attractam
1478 3544 1604 3614 per
1627 3544 1710 3592 os
1736 3545 1989 3615 aquam
2016 3523 2136 3612 eji-

579 3634 789 3702 ciunt.
834 3630 915 3698 Et
946 3629 1078 3698 hoc
1105 3629 1494 3712 membrum
1525 3627 1665 3701 fem
1702 3630 1773 3698 in
1811 3629 2135 3700 omnibus

579 3738 874 3833 piscibus
903 3738 1081 3805 notis
1107 3737 1479 3804 invenitur.

664 3844 978 3936 Amplius
1022 3851 1252 3911 autem
1311 3844 1533 3934 pisces
1595 3841 2138 3914 diversificantur

572 3957 639 4024 in
667 3955 817 4023 aliis
845 3976 997 4046 quae
1053 3953 1376 4021 dicuntur
1402 3952 1722 4043 pinnulae
1757 3975 1774 4021 ε
1808 3955 2133 4044 quoniam

573 4071 728 4131 sunt
777 4061 1053 4154 quidam
1086 4059 1305 4151 pisces
1335 4058 1524 4150 longi
1550 4066 1615 4127 et
1648 4057 1792 4139 lati,
1826 4063 1942 4152 qui
1973 4084 2137 4153 qua·

576 4178 733 4238 tuor
796 4166 1047 4236 habent
1093 4166 1238 4233 alas
1268 4188 1310 4234 a
1357 4189 1431 4232 se
1467 4165 1750 4245 divisas,
1800 4166 1970 4235 duas
2015 4191 2137 4236 su·-

575 4276 805 4368 perius
832 4296 1081 4366 propre
1120 4269 1491 4357 branchos,
1533 4280 1601 4340 et
1648 4271 1819 4341 duas
1854 4273 2133 4343 inferius

579 4384 644 4449 in
682 4380 817 4448 tine
856 4379 1139 4455 ventris,
1172 4378 1345 4445 sicut
1386 4378 1590 4468 piscis
1612 4378 1728 4470 qui
1760 4379 1988 4449 Graece
2016 4403 2135 4448 vo·

573 4498 766 4557 catur
805 4485 1124 4565 euclidis,
1183 4484 1370 4577 quod
1426 4492 1534 4553 est
1583 4485 1912 4578 anguilla.
1955 4484 2133 4556 Sunt

573 4603 802 4665 autem
859 4594 1039 4685 apud
1088 4615 1215 4662 nos
1270 4591 1503 4683 plures
1556 4592 1752 4662 tales.
1793 4591 2134 4687 Aliquan-

573 4704 661 4773 do
698 4710 921 4772 autem
951 4700 1301 4770 breviores
1347 4708 1416 4769 et
1442 4700 1816 4771 strictiores
1845 4725 1984 4771 non
2004 4700 2134 4770 hn-

573 4808 736 4877 bent
798 4808 926 4876 nisi
965 4806 1134 4874 duas
1187 4803 1512 4897 pinnulas
1557 4806 1703 4876 sive
1754 4806 1897 4877 ales
1950 4809 2131 4899 apud

572 4912 933 4985 branchos.

657 5021 903 5091 Adhuc
943 5030 1174 5090 autem
1223 5029 1291 5090 et
1336 5023 1470 5112 ipsi
1516 5020 1802 5092 branchi
1842 5024 2130 5115 piscium

569 5127 1113 5198 diversificantur
1142 5151 1160 5198 ε
1195 5128 1526 5220 quoniam
1591 5128 1874 5219 quidam
1908 5129 2129 5220 pisces

568 5233 821 5305 babent
856 5258 1131 5304 osseum
1162 5234 1671 5327 coopertorium
1699 5255 1908 5327 super
1932 5232 2130 5305 bran·

568 5341 734 5411 chos
771 5365 959 5423 suos,
998 5344 1177 5412 sicut
1211 5340 1462 5421 lucius,
1493 5339 1866 5423 barbellus,
1905 5349 1975 5411 et
2001 5342 2131 5412 sal·

568 5472 683 5518 mo
726 5471 743 5517 ε
785 5455 851 5516 et
882 5448 1159 5539 quidam
1192 5472 1329 5516 non
1370 5447 1633 5519 habent
1659 5469 1936 5518 osseum
1972 5470 2131 5518 coo·

566 5554 969 5647 pertorium,
1030 5554 1148 5623 sed
1215 5555 1365 5645 ipsa
1427 5554 1611 5623 acies
1667 5552 2151 5644 branchorum·

563 5684 686 5753 per
710 5660 958 5754 pellem
995 5660 1292 5742 videtur,
1332 5660 1512 5731 sicut
1539 5660 1746 5752 piscis
1780 5659 2125 5751 serpenti-

1555 344 1642 415 D.
1693 348 1894 416 ALB.
1946 346 2163 416 MAG.

2218 348 2421 416 ORD.
2475 351 2771 419 PRAED.

2223 540 2349 583 nus
2402 519 2656 587 habens
2702 523 2906 590 latam
2959 524 3244 592 caudam
3286 537 3350 593 et
3397 524 3565 593 latas
3602 527 3764 614 pin-

2223 643 2366 701 nas,
2408 626 2524 714 qui
2571 637 2851 695 vocatur
2888 630 3096 708 celen,
3139 631 3221 697 de
3280 654 3414 721 quo
3464 633 3765 700 diximus

2223 730 2291 796 in
2345 730 2518 799 libro
2564 734 2807 823 primo.
2844 733 3063 802 Omne
3111 744 3340 803 autem
3394 761 3610 829 genus
3649 739 3763 828 pi-

2220 837 2433 905 scium
2465 837 2719 908 habens
2747 849 3102 932 coopertos
3151 841 3511 921 branchOS,
3556 844 3764 912 habet

2221 945 2555 1014 branchos
2584 947 2708 1015 sub
2736 950 2952 1038 capite
2990 972 3227 1018 versus
3256 957 3564 1017 ventrem
3594 973 3765 1041 por-

2224 1059 2463 1118 rectos.
2535 1051 2734 1120 Celen
2798 1062 3024 1122 autem
3083 1066 3182 1123 est
3231 1057 3346 1124 lati
3407 1057 3644 1145 capitis
3702 1064 3769 1124 et

2220 1158 2545 1247 corporiS,
2580 1160 2749 1226 sicut
2777 1159 2847 1226 in
2876 1160 3285 1228 antehabitis
3322 1163 3577 1231 dictum
3606 1171 3707 1231 est
3745 1186 3760 1229 :

2227 1271 2293 1330 et
2329 1262 2535 1333 habet
2571 1288 2805 1334 omnes
2844 1267 3179 1335 branchos
3209 1269 3293 1336 ad
3332 1277 3591 1359 partem
3614 1269 3772 1336 dor-

2223 1370 2301 1435 si.
2346 1369 2562 1462 Longi
2591 1393 2750 1440 vero
2778 1374 2995 1463 pisces
3042 1382 3108 1442 et
3155 1396 3294 1441 non
3323 1374 3467 1453 lati,
3511 1371 3770 1442 babent

2225 1500 2341 1545 eos
2409 1478 2817 1549 declinantes
2890 1482 2973 1550 ad
3039 1491 3300 1572 partem
3378 1482 3768 1551 inferiorem

2226 1608 2463 1655 versus
2501 1596 2832 1657 ventrem.
2874 1588 3066 1657 Rana
3122 1612 3284 1658 vero
3326 1591 3589 1657 marina
3635 1588 3770 1657 ba-

2226 1690 2338 1760 bet
2418 1693 2691 1783 quidem
2772 1693 3107 1764 branchos
3182 1695 3598 1764 declinantes
3680 1695 3767 1762 nd

2224 1820 2430 1865 unam
2478 1809 2736 1888 partem
2764 1798 2991 1869 lateris
3038 1802 3143 1869 sui
3181 1801 3309 1869 sub
3348 1803 3567 1892 capite
3606 1824 3762 1882 sue,

2225 1914 2293 1972 et
2363 1904 2570 1975 habet
2637 1910 3139 1999 coopertorium
3201 1932 3216 1978 z
3275 1909 3395 1978 sed
3460 1909 3772 2000 quaedam

2225 2011 2418 2102 pellis
2482 2013 2721 2082 similis
2794 2018 2979 2084 corio
3052 2018 3357 2107 cooperit
3432 2016 3775 2087 branchos

2226 2119 2395 2207 ejus,
2429 2142 2585 2188 cum
2614 2118 2899 2190 aliorum
2949 2125 3373 2213 operimenta
3421 2125 3558 2191 sint
3613 2146 3773 2192 ossa

2227 2226 2537 2316 quaedam
2569 2226 2724 2295 lata.

2318 2331 2559 2402 Adhuc
2628 2342 2851 2403 autem
2899 2338 3159 2427 species
3221 2339 3509 2429 piscium
3576 2347 3647 2407 et
3703 2340 3774 2406 in

2230 2441 2567 2510 creatione
2631 2442 3165 2513 diversificantur
3206 2468 3223 2514 ε
3258 2445 3537 2536 quidam
3586 2447 3775 2515 enim

2233 2555 2390 2615 sunt
2435 2556 2868 2618 extensorum
2916 2559 2981 2619 et
3036 2551 3515 2621 inflexibilium
3565 2554 3781 2623 bran-

2233 2654 2541 2737 chorum,
2577 2657 2764 2748 quasi
2794 2659 2929 2727 sint
2956 2661 3038 2730 ‹le
3068 2660 3255 2729 corio
3293 2660 3398 2728 vel
3439 2684 3618 2742 osse,
3651 2662 3780 2730 sic·

2230 2770 2307 2829 ut
2343 2770 2527 2831 cete:
2569 2773 2631 2833 et
2668 2766 2945 2855 quidam
2977 2768 3194 2857 pisces
3232 2775 3391 2835 sunt
3430 2766 3780 2837 brancho-

2232 2891 2382 2937 rum
2412 2869 2834 2939 flexibilium.

2322 2976 2563 3046 Adhuc
2599 2979 2801 3046 etium
2831 2980 3107 3070 quidam
3138 2979 3420 3049 branchi
3451 2992 3609 3050 sunt
3648 3005 3779 3072 ap-

2235 3083 2459 3175 plicati
2523 3086 2786 3178 corpori
2841 3088 3069 3178 piscis,
3102 3090 3278 3157 sicut
3335 3089 3657 3180 anguillae
3714 3098 3781 3158 et

2238 3215 2538 3261 murenae
2572 3215 2589 3260 ε
2623 3194 2897 3284 quidam
2937 3203 3167 3264 autem
3221 3205 3381 3265 sunt
3425 3196 3779 3266 ‹livaricati

2235 3309 2302 3369 et
2362 3303 2622 3371 extensi
2676 3324 2715 3370 a
2779 3326 3063 3394 corpore
3124 3304 3351 3395 piscis,
3388 3305 3563 3375 sicut
3620 3305 3780 3374 lucii

2235 3411 2555 3499 aquatici,
2587 3418 2652 3478 et
2679 3410 3027 3480 salmonis.

2323 3516 2566 3589 Adhuc
2601 3527 2829 3588 sutem
2865 3518 3142 3611 quidam
3195 3520 3488 3612 piscium
3527 3519 3785 3590 babent

2237 3623 2572 3694 branchos
2642 3648 2917 3718 paucos,
2983 3629 3265 3720 quidum
3321 3637 3550 3697 autem
3607 3627 3787 3698 mul·

2234 3738 2343 3800 tos
2375 3752 2392 3799 ε
2424 3730 2546 3801 sed
2584 3754 2853 3825 semper
2890 3743 3054 3804 sunt
3093 3734 3391 3828 aquales
3453 3744 3522 3805 et
3583 3757 3784 3827 pares

2236 3839 2307 3906 in
2344 3847 2629 3931 utraque
2690 3848 2901 3932 parte.
2956 3840 3251 3922 Quidam
3308 3842 3514 3912 etiam
3551 3841 3783 3912 nullos

2237 3946 2520 4013 omnino
2574 3944 2887 4015 videntur
2946 3944 3222 4017 babere.
3284 3945 3539 4015 Multos
3594 3948 3779 4017 enim

2237 4050 2443 4121 habet
2471 4053 2685 4122 lucius
2715 4075 2732 4122 t
2766 4076 3017 4144 paucos
3043 4064 3274 4125 autem
3313 4053 3520 4124 babet
3557 4078 3784 4124 mure·

2237 4182 2371 4228 na:
2406 4160 2525 4229 sed
2579 4159 2801 4230 nullos
2867 4162 3152 4232 omnino
3229 4160 3434 4232 habet
3498 4162 3779 4254 quidam

2237 4265 2597 4357 pisciculus
2622 4265 2867 4359 longus
2893 4270 3141 4346 tenuis.
3174 4269 3292 4361 qui
3329 4269 3524 4338 estin
3551 4268 3781 4338 colors

2236 4377 2407 4444 sicut
2423 4376 2629 4468 piscis
2651 4378 2765 4468 qui
2792 4385 3077 4448 vocatur
3099 4379 3441 4471 [widula.
3471 4378 3592 4447 sed
3637 4401 3779 4448 non

2234 4492 2332 4554 est
2398 4484 2750 4561 rotundus.
2808 4484 2925 4555 sed
2979 4486 3175 4579 quasi
3229 4487 3319 4556 sit
3370 4485 3780 4556 columnalis

2234 4616 2686 4684 compressus,
2742 4603 2810 4663 et
2869 4602 3155 4663 vocatur
3214 4594 3530 4663 mordens
3587 4595 3783 4687 lapi-

2233 4700 2411 4779 dent,
2472 4709 2542 4769 et
2576 4698 2779 4769 habet
2810 4700 3077 4792 spinam
3131 4709 3402 4770 acutam
3444 4702 3645 4791 juxta
3700 4724 3781 4767 os

2232 4827 2458 4883 suum,
2513 4828 2668 4874 cum
2716 4827 2852 4897 qua
2894 4815 3250 4875 recurvato
3316 4805 3534 4897 eapite
3597 4814 3783 4874 secat

2235 4933 2514 4979 manum
2576 4934 2648 4980 se
2701 4915 3062 5003 tangentis.
3115 4912 3481 4982 pauciores
3544 4919 3778 4981 autem

2232 5017 2570 5088 branchos
2613 5020 2806 5109 quasi
2859 5020 3059 5112 piscis
3123 5019 3383 5090 habens
3441 5018 3781 5089 branchos

2233 5123 2482 5195 habere
2520 5126 2884 5209 invenitur,
2921 5127 3098 5197 sicut
3142 5126 3329 5219 quod
3372 5129 3442 5196 in
3487 5134 3779 5217 utraque

2230 5241 2419 5323 perte
2475 5231 2679 5302 habet
2733 5256 2945 5302 unum
2978 5255 2996 5303 z
3031 5233 3310 5327 quidam
3366 5242 3597 5303 autem
3656 5230 3777 5301 ba-

2231 5337 2391 5406 bent
2417 5339 2592 5409 duos
2620 5339 2688 5408 in
2728 5348 3012 5432 utraque
3050 5349 3266 5433 parte,
3289 5362 3505 5409 unum
3543 5349 3775 5411 exten·

2228 5468 2407 5524 sum,
2448 5455 2519 5515 et
2555 5442 2840 5515 alterum
2882 5448 3180 5517 flexum:
3212 5448 3490 5539 quidam
3539 5456 3772 5517 autem

2229 5564 2523 5645 quatuor
2565 5562 2882 5624 extensos
2930 5557 3000 5622 in
3039 5554 3359 5623 utralibet
3400 5565 3618 5648 parte.
3651 5554 3776 5623 Pi-

2229 5662 2362 5730 scis
2426 5669 2655 5731 autsm
2702 5662 2821 5752 qui
2883 5659 3115 5731 Graes
3171 5670 3454 5732 vocatur
3501 5660 3772 5731 wulte-
