4919 6371
577 407 704 476 132

566 577 1003 646 mineralium
1038 574 1105 638 in
1142 574 1642 652 materialibus,
1679 586 1744 642 et
1784 577 1956 642 sicut
1995 576 2144 638 uni-

561 706 805 752 vocam
827 681 1079 748 habent
1102 684 1463 749 materiam
1489 682 1739 772 plantae
1764 707 1780 748 :
1805 684 1897 747 ita
1927 682 2129 746 etiam

564 790 635 857 in
668 789 1110 858 interioribus
1148 794 1571 858 conveniunt
1603 788 1928 854 animalia
1958 811 2133 876 qua-

566 896 623 963 si
644 895 1134 964 materialibus.
1172 897 1525 963 Exteriora
1551 902 1778 960 autem
1811 903 2126 961 exercent

566 1028 798 1098 opera,
832 1016 898 1074 et
929 1007 1048 1073 illa
1076 1004 1392 1070 formalia
1441 1011 1512 1070 et
1549 1003 1933 1082 dissimilia,
1993 1006 2121 1070 nisi

566 1116 703 1182 sint
737 1113 1061 1182 similium
1101 1112 1477 1200 passiones,
1521 1112 1697 1180 sicut
1737 1120 1895 1177 sunt
1924 1134 2121 1200 orga-

562 1242 651 1288 na
687 1221 897 1297 visus,
969 1217 1085 1306 qui
1128 1216 1328 1283 valde
1397 1216 1779 1284 abstractus
1851 1226 1975 1283 est.
2040 1216 2122 1282 lit

559 1325 713 1393 ideo
743 1323 917 1392 oculi
952 1323 1355 1391 animalium
1384 1323 1750 1391 similiores
1788 1329 1947 1412 sunt
1976 1345 2122 1390 om-

555 1432 766 1500 nibus
819 1431 970 1499 aliis
1026 1430 1358 1500 membris
1423 1430 1903 1500 exterioribus.
1966 1430 2118 1498 Non

560 1539 746 1609 enim
774 1539 1229 1632 profundatur
1265 1539 1561 1607 multum
1611 1541 1683 1605 in
1714 1539 2114 1606 animalium

556 1655 821 1726 natura,
857 1649 1030 1715 sicut
1060 1655 1283 1715 tactus
1323 1655 1389 1712 et
1444 1654 1711 1736 gustus.
1770 1645 1937 1712 Post
1973 1645 2115 1712 haec

555 1763 782 1823 autem
812 1751 1102 1821 similior
1144 1759 1245 1818 est
1284 1751 1586 1836 auditus,
1617 1759 1686 1819 et
1741 1752 1838 1819 sic
1893 1760 1996 1818 est
2032 1750 2115 1818 de

556 1862 806 1930 olfactu
834 1868 990 1950 post
1015 1860 1351 1927 auditum.
1379 1859 1635 1926 Gustus
1662 1867 1892 1926 autem
1924 1867 1992 1926 et
2019 1867 2118 1926 ta-

557 1980 703 2039 ctus
730 1968 926 2037 valde
955 1978 1115 2037 sunt
1154 1968 1546 2035 dissimiles.
1581 1967 1669 2035 Et
1704 1969 2117 2060 generaliter

558 2075 1008 2144 instrumenta
1088 2075 1516 2165 passivamm
1589 2073 1951 2150 virtutum,
2028 2096 2111 2143 eo

551 2185 734 2276 quod
775 2184 1157 2253 inferuntur
1215 2185 1314 2252 eis
1343 2185 1697 2275 passiones
1735 2184 1821 2251 ab
1851 2185 2113 2253 extrin-

552 2315 709 2361 seco
740 2315 889 2384 quae
919 2301 1075 2359 sunt
1108 2292 1347 2359 eadem
1377 2291 1462 2359 ad
1492 2293 1730 2359 omnia
1756 2291 2106 2370 animalia,

553 2407 717 2468 sunt
752 2398 968 2466 inulto
998 2396 1334 2466 similiora
1364 2399 1837 2467 instrumentis
1872 2400 2110 2466 activis

546 2503 1050 2596 perficientibus
1082 2513 1378 2584 motum,
1420 2526 1573 2597 quae
1590 2513 1746 2572 sunt
1779 2505 2105 2571 virtutum

553 2634 705 2704 quas
734 2636 818 2681 ex
861 2612 1008 2704 ipsa
1045 2614 1424 2703 procedunt
1462 2613 1863 2682 animalium
1913 2622 2109 2681 natu-

550 2742 668 2787 ra:
693 2729 759 2786 et
779 2720 933 2788 ideo
957 2721 1332 2788 secundum
1357 2721 1817 2789 diversitatem
1849 2729 2108 2788 naturae

551 2825 977 2906 animalium,
1009 2826 1558 2895 diversificantur
1592 2834 1662 2894 et
1716 2826 1855 2894 illa.
1896 2825 2109 2907 Qua·-

550 2957 843 3027 cumque
885 2944 1114 3004 tamen
1160 2936 1469 3027 ipsorum
1507 2938 1926 3006 conveniunt
1956 2958 2110 3003 ma—

540 3044 656 3135 gis
693 3045 762 3111 in
804 3053 1070 3125 natura,
1101 3047 1324 3136 magis
1352 3047 1561 3115 etiam
1613 3045 2001 3114 similantur
2034 3045 2106 3113 in

545 3151 822 3241 organis
849 3149 1010 3230 illis,
1044 3151 1220 3220 sicut
1251 3173 1471 3243 equus
1505 3160 1578 3221 et
1606 3152 1840 3221 asinus
1884 3153 1955 3220 in
1985 3174 2109 3243 pe-

544 3256 773 3337 dibus,
802 3266 872 3327 et
905 3258 1036 3327 bos
1084 3268 1152 3328 et
1208 3282 1483 3340 cervus,
1517 3268 1587 3330 et
1632 3260 1731 3328 sic
1779 3260 1863 3329 de
1925 3261 2102 3329 aliis.

542 3364 683 3435 Sed
720 3368 792 3436 in
819 3366 1262 3436 interioribus
1302 3390 1628 3461 magnam
1685 3369 1827 3437 fere
1872 3369 2107 3436 omnia

542 3471 868 3542 animalia
892 3470 1156 3542 babent
1169 3473 1736 3544 similitudinem:
1779 3475 1944 3567 quia
1979 3472 2108 3544 be-

546 3585 707 3671 pata
730 3601 969 3648 eorum
998 3586 1066 3650 et
1092 3580 1427 3650 cerebella
1452 3591 1525 3651 et
1546 3580 1913 3675 pulmones
1932 3581 2109 3652 mul-

549 3694 699 3754 tum
734 3687 1180 3766 conveniunt,
1210 3696 1281 3757 et
1311 3688 1631 3759 similiter
1670 3688 2005 3759 stomachi
2037 3700 2105 3758 et

549 3794 913 3865 intestina:
945 3792 1304 3863 becenim
1359 3806 1521 3864 sunt
1575 3819 1739 3866 vasa
1803 3800 2101 3867 materia*

556 3902 980 3983 nutrimenti,
1057 3924 1209 3996 quae
1281 3901 1353 3972 in
1413 3926 1666 3996 genere
1714 3907 1952 3977 eadem
1997 3916 2102 3977 est

528 4010 857 4103 pluribus
874 4011 1313 4095 animalibus,
1345 4021 1413 4082 et
1440 4013 1763 4083 formales
1789 4015 2102 4083 ditl'eren·

534 4119 674 4188 tias
708 4119 952 4209 accipit
985 4140 1028 4187 a
1049 4117 1433 4209 digestione
1459 4118 1702 4189 ultima
1722 4141 1876 4212 qnae
1899 4143 2099 4190 com·-

539 4225 765 4318 ptctur
807 4225 882 4295 in
927 4225 1260 4295 membris
1322 4227 1666 4320 organicis
1719 4226 2098 4298 formaliter

537 4330 1031 4402 differentibus.
1055 4332 1218 4402 liaec
1238 4333 1477 4404 eadem
1508 4336 1720 4404 etiam
1737 4357 1944 4405 eausa
1961 4345 2087 4413 est,

538 4439 723 4533 quod
760 4442 1180 4510 conveniunt
1207 4440 1536 4512 animalia
1558 4441 1719 4535 plus
1754 4444 1826 4512 in
1855 4442 2096 4511 simili·

537 4544 669 4616 bus
695 4544 1021 4617 membris
1058 4571 1268 4641 quam
1314 4549 1386 4619 in
1437 4549 1912 4622 dissimilibus.
1975 4552 2093 4621 Si-

536 4654 727 4724 milia
775 4656 962 4724 enim
1028 4657 1253 4748 magis
1290 4656 1679 4728 reseruntur
1726 4660 1814 4730 ad
1869 4670 2092 4731 mate-

532 4761 732 4842 riam,
791 4769 856 4830 et
894 4761 1253 4831 dissimilia
1300 4762 1525 4855 magis
1578 4763 1968 4835 referuntur
2001 4767 2086 4835 ad

528 4872 850 4944 formam.

620 4977 801 5050 Inter
825 4982 1061 5051 omnia
1085 4988 1321 5050 autem
1350 4980 1676 5051 interiora
1713 4993 1779 5050 et
1806 4980 2083 5064 similia,

524 5088 749 5180 maior
806 5087 1081 5160 videtur
1105 5110 1258 5160 csse
1286 5092 1773 5160 convenientia
1815 5091 2088 5161 anima-

521 5191 693 5264 lium
739 5196 808 5267 in
849 5197 1107 5268 cerebri
1146 5196 1556 5268 substantia.
1609 5197 1734 5266 llla
1776 5198 1961 5268 enim
2010 5203 2081 5271 in

497 5301 842 5375 ‘omnibus
868 5304 1227 5377 cerebrum
1262 5304 1705 5388 habentibus,
1745 5315 1852 5377 est
1899 5308 2083 5377 niol-

513 5407 627 5496 lis,
669 5410 852 5494 alba,
888 5413 1198 5499 humida,
1225 5421 1294 5484 et
1321 5416 1518 5506 quasi
1554 5415 1621 5481 in
1652 5413 1790 5482 duo
1830 5415 2075 5496 divisa,

512 5524 701 5600 ante,
742 5527 1034 5613 etpost.
1080 5521 1206 5592 Illa
1257 5543 1412 5615 quae
1449 5521 1751 5591 anterior
1794 5530 1925 5603 est,
1974 5532 2078 5594 est

487 5624 815 5708 ‘mollium
873 5634 943 5697 et
992 5630 1337 5722 posterior
1391 5637 1499 5701 est
1571 5628 2075 5723 aliquantutum

509 5731 740 5806 durior
768 5740 837 5807 et
865 5736 1112 5809 siccior
1154 5758 1173 5808 t
1204 5743 1271 5809 et
1310 5737 1466 5809 ideo
1506 5738 1565 5806 si
1614 5747 2075 5832 cognoscatur

1566 400 1652 468 D.
1706 399 1907 468 ALB.
1960 401 2178 469 MAG.

2229 403 2438 471 om).
2492 401 2790 469 PRAED.

2239 572 2592 637 cerebrum
2659 570 2986 649 hominis,
3057 575 3249 641 facile
3340 597 3784 666 cognom-rtur

2234 677 2611 743 substantia
2644 679 2904 744 cerebri
2936 679 3225 746 aliorum
3248 688 3639 753 animalium
3665 717 3783 780 pur

2234 785 2629 851 relationem
2657 785 2740 851 ad
2775 788 3024 875 ipsum.

2318 893 2639 961 Dicamus
2680 896 2912 984 igitur,
2955 898 3138 986 quod
3178 899 3552 966 substantia
3591 931 3780 974 evre-

2228 999 2329 1065 bri
2371 1022 2578 1089 quam
2628 1022 2753 1066 nos
2793 1024 3206 1088 cognoscere
3234 1009 3628 1094 qua-rimu&
3671 1014 3779 1080 ‹li-

2227 1107 2479 1172 viditur
2526 1108 2591 1172 in
2641 1117 2778 1173 tres
2835 1119 3088 1197 partes,
3141 1134 3427 1199 quarum
3485 1137 3622 1182 una
3676 1131 3776 1187 est

2227 1212 2604 1279 substantia
2659 1213 2906 1280 velata.
2981 1215 3319 1294 Secunda,
3398 1219 3772 1292 substantia

2226 1320 2704 1386 medullarum.
2762 1320 2989 1389 Tertia
3055 1333 3282 1390 autem
3341 1336 3443 1391 est
3506 1341 3774 1400 ventres

2223 1427 2338 1514 qui
2370 1434 2529 1492 sunt
2559 1428 2630 1494 in
2662 1421 2856 1516 ipso,'
2881 1431 3000 1518 qui
3029 1440 3186 1495 sunt
3217 1432 3456 1520 spiritu
3494 1439 3769 1505 animali

2222 1531 2429 1621 pleni.
2479 1532 2686 1600 Nervi
2745 1541 2976 1601 autem
3035 1545 3193 1602 sunt
3250 1539 3418 1604 sicut
3478 1542 3772 1628 virgulta

2222 1640 2532 1730 quaedam
2564 1664 2648 1708 ex
2680 1645 2827 1732 ipso
2865 1643 3297 1733 prodeuntia,
3365 1670 3505 1715 non
3544 1658 3769 1721 tamen

2221 1759 2379 1816 sunt
2443 1749 2709 1839 aliquid
2775 1750 3171 1818 substantiae
3229 1754 3463 1843 ipsius.
3523 1755 3766 1827 Totum

2220 1866 2447 1924 autem
2480 1858 2832 1926 cerebrum
2871 1883 2995 1950 per
3039 1858 3535 1951 longitudinem
3576 1866 3769 1936 lineae

2218 1962 2544 2033 dividitur
2599 1968 2668 2034 in
2730 1967 2894 2047 duo,
2955 1991 3106 2058 quae
3170 1969 3588 2059 protrahitur
3647 2000 3770 2068 per

2217 2071 2519 2140 medium
2562 2072 2877 2141 medullae
2919 2075 3155 2165 ipsius,
3198 2086 3266 2144 et
3302 2101 3424 2167 per
3468 2081 3765 2151 medium

2215 2178 2682 2267 pelliculamm
2749 2202 3057 2258 suarum,
3132 2191 3196 2248 et
3273 2206 3393 2273 per
3465 2188 3764 2257 medium

2213 2286 2751 2354 ventriculorum
2792 2310 3077 2355 suorum
3124 2311 3140 2356 ε
3193 2298 3257 2356 et
3308 2289 3437 2358 hoc
3484 2303 3584 2361 est
3614 2296 3766 2365 ideo

2216 2401 2287 2458 ut
2325 2393 2579 2461 sciatur
2612 2416 2762 2462 esse
2792 2393 3045 2484 duplex
3073 2397 3433 2478 auxilium,
3462 2421 3542 2464 eo
3580 2403 3765 2490 quod

2216 2500 2499 2568 retertur
2535 2501 2621 2568 ad
2648 2511 3017 2593 utrumque
3059 2527 3393 2594 organum
3441 2530 3763 2578 sensuum

2213 2617 2277 2675 et
2317 2606 2737 2676 motivarum'
2778 2612 3111 2680 virtutum
3181 2614 3393 2702 ipsius
3448 2639 3529 2681 ex
3572 2628 3767 2686 utro-

2212 2740 2344 2808 que
2400 2716 2630 2785 latere.
2704 2718 2873 2797 Quae
2937 2720 3170 2786 omnia
3231 2720 3525 2810 duplicia
3589 2725 3762 2793 faeta

2212 2834 2365 2890 sunt
2415 2833 2691 2913 propter
2735 2847 3010 2892 causam
3053 2849 3257 2915 quain
3315 2849 3522 2916 supra
3574 2831 3758 2897 ‹lixi-

2213 2953 2389 3004 mus,
2432 2931 2615 3020 quod
2644 2929 2955 2998 videlicet
2986 2931 3042 2998 si
3073 2943 3559 3000 nocumentum
3592 2939 3763 3005 acci-

2210 3035 2307 3103 dit
2335 3036 2479 3120 uni‚
2519 3035 2822 3104 salvetur
2845 3060 3005 3127 pars
3033 3035 3267 3105 altera.

2298 3177 2416 3246 Est
2458 3185 2686 3247 autem
2735 3177 2884 3269 ipsa
2927 3177 3184 3247 cerebri
3213 3178 3590 3250 substantia
3630 3185 3756 3252 fri-

2209 3283 2364 3372 gida
2402 3295 2471 3353 et
2507 3282 2789 3354 humida
2826 3273 3199 3352 secundum
3231 3286 3590 3375 qualitates
3628 3315 3756 3359 na-
3798 3374 3809 3383 ·

2211 3392 2464 3461 turales
2518 3393 3150 3484 complexionantes
3213 3396 3460 3485 ipsum.
3535 3398 3757 3492 Frigi-

2207 3497 2372 3565 dum
2412 3506 2643 3567 autem
2680 3509 2783 3567 est
2819 3508 3099 3591 propter
3127 3508 3263 3568 tres
3297 3523 3539 3570 causas
3580 3528 3757 3596 [ιι-ω-

2205 3605 2428 3696 cipue,
2486 3628 2777 3696 quarum
2827 3629 2967 3675 una
3019 3616 3172 3675 est:
3224 3608 3386 3700 quia
3433 3608 3596 3680 dum
3640 3612 3754 3682 tiat

2205 3716 2526 3781 continue
2557 3721 2789 3782 motus
2828 3713 3077 3805 inipso
3123 3736 3210 3783 ex
3252 3716 3551 3784 motibus
3596 3743 3758 3788 ner-

2204 3842 2447 3887 vorum
2490 3819 2904 3888 motivarum
2936 3821 3263 3890 virtutum
3294 3825 3658 3912 posterius,
3690 3836 3755 3895 et

2203 3928 2553 4018 passiones
2580 3927 2924 3994 continuas
2954 3929 3118 3995 liant
3147 3930 3217 3995 in
3249 3929 3398 4018 ipso
3436 3952 3521 3997 ex
3551 3937 3754 4001 moti·

2202 4033 2329 4102 lius
2391 4033 2817 4102 sensibilium
2874 4035 3200 4114 anterius,
3259 4036 3314 4101 si
3374 4059 3511 4103 non
3567 4049 3742 4108 esset

2197 4138 2736 4228 frigidissimum,
2789 4137 3328 4207 inflammaretur
3378 4162 3463 4208 ex
3516 4142 3740 4213 calore

2196 4244 2312 4336 qui
2350 4244 2685 4312 excitatur
2717 4266 2805 4312 ex
2852 4245 3150 4313 motibus
3195 4245 3329 4313 illis
3387 4246 3618 4317 multis
3672 4262 3739 4321 et

2192 4351 2561 4418 continuis.
2594 4348 2910 4418 Secunda
2952 4360 3179 4418 autem
3208 4359 3309 4419 est
3343 4373 3362 4420 z
3392 4354 3550 4443 quia
3579 4379 3736 4425 cum

2191 4456 2470 4547 spiritus
2503 4453 2765 4525 calidus
2790 4453 2992 4525 valde
3016 4457 3328 4526 mittatur
3359 4459 3422 4526 ei
3460 4480 3500 4527 a
3532 4460 3736 4532 corde

2193 4586 2313 4656 per
2340 4563 2512 4631 duas
2539 4563 2825 4633 arterias
2861 4585 3015 4656 quae
3053 4563 3441 4656 diriguntur
3464 4589 3505 4635 a
3529 4570 3735 4640 corde

2190 4670 2275 4739 ad
2305 4670 2685 4749 cerebrum,
2727 4669 2811 4739 «le
2840 4672 3090 4763 quibus
3128 4696 3328 4763 snpra
3372 4673 3438 4741 in
3484 4688 3737 4745 analo·

2192 4779 2334 4844 ηιία
2395 4778 2813 4844 arteriarum
2880 4778 3201 4853 diximus,
3272 4781 3325 4845 si
3382 4803 3535 4849 cum
3603 4782 3732 4853 lioc

2188 4883 2568 4954 substantia
2601 4881 2862 4952 cerebri
2892 4893 3069 4953 esset
3106 4884 3348 4970 calida,
3379 4896 3492 4955 aut
3552 4898 3734 4959 tem-

2186 4997 2444 5082 perata,
2507 4987 2936 5058 efficerentur
2989 5012 3229 5058 omnes
3300 4995 3729 5083 operationes

2187 5095 2518 5165 animales
2551 5097 2923 5165 commiste
2959 5104 3026 5165 et
3059 5096 3365 5179 confuse,
3406 5122 3490 5169 eo
3543 5104 3730 5195 quod

2182 5204 2603 5295 superfluum
2640 5201 2939 5272 calidum
2975 5205 3446 5275 commisceret
3480 5229 3731 5299 opera-

2182 5311 2427 5390 tiones,
2486 5310 2660 5379 sicut
2714 5310 2786 5378 in
2843 5309 2994 5378 aliis
3040 5312 3485 5382 ostendimus.
3529 5314 3728 5388 Nunc

2179 5426 2405 5487 autem
2438 5440 2557 5508 per
2592 5415 2851 5485 cerebri
2889 5417 3324 5508 frigiditatem
3356 5417 3429 5487 tit
3471 5427 3728 5515 tempe·

2162 5533 2590 5595 ramentum.
2646 5521 2879 5592 Tertia
2928 5547 3135 5594 causa
3175 5524 3293 5593 ’θεῖ
3356 5526 3721 5598 ωΰῐίίίὺᾶυ

2178 5632 2541 5725 spirituum
2586 5626 2973 5702 lucidorum
3027 5634 3144 5725 qui
3190 5638 3368 5701 sunt-
3418 5633 3489 5702 in
3543 5638 3717 5728 ipso,

2179 5742 2294 5834 qui
2362 5740 2433 5809 in
2480 5739 2631 5831 ipso
2687 5739 2997 5810 discursu
3054 5736 3433 5811 et'lumine
3477 5740 3720 5815 s'uo'in
3787 5802 3793 5807 .
