4919 6371
793 422 922 485 476

792 587 1053 652 ratione
1111 580 1587 670 producuntur
1626 585 1692 645 et
1741 577 1884 643 istis
1916 577 2231 665 majores,
2266 574 2349 642 Et

789 691 930 756 haee
959 696 1059 755 est
1089 709 1316 764 causa,
1344 686 1529 777 quod
1548 707 1772 776 vespoe
1800 685 1870 751 in
1903 685 2033 750 [ine
2069 689 2347 750 autum-

785 801 858 864 ni
907 803 1064 863 sunt
1122 794 1358 862 multze
1420 804 1487 863 et
1527 816 1820 885 magnae,
1872 815 2040 883 quas
2098 791 2345 856 cili-ines

790 903 1001 970 Graeci
1030 911 1276 969 vocant
1310 925 1323 968 ε
1353 910 1418 969 et
1450 902 1580 970 illae
1613 899 1866 967 habent
1896 906 2186 964 rectores
2225 896 2340 985 qui

789 1021 1067 1100 mutyra
1098 1018 1457 1076 vocantur.
1494 1007 1766 1096 Mutyra
1794 1011 2022 1071 autem
2054 1024 2192 1068 non
2221 1022 2345 1090 ge-

786 1126 977 1186 nerat
1006 1116 1292 1184 ulterius
1334 1114 1638 1181 cikinam
1669 1134 1868 1200 apem
1900 1109 2043 1175 sive
2063 1128 2340 1196 vespam

792 1247 1138 1314 magnam,
1199 1222 1319 1288 sed
1357 1222 1589 1310 potius
1635 1224 1915 1309 generat
1970 1223 2338 1302 mutyram,

783 1335 916 1403 hoc
954 1341 1076 1410 est,
1122 1339 1482 1398 rectorem.
1536 1328 1614 1393 In
1645 1324 2082 1417 generatione
2113 1330 2338 1388 autem

784 1442 854 1505 in
894 1438 1052 1503 nido
1083 1458 1208 1503 suo
1231 1432 1401 1523 pulli
1419 1440 1726 1524 mutyres
1756 1437 1914 1496 sunt
1943 1429 2010 1494 iu
2038 1427 2341 1517 partibus

782 1542 1248 1634 superioribus
1279 1540 1594 1631 generari
1614 1562 1700 1607 ex
1717 1537 1971 1606 cikinio
2001 1536 2072 1602 in
2101 1555 2341 1623 super-

782 1650 930 1716 ficie
983 1647 1338 1715 foraminis
1369 1645 1740 1736 superioris
1775 1666 1791 1711 :
1827 1649 1893 1711 et
1930 1648 2089 1707 sunt
2115 1642 2336 1729 primo

779 1780 1047 1826 vermes
1071 1757 1305 1845 magni
1338 1755 1408 1820 in
1440 1761 1737 1845 quatuor
1764 1747 2210 1818 foraminibus
2241 1748 2340 1813 ni-

780 1865 848 1932 di
880 1866 1222 1933 continuis
1263 1861 1671 1930 ducentibus
1719 1859 1804 1926 ad
1844 1856 2104 1924 nidum.
2144 1853 2337 1944 Saepe

784 1974 985 2040 etiam
1008 1969 1383 2059 suntplura
1406 1966 1749 2034 foramina
1778 1985 1985 2055 quam
2017 1968 2330 2051 quatuor,

783 2079 899 2146 sed
940 2099 1210 2167 semper
1245 2075 1316 2141 in
1347 2072 1839 2163 superficiebus
1870 2091 2105 2137 eorum
2138 2090 2339 2156 gene-

782 2194 1020 2251 rantur
1061 2191 1385 2259 πρίονος,
1431 2188 1499 2248 et
1529 2181 1598 2247 in
1635 2177 1977 2269 profundo
2029 2176 2337 2243 servien-

780 2302 880 2360 tes
915 2315 929 2359 :
966 2302 1027 2359 et
1061 2313 1214 2358 cum
1249 2288 1589 2356 creverint
1614 2285 1782 2377 pulli
1816 2291 2179 2360 rectorum,
2224 2282 2337 2349 ad-

778 2400 1031 2467 ducunt
1071 2400 1167 2464 eis
1206 2398 1312 2464 sui
1353 2395 1728 2464 servientes
1757 2392 1873 2483 qui
1904 2391 2040 2458 nati
2074 2398 2231 2457 sunt
2250 2388 2331 2456 ad

778 2507 1107 2597 obsequia
1126 2527 1394 2582 eorum,
1437 2502 1621 2569 unde
1648 2502 1979 2570 cibentur.
2024 2497 2170 2564 lloc
2208 2519 2335 2563 au-

779 2622 914 2680 tem
946 2614 1308 2700 conjicitur
1345 2634 1431 2677 ex
1469 2609 1626 2688 hoc,
1685 2607 1868 2699 quod
1919 2615 2209 2673 rectores
2238 2605 2336 2671 si-

779 2745 861 2788 ve
930 2744 1122 2810 reges
1178 2719 1248 2785 in
1304 2716 1627 2786 omnibus
1702 2739 1909 2806 apum
1974 2713 2333 2805 generibus

777 2852 914 2895 non
948 2826 1212 2909 volant,
1258 2832 1379 2892 aut
1420 2847 1576 2892 raro
1616 2824 1877 2901 volant,
1913 2821 2027 2889 sed
2058 2827 2239 2888 stant
2267 2821 2336 2886 in

773 2935 1094 3002 domibus
1128 2934 1297 3016 suis,
1355 2941 1423 3001 et
1461 2955 1602 3000 non
1652 2937 2017 3000 moventur
2045 2927 2128 2996 ad
2167 2950 2336 3019 ope-

774 3045 1091 3110 rationes

869 3165 1027 3235 Non
1076 3174 1303 3235 autem
1374 3172 1478 3234 est
1538 3163 1714 3233 bene
1781 3163 2052 3246 scitum,
2100 3171 2330 3230 utrum

775 3274 1049 3366 quando
1108 3274 1502 3340 moriuntur
1558 3279 1855 3340 rectores
1912 3269 2172 3359 antiqui
2217 3268 2330 3359 qui

771 3391 1088 3449 rexerunt
1111 3384 1180 3449 in
1220 3403 1404 3448 anno
1440 3380 1812 3471 praeterito,
1846 3385 2104 3469 ponant
2131 3364 2334 3467 super

769 3514 838 3558 se
878 3490 1048 3558 alios
1087 3498 1384 3558 rectores
1404 3488 1514 3556 vel
1547 3510 1685 3557 non
1722 3509 1737 3553 ε
1766 3509 1891 3555 nec
1927 3492 2029 3553 est
2057 3486 2328 3569 scitum,

768 3606 998 3665 utrum
1050 3605 1347 3665 rectores
1385 3619 1562 3689 quos
1617 3596 1794 3664 forte
1836 3615 2040 3685 super
2102 3614 2174 3660 se
2202 3615 2333 3683 po-

771 3712 965 3786 nunt,
1008 3705 1345 3794 accipiant
1374 3726 1462 3772 ex
1488 3701 1598 3771 his
1626 3724 1780 3794 quae
1805 3701 2123 3770 dicuntur
2158 3700 2333 3767 eike·-

770 3838 910 3891 um,
926 3813 1039 3904 qui
1067 3814 1295 3903 magni
1320 3819 1479 3880 sunt
1498 3833 1812 3903 corpore,
1829 3809 1997 3878 sicut
2020 3807 2331 3900 superius

777 3919 1101 3997 diximus,
1134 3921 1243 3987 vel
1274 3943 1417 3988 non
1453 3941 1469 3986 :
1505 3942 1629 3988 nec
1662 3927 1764 3987 est
1793 3918 2065 3995 scitum,
2100 3924 2329 3984 utrum

769 4027 898 4096 hoc
947 4029 1202 4097 accidat
1256 4051 1530 4119 semper
1585 4026 1960 4095 secundum
2012 4023 2327 4092 eumdem

768 4158 1068 4214 cursum,
1116 4144 1234 4203 aut
1279 4157 1463 4203 non:
1498 4157 1627 4202 nec
1664 4141 1762 4202 est
1795 4133 2064 4209 scitum,
2097 4137 2328 4198 utrum

770 4240 1065 4309 habeant
1086 4243 1310 4331 majus
1327 4250 1600 4333 tempus
1622 4239 1912 4308 durandi
1936 4261 2141 4329 quam
2162 4259 2331 4328 proe-

773 4357 1251 4417 memoratum.
1283 4347 1422 4417 Sed
1453 4370 1592 4416 non
1612 4346 1839 4439 potuit
1867 4343 2090 4413 adbuc
2125 4367 2329 4434 expe-

771 4456 883 4522 riri
919 4455 1173 4547 aliquid
1207 4456 1389 4547 apud
1432 4478 1583 4533 nos,
1642 4453 1831 4547 quod
1877 4461 2148 4543 mutyra
2183 4452 2326 4520 sive

771 4569 992 4629 rector
1019 4564 1314 4630 moritur
1351 4564 1422 4630 in
1453 4571 1766 4653 tempore
1795 4559 2158 4652 praedicto:
2193 4581 2318 4627 nec

765 4671 973 4738 etiam
1001 4670 1208 4737 utrim
1268 4669 1533 4739 cikines
1587 4678 1898 4761 tempore
1949 4667 2129 4734 dicto
2167 4687 2326 4733 mo-

762 4778 955 4854 ritur,
1017 4785 1131 4844 aut
1194 4777 1453 4844 diutius
1501 4777 1673 4844 vivit
1727 4798 1743 4842 :
1800 4783 1867 4843 et
1900 4774 2052 4843 ideo
2102 4770 2324 4841 dubioe

763 4894 924 4955 sunt
968 4886 1327 4977 opiniones
1356 4886 1441 4953 de
1487 4893 1799 4975 tempore
1864 4884 2103 4951 mortis
2151 4884 2323 4950 isto-

765 5018 940 5061 rum.
977 4992 1113 5061 Sed
1144 4992 1330 5085 quod
1368 4993 1602 5069 scitur,
1629 4998 1731 5059 est
1761 4989 1947 5082 quod
1987 4996 2314 5081 mutyres,

765 5124 900 5190 quo
928 5102 1205 5169 nomine
1265 5100 1472 5168 duces
1520 5100 1665 5165 sive
1714 5119 1908 5188 reges
1957 5103 2315 5182 vocantur,

760 5218 917 5276 sunt
958 5208 1073 5275 lati
1114 5210 1420 5300 corporis
1450 5217 1518 5276 et
1547 5203 1939 5298 ponderosi,
1966 5212 2037 5273 et
2058 5205 2322 5296 nigrio-

761 5337 868 5382 res
906 5339 1114 5406 quam
1145 5313 1408 5382 cikines
1436 5309 1663 5380 vocati
1698 5330 1714 5375 :
1750 5314 1817 5375 et
1834 5314 2115 5398 propter
2142 5329 2320 5397 pon-

766 5421 1201 5491 derositatem
1241 5444 1483 5491 eorum
1516 5440 1655 5486 non
1686 5422 1844 5484 sunt
1874 5415 2071 5483 bonae
2094 5416 2317 5483 virtu-

1802 405 1883 470 D.
1937 403 2136 469 ALB.
2191 401 2407 469 MAG.
2464 403 2669 470 ORD.
2719 402 3015 472 PRAED.

2473 575 2579 644 his
2607 601 2754 669 quae
2775 581 3023 647 cikines
3047 588 3412 648 vocantur:
3448 579 3578 648 hoc
3604 582 3787 647 enim
3820 583 4020 649 multi

2461 687 2990 757 aestimaverunt.
3039 688 3368 755 Similiter
3393 697 3620 756 autem
3661 688 4016 756 dubitatur

2462 813 2550 856 an
2581 803 2871 861 rectores
2901 793 3195 864 habeant
3220 797 3556 876 aculeum,
3591 795 3700 863 vel
3732 818 3897 863 non.
3926 796 4011 864 Et

2458 898 2876 986 probabilius
2931 903 3222 982 videtur,
3293 905 3477 993 quod
3541 903 3798 972 habent
3844 927 4016 971 acu-

2456 1004 2692 1074 leum:
2737 1007 2850 1074 sed
2913 1009 3186 1076 aculeus
3246 1020 3580 1077 rectorum
3636 1034 4008 1102 vesparum

2455 1113 2867 1181 assimilatur
2927 1115 3162 1184 aculeo
3247 1120 3427 1207 regis
3503 1141 3736 1207 apum,
3793 1128 3860 1186 et
3910 1126 4014 1187 est

2453 1242 2726 1308 parvus,
2769 1230 2835 1290 et
2883 1246 3261 1314 numquam
3319 1223 3686 1292 extrahunt
3744 1227 3996 1316 ipsum,

2453 1351 2673 1433 neque
2712 1354 3037 1422 umquam
3062 1333 3340 1424 aliquod
3379 1334 3634 1400 animal
3681 1344 4004 1424 pungunt

2448 1458 2574 1524 per
2607 1439 2831 1527 ipsum
2865 1462 2881 1505 :
2916 1441 3034 1508 sed
3071 1442 3418 1509 invenitur
3444 1442 3515 1508 in
3556 1443 3653 1509 eis
3683 1465 3808 1532 per
3834 1464 4010 1510 ana-

2451 1547 2762 1614 tomiam.

2541 1651 2863 1731 Quaedam
2903 1664 3130 1724 autem
3153 1680 3374 1746 vespae
3398 1680 3536 1724 non
3565 1656 3826 1724 habent
3852 1678 4009 1725 acu-

2447 1756 2657 1838 leum,
2729 1784 2879 1851 quae
2956 1763 3274 1832 dicuntur
3334 1763 3621 1842 kiniber,
3683 1763 3817 1831 hoc
3874 1772 4001 1841 est,

2448 1867 2863 1934 masculinae.
2895 1869 3065 1938 Aliae
3095 1879 3320 1938 autem
3369 1870 3621 1939 liabent
3651 1869 3993 1939 aculeum.

2448 1972 2603 2040 Non
2633 1973 2955 2044 habentes
2984 1988 3210 2045 autem
3253 1988 3412 2046 sunt
3451 1980 3754 2046 minores
3787 1987 3855 2047 et
3878 1978 4004 2045 de-

2448 2078 2722 2148 biliores
2768 2081 3173 2151 habentibus
3224 2107 3240 2151 :
3305 2093 3373 2153 et
3436 2084 3764 2153 habentes
3830 2091 3990 2151 sunt

2443 2209 2712 2276 magam
2744 2197 2810 2256 et
2863 2189 3121 2258 fortes:
3186 2200 3251 2260 et
3299 2192 3452 2260 ideo
3502 2192 3994 2260 mendacitera

2445 2296 2850 2386 quibusdam
2916 2298 3312 2368 hominibus
3354 2302 3674 2370 dicuntur
3727 2324 3983 2383 mareS,

2442 2412 2510 2470 et
2561 2415 2862 2475 carentes
2909 2409 3160 2476 aculeis
3207 2409 3529 2478 foeminae.
3601 2409 3994 2500 Opinantur

2443 2513 2647 2580 etiam
2704 2514 3005 2603 quidam,
3066 2517 3250 2607 quod
3323 2517 3518 2608 plura
3586 2516 3992 2585 habentium

2439 2620 2783 2703 aculeum,
2857 2626 3132 2713 ejiciunt
3181 2650 3338 2693 eum
3396 2628 3466 2695 in
3532 2625 3783 2694 hieme.
3851 2625 3989 2694 Sed

2440 2737 2669 2797 tamen
2707 2728 2836 2798 hoc
2867 2732 3088 2802 adhuc
3118 2757 3257 2803 non
3295 2735 3459 2802 satis
3498 2743 3601 2802 est
3629 2743 3993 2824 expertum

2441 2836 2664 2922 nobis,
2707 2847 2772 2906 et
2820 2849 2986 2930 puto
3037 2842 3221 2932 quod
3268 2852 3365 2909 est
3414 2841 3684 2909 salsum.
3743 2832 3990 2931 Vespzb

2441 2952 2668 3012 autem
2702 2947 3234 3039 multiplicantur
3263 2951 3331 3016 in
3363 2949 3529 3017 locis
3558 2949 3689 3017 sibi
3729 2971 3995 3017 conve-

2438 3055 2806 3139 nientibuS,
2839 3080 2988 3148 qum
3018 3067 3177 3126 sunt
3216 3059 3528 3150 regiones
3586 3081 3872 3148 asperae,
3919 3066 3986 3124 et

2438 3162 2749 3235 habitant
2774 3165 2899 3234 sub
2939 3176 3118 3236 terra
3157 3175 3224 3236 et
3251 3175 3493 3258 parant
3513 3165 3712 3235 nidos
3761 3189 3849 3234 ex
3880 3165 3995 3233 lu-

2441 3281 2510 3340 to
2567 3281 2634 3341 et
2706 3298 2788 3343 ex
2842 3282 3016 3343 terra
3067 3298 3083 3343 :
3154 3285 3222 3345 et
3282 3299 3521 3344 omues
3614 3276 3686 3343 in
3752 3273 3993 3342 ordine

2438 3382 2891 3471 generationis
2976 3406 3115 3452 suae
3204 3385 3662 3476 disponuntur
3722 3404 3999 3472 semper

2438 3489 2525 3557 ab
2563 3512 2702 3558 uno
2731 3491 3061 3583 principio
3092 3514 3306 3585 usque
3336 3515 3636 3574 sursum,
3676 3491 3857 3559 sicut
3886 3512 3997 3558 su·

2437 3619 2560 3687 pra
2614 3597 2934 3680 diximus,
2993 3601 3186 3691 quasi
3242 3609 3657 3692 generentur
3706 3621 3792 3668 ex
3849 3620 3992 3665 una

2436 3703 2658 3772 radice
2700 3727 2718 3772 ε
2760 3713 2828 3774 et
2854 3705 3046 3776 cibus
3070 3730 3304 3775 earum
3334 3716 3436 3777 est
3464 3731 3546 3776 ex
3604 3706 3892 3775 floribus
3929 3711 3997 3773 et

2434 3811 2789 3891 fructibus,
2821 3820 2887 3882 et
2923 3836 3101 3905 saepe
3137 3817 3380 3882 vivunt
3427 3838 3511 3882 ex
3550 3813 3704 3883 cibo
3749 3835 3984 3905 apum.

2443 3917 2621 3986 Visae
2651 3927 2811 3989 sunt
2850 3922 3054 3990 etiam
3091 3945 3317 4013 vespae
3374 3921 3744 4013 aliquando
3802 3920 3987 3990 coire

2436 4027 2630 4118 quasi
2686 4027 3103 4098 adhaerentes
3145 4030 3299 4103 sibi,
3363 4053 3514 4120 quae
3572 4037 3728 4096 sunt
3780 4030 3989 4095 unius

2436 4134 2734 4223 generis,
2783 4142 2847 4203 et
2876 4158 3028 4227 quae
3087 4145 3247 4204 sunt
3286 4136 3715 4203 diversorum
3772 4156 3994 4226 gene·-

2440 4262 2592 4307 rum
2639 4261 2655 4306 :
2690 4242 2853 4309 etin
2883 4263 3132 4331 genere
3184 4261 3547 4332 vesparum
3579 4262 3737 4331 quae
3785 4240 3988 4308 stolia

2430 4354 2789 4430 vocantur,
2834 4370 2971 4415 non
3000 4348 3311 4439 apparuit
3343 4347 3541 4414 nobis
3556 4346 3989 4437 experimen-

2432 4458 2859 4531 tum‚utrum
2902 4461 3196 4545 utraque
3242 4454 3472 4522 coiens
3519 4451 3770 4521 habeat
3816 4473 3991 4522 acu-

2428 4558 2637 4627 leum.
2685 4560 2839 4627 Jam
2882 4569 3112 4629 autem
3167 4561 3394 4629 visum
3451 4569 3552 4630 est
3582 4559 3986 4652 aliquando,

2431 4666 2617 4758 quod
2645 4690 2780 4735 una
2809 4668 2890 4736 de
2919 4671 3145 4759 vespis
3175 4668 3564 4737 domesticis
3594 4667 3803 4736 coivit
3826 4691 3986 4738 cum

2431 4796 2572 4842 una
2612 4772 2693 4841 de
2729 4775 3134 4866 agrestibus,
3175 4784 3243 4843 et
3271 4776 3341 4843 in
3370 4798 3508 4842 una
3548 4773 3823 4843 illarum
3855 4798 3986 4867 ap-

2428 4880 2652 4971 paruit
2679 4880 2950 4950 aculeus
2984 4904 3000 4949 :
3045 4880 3160 4949 sed
3192 4882 3274 4950 de
3316 4882 3451 4950 alia
3504 4904 3645 4949 uon
3675 4881 3801 4949 fuit
3833 4905 3989 4951 cer-

2425 4998 2599 5066 tum,
2642 4997 2870 5055 utrum
2906 4986 3207 5067 haberet,
3241 4990 3350 5059 vel
3382 5011 3545 5057 non.

2515 5094 2778 5162 Dicitur
2850 5103 3077 5163 autem
3131 5095 3609 5171 communiter,
3674 5093 3862 5185 quod
3919 5095 3976 5162 si

2423 5201 2790 5292 accipiatur
2826 5224 3036 5295 vespa
3073 5203 3302 5295 aliqua
3331 5203 3599 5287 citrina,
3632 5210 3699 5271 et
3735 5210 3992 5271 tenea-

2420 5316 2535 5377 tur
2559 5331 2680 5399 per
2709 5308 2936 5400 pedes,
2969 5312 3184 5403 ejecto
3221 5310 3346 5378 sibi
3379 5310 3568 5402 prius
3617 5308 3884 5389 aculeo,
3922 5310 3981 5378 si

2420 5417 2764 5485 invenitur
2803 5416 3051 5488 habere
3097 5417 3434 5495 aculeum,
3496 5425 3563 5487 et
3619 5425 3807 5486 tenta
3856 5439 3978 5509 per

757 5530 845 5598 tis
876 5553 1001 5599 nec
1036 5538 1326 5621 possunt
1355 5529 1602 5598 saltare
1631 5521 1951 5593 multum.
1985 5520 2317 5591 Dubitant
2415 5524 2625 5615 pedes
2683 5524 3059 5595 dimittatur
3095 5526 3327 5619 vagari
3369 5525 3520 5602 alis,
3599 5534 3668 5593 et
3727 5547 3979 5595 sonare

759 5646 989 5710 autem
1038 5639 1344 5732 quidam,
1393 5644 1630 5705 utrum
1672 5632 1879 5703 duces
1930 5632 2074 5700 sive
2119 5652 2312 5722 reges
2416 5633 2592 5702 circa
2648 5630 2931 5724 digitum
2982 5633 3276 5702 tenentis
3331 5632 3536 5724 pedes
3564 5633 3742 5723 ejus,
3784 5655 3977 5702 acce·

757 5756 1036 5841 mutyra
1073 5745 1257 5827 dicti,
1302 5744 1746 5814 inveniantur
1772 5743 1845 5810 in
1871 5737 2185 5832 plurimis
2221 5761 2307 5807 ex
2414 5739 2585 5810 dunt
2632 5737 2717 5808 ad
2752 5761 2904 5809 eam
2933 5739 3484 5812 circumvolando
3541 5762 3769 5832 vespm
3833 5762 3975 5811 non
