4919 6371
599 267 729 335 642

596 443 661 499 et
703 453 1016 498 concava:
1048 437 1323 518 propter
1355 426 1560 504 idem,
1597 435 1661 494 et
1708 434 1784 493 ut
1813 447 2020 492 sonos
2051 432 2146 491 te-

597 545 827 605 neant.
874 536 995 603 Via
1038 545 1264 602 autem
1310 536 1493 602 auris
1547 544 1647 601 est
1701 542 2035 607 tortuosa,
2074 539 2147 596 ut

596 645 871 738 longior
924 648 1008 715 sit
1073 669 1086 713 ε
1161 655 1226 714 et
1284 669 1518 724 curva,
1571 667 1653 711 ne
1692 642 1977 731 frigidus
2033 661 2148 704 aer

599 756 733 822 cito
766 756 1180 845 ingrediatur
1227 753 1311 821 ad
1351 752 1729 827 cerebrum,
1763 758 1825 814 et
1875 746 2148 813 inducat

596 871 1111 939 nocumentum,
1147 860 1258 928 sed
1296 861 1482 949 prius
1512 864 1640 924 stet
1679 864 1744 922 et
1784 852 2047 921 calefiat
2078 852 2145 915 in

596 990 761 1035 aure
801 978 907 1035 :et
937 970 1137 1035 etiarn
1169 975 1242 1032 ut
1271 988 1387 1031 aer
1416 964 1684 1053 quietus
1716 962 1786 1025 in
1816 980 1978 1024 aure
2010 979 2149 1022 me-

592 1074 726 1141 lius
765 1075 851 1141 sit
908 1082 1104 1139 natus
1164 1071 1462 1158 recipere
1531 1089 1810 1134 omnem
1867 1085 2140 1130 sonum.

594 1180 805 1247 Nervi
862 1190 1085 1246 autem
1161 1176 1466 1265 tympani
1523 1175 1704 1240 auris
1761 1178 1917 1239 sunt
1965 1169 2141 1247 duri,

595 1287 760 1376 quia
815 1284 1053 1351 melius
1108 1291 1305 1349 sonat
1344 1282 1617 1359 durum,
1678 1286 1751 1346 ut
1817 1279 2138 1345 diximus,

594 1391 716 1459 Est
772 1400 997 1457 autem
1052 1391 1162 1457 via
1218 1390 1393 1456 inter
1447 1410 1681 1456 aurem
1728 1393 1795 1452 et
1839 1383 2142 1475 palatum

593 1518 736 1563 non
770 1495 1119 1563 manifesta
1155 1517 1170 1561 ε
1206 1503 1487 1585 propter
1518 1492 1699 1583 quod
1730 1493 1934 1559 etiam
1965 1490 2145 1557 acuti

594 1606 748 1672 soni
812 1604 1203 1673 concutiunt
1288 1603 1550 1671 dentes,
1643 1600 1867 1680 Quare
1916 1607 2146 1665 autem

590 1712 917 1780 animalia
980 1711 1286 1802 quaedam
1354 1733 1552 1779 aures
1619 1731 1759 1777 non
1819 1705 2141 1784 habeant,

593 1820 760 1887 satis
792 1820 860 1886 iu
891 1817 1278 1910 praehabitis
1313 1818 1568 1886 dictum
1599 1823 1720 1883 est.

684 1926 1033 2018 Organum
1089 1937 1317 1995 autem
1375 1926 1658 1993 olfactus
1734 1924 1804 1991 in
1863 1920 2144 1990 animali

592 2034 779 2124 quod
807 2041 1082 2125 generat
1117 2033 1242 2100 sibi
1286 2031 1507 2099 simile
1539 2029 1818 2111 animal,
1853 2036 2005 2118 apte
2037 2027 2148 2093 lo-

590 2151 784 2210 catur
815 2144 990 2209 inter
1026 2141 1158 2208 duo
1210 2141 1677 2208 additamenta
1734 2135 2145 2205 mamillaria

591 2250 876 2318 cerebri.

685 2358 969 2427 Narium
997 2367 1223 2426 autem
1273 2357 1526 2425 utilitas
1582 2355 1824 2446 triplex
1873 2354 2145 2420 inveni-

595 2475 730 2536 tur.
772 2467 918 2536 Una
961 2467 1260 2559 quidem,
1306 2476 1380 2535 ut
1415 2467 1502 2533 sit
1530 2466 1641 2533 via
1689 2464 1994 2553 respit-ati
2024 2486 2146 2530 ae-

593 2578 713 2653 riS,
749 2578 941 2666 cujus
970 2576 1119 2643 licet
1151 2597 1396 2665 magna
1426 2596 1582 2664 pars
1613 2573 1697 2642 ad
1743 2571 2141 2664 pulmonem

597 2683 991 2759 deducatur,
1027 2694 1252 2751 tamen
1292 2681 1584 2751 multum
1614 2681 1801 2749 venit
1831 2679 1913 2746 ad
1954 2702 2147 2747 ccre-

596 2793 826 2873 brum,
861 2816 941 2861 eo
981 2791 1163 2883 quod
1192 2793 1362 2859 odor
1422 2792 1489 2857 in
1547 2813 1698 2857 aere
1739 2788 1982 2856 melius
2022 2789 2145 2855 de-

594 2898 847 2967 fertur:
875 2909 938 2968 et
968 2901 1170 2968 etiam
1202 2906 1274 2965 ut
1304 2897 1656 2966 cerebrum
1688 2896 2140 2987 refrigeretur,

593 3020 658 3078 et
690 3020 764 3079 ut
796 3011 1133 3101 superflua
1172 3012 1238 3076 in
1278 3009 1554 3078 cerebro
1613 3016 1803 3077 motu
1853 3030 1977 3074 suo
2028 3030 2147 3096 per

590 3121 1149 3188 sternutationem
1219 3119 1465 3209 ejiciat.
1529 3102 1839 3185 Secunda
1914 3123 2144 3181 autem

592 3226 851 3294 utilitas
890 3235 1010 3301 est,
1056 3236 1126 3292 ut
1169 3248 1324 3316 pars
1362 3225 1537 3291 aeris
1569 3226 1633 3290 iu
1682 3246 1798 3291 ore
1860 3230 2140 3299 retenta,

590 3336 941 3403 emittatur
986 3357 1103 3425 per
1159 3356 1354 3400 nares
1388 3354 1404 3399 ε
1460 3333 1619 3423 quia
1657 3353 1968 3421 egressus
1997 3329 2146 3418 ejus

589 3465 716 3534 per
753 3464 834 3509 os
862 3450 960 3510 est
1008 3441 1251 3518 malus,
1285 3463 1368 3508 eo
1399 3438 1581 3530 quod
1618 3461 1773 3507 cum
1804 3438 1969 3505 timo
1999 3445 2148 3504 sto-

589 3549 819 3619 machi
858 3552 1354 3627 commiscetur,
1387 3557 1455 3618 et
1516 3547 1803 3617 eflicitur
1843 3546 2140 3614 foetiaus.

588 3659 817 3727 Tertia
857 3666 1081 3726 autem
1131 3656 1388 3725 utilitas
1426 3664 1554 3740 est,
1595 3664 1669 3722 ut
1714 3653 2146 3744 superfluitas

588 3765 1003 3857 phlegmatis
1040 3764 1456 3833 descendens
1509 3786 1546 3830 a
1584 3760 1888 3838 cerebr0,
1923 3784 1961 3827 a
1990 3762 2143 3828 visu

589 3872 1047 3946 abscindatur,
1105 3881 1166 3940 et
1231 3895 1352 3962 per
1406 3892 1604 3938 nares
1669 3870 1998 3959 ejiciatur.
2043 3867 2142 3936 lle

593 3981 1091 4071 compositione
1138 3988 1365 4048 autem
1416 3980 1562 4046 nasi
1608 3978 1772 4045 satis
1845 3976 2144 4044 diximus

591 4093 662 4159 in
730 4092 1072 4159 anatomia
1115 4114 1132 4160 :
1174 4090 1290 4158 sed
1345 4090 1454 4158 hir.
1526 4088 1906 4167 sciendum,
1956 4086 2143 4178 quod

589 4198 922 4289 cartilago
943 4199 1162 4265 media
1184 4222 1336 4290 qua.-
1357 4208 1511 4266 ante
1541 4194 1891 4286 distinguit
1914 4217 2139 4272 nares,

589 4307 828 4377 durior
889 4316 988 4377 est
1051 4332 1252 4401 quam
1330 4318 1648 4378 extremae
1707 4307 1776 4375 in
1851 4314 2143 4396 utroque

588 4414 800 4482 latere
821 4416 991 4490 nasi,
1025 4424 1100 4483 ut
1129 4417 1501 4484 exteriores
1529 4411 1818 4482 distendi
1849 4412 2136 4503 possint,

587 4532 655 4591 et
686 4524 805 4590 liat
843 4547 926 4591 ex
957 4521 1086 4591 hoc
1136 4525 1356 4614 major
1413 4524 1559 4592 nasi
1607 4523 1866 4614 apertio
1909 4541 1926 4587 ε
1962 4543 2143 4611 quo-

587 4629 777 4695 niam
840 4630 895 4695 si
927 4629 1145 4697 media
1183 4629 1753 4704 extenti-deretur,
1796 4633 2142 4718 oporteret

586 4733 775 4824 quod
803 4734 1138 4803 clauderet
1168 4759 1440 4828 seiuper
1485 4735 1593 4804 vel
1643 4735 2142 4822 constringeret

585 4841 875 4910 alteram
931 4867 1188 4913 narem.
1254 4844 1421 4914 Dum
1479 4851 1709 4912 autem
1740 4851 1921 4921 sunt,
1985 4841 2138 4909 ideo

587 4951 750 5041 quia
789 4953 843 5018 si
874 4953 989 5019 uni
1019 4952 1277 5021 accidat
1303 4952 1630 5044 oppilatio
1668 4972 1756 5018 ex
1779 4947 2133 5029 catarrhis,

585 5058 695 5127 vel
727 5058 861 5126 alia
887 5082 1113 5144 causa,
1153 5060 1338 5151 quod
1395 5060 1531 5129 alia
1584 5059 1920 5128 deserviat
1983 5059 2139 5125 ani-

583 5164 749 5232 mali
785 5188 802 5234 ε
838 5175 904 5236 et
949 5165 1095 5236 lunc
1132 5176 1233 5235 est
1294 5190 1499 5237 causa
1545 5165 1880 5259 generalis
1926 5187 2138 5257 quare

581 5274 812 5340 omnis
840 5297 1078 5343 sensus
1116 5284 1217 5344 est
1254 5277 1596 5367 geminus.

667 5379 984 5470 Amplius
1012 5391 1240 5452 autem
1266 5383 1428 5474 quia
1457 5379 1732 5474 elephas
1761 5402 1898 5447 non
1931 5378 2136 5448 habet

577 5487 867 5583 longum
929 5491 1182 5560 collum
1239 5501 1305 5562 et
1363 5500 1590 5586 eaput,
1643 5489 1797 5559 ideo
1870 5488 2134 5558 moveri

579 5618 721 5666 non
753 5598 1042 5667 multum
1070 5608 1294 5690 potest
1344 5623 1361 5669 ε
1414 5610 1478 5671 et
1529 5607 1629 5669 est
1686 5596 1938 5667 animal
1979 5619 2136 5665 ma·-

1595 253 1678 320 1).
1731 250 1929 318 ALB.
1985 249 2200 317 MAG.
2258 246 2464 315 om).
2522 246 2817 314 PRAED.

2250 445 2462 511 gnum
2497 420 2693 488 valde
2722 427 2789 487 et
2841 416 3229 508 aquaticum
3260 414 3376 481 diu
3416 424 3480 481 et
3522 414 3809 480 multum

2251 540 2435 596 stans
2471 531 2536 596 in
2589 530 2831 619 aquis:
2872 535 3151 617 propter
3208 522 3389 615 quod
3449 521 3811 612 aliquando

2250 638 2465 704 tribus
2505 661 2575 703 se
2607 637 2896 727 pedibus
2935 642 3184 725 portat,
3230 641 3293 701 et
3350 632 3563 722 parcit
3609 652 3815 720 quar-5

2251 753 2317 810 to
2355 766 2368 807 :
2407 743 2560 809 ideo
2593 744 2748 810 fecit
2798 746 2858 810 ei
2901 750 3143 808 natura
3200 764 3441 807 nasum
3500 740 3807 829 longum,

2251 874 2452 940 quem
2543 849 3016 939 proboscidem
3084 857 3355 929 vocant,
3432 872 3550 937 per
3608 871 3811 938 quem

2250 957 2455 1045 spirat
2492 956 2765 1046 quando
2826 956 3162 1045 mergitur
3234 953 3359 1021 sub
3400 975 3601 1043 aqua,
3646 977 3811 1021 naso

2250 1089 2523 1133 sursum
2567 1075 2751 1133 extra
2787 1087 3037 1156 aquam
3061 1073 3398 1154 porrecto.
3435 1063 3554 1130 Est
3584 1072 3812 1130 autem

2253 1197 2457 1241 nasus
2490 1176 2636 1264 ejus
2676 1174 2942 1241 medius
2973 1173 3154 1239 inter
3205 1172 3450 1239 durum
3484 1180 3548 1239 et
3580 1171 3808 1249 molle,

2255 1292 2317 1350 et
2376 1281 2616 1350 habuit
2684 1282 2942 1373 aliquid
3011 1280 3354 1359 mollitiei,
3424 1289 3500 1347 ut
3582 1280 3810 1370 plicari

2255 1393 2498 1460 melius
2565 1403 2792 1484 posset
2838 1417 2853 1461 :
2899 1395 3059 1483 quia
3106 1415 3228 1482 per
3287 1393 3507 1481 ipsum
3573 1392 3813 1481 accipit

2252 1509 2517 1590 potum,
2553 1511 2618 1569 et
2656 1502 2789 1568 alia
2827 1501 2984 1569 l'acit
3013 1523 3244 1591 opera.
3280 1489 3556 1589 Aliquid
3588 1507 3814 1566 autem

2249 1607 2517 1675 duritiei
2551 1608 2847 1682 retinuit,
2891 1616 2966 1674 ut
2996 1630 3135 1675 non
3173 1606 3367 1675 facile
3408 1604 3691 1673 laedatur
3719 1603 3804 1672 ab

2250 1716 2843 1783 occasionantibus
2876 1738 2890 1782 :
2919 1714 3080 1806 quia
3100 1737 3220 1804 per
3250 1716 3472 1804 ipsum
3513 1721 3801 1804 pugnat,

2252 1832 2316 1891 et
2353 1847 2423 1890 se
2453 1824 2773 1891 defendit.
2840 1823 3169 1891 Referunt
3210 1831 3436 1891 autem
3505 1821 3807 1912 quidam,

2253 1941 2327 1998 ut
2365 1940 2651 2000 testatur
2679 1932 3270 2009 Avicenna,etiam
3303 1929 3630 2022 quasdam
3662 1951 3816 1996 vac-

2251 2062 2362 2107 cas
2420 2062 2589 2116 esse,
2649 2062 2799 2131 quoe
2841 2039 3015 2107 tales
3045 2037 3292 2106 habent
3351 2038 3810 2128 proboscides,

2250 2169 2373 2235 per
2438 2170 2609 2237 quas
2677 2148 2959 2237 capiunt
3019 2144 3272 2227 cibum,
3307 2154 3371 2213 et
3434 2154 3697 2235 ponunt
3748 2147 3814 2212 in

2251 2279 2367 2324 ore
2426 2280 2552 2325 suo
2591 2280 2605 2324 ε
2637 2280 2721 2324 ex
2780 2279 2918 2348 quo
2954 2257 3137 2324 enim
3208 2253 3647 2324 abbreviatur
3682 2255 3819 2322 col-

2251 2363 2419 2444 lum,
2491 2371 2554 2431 et
2611 2363 2863 2431 animal
2943 2372 3046 2431 est
3102 2384 3432 2455 magnum
3477 2370 3544 2431 et
3573 2361 3811 2441 altum,

2248 2479 2516 2562 oportet
2545 2472 2730 2563 quod
2758 2471 3020 2563 aliquid
3048 2472 3333 2563 longum
3365 2473 3451 2538 sit
3486 2481 3668 2551 ante,
3698 2494 3819 2562 per

2248 2581 2428 2671 quod
2472 2581 2822 2649 inclinatio
2888 2580 3005 2648 liat
3064 2580 3147 2647 ad
3187 2589 3439 2648 terram
3525 2582 3593 2646 in
3680 2602 3816 2670 qua

2251 2698 2350 2755 est
2388 2689 2579 2755 cibus
2617 2685 3045 2755 animalium.
3080 2687 3237 2755 Non
3297 2695 3525 2755 autem
3606 2710 3683 2755 os
3722 2689 3818 2756 sic

2251 2795 2643 2886 prolongari
2675 2795 2924 2886 potuit,
2962 2796 3121 2886 quia
3158 2794 3570 2862 mandibulae
3614 2796 3816 2862 nimis

2253 2904 2537 2971 fuissent
2586 2903 2989 2994 ponderosae
3056 2926 3072 2970 ε
3134 2926 3355 2994 neque
3408 2903 3586 2972 labia
3646 2927 3816 2994 pro-

2254 3011 2513 3102 longari
2581 3019 2920 3102 poterant,
2957 3034 3040 3081 eo
3083 3012 3262 3103 quod
3306 3020 3571 3079 motum
3606 3035 3807 3080 man-

2251 3119 2636 3188 dibularum
2672 3120 3211 3212 impedivissent,
3238 3121 3354 3213 qui
3385 3122 3810 3190 necessarius

2251 3229 2450 3295 estin
2528 3229 2995 3297 masticatione
3041 3252 3057 3296 ε
3118 3237 3183 3296 et
3238 3230 3335 3297 sic
3401 3229 3807 3320 relinquitur

2252 3332 2434 3425 quod
2466 3336 2768 3422 oportuit
2799 3333 3194 3425 prolongari
3233 3357 3501 3402 nasum.
3536 3333 3621 3401 Et
3654 3334 3814 3424 quia

2252 3463 2457 3509 nasus
2513 3440 2760 3532 longus
2788 3449 2958 3522 erat,
3002 3441 3301 3532 oportuit
3342 3464 3419 3509 os
3450 3442 3613 3533 poni
3646 3441 3818 3508 sub-

2250 3556 2358 3615 tus
2398 3549 2467 3615 in
2498 3551 2716 3640 capite
2751 3570 2994 3617 versus
3032 3555 3293 3639 pectus,
3337 3570 3418 3616 eo
3452 3549 3635 3639 quod
3676 3548 3815 3616 col·

2253 3656 2393 3725 lum
2425 3657 2630 3725 breve
2660 3657 2786 3725 l'uit
2820 3678 2837 3724 :
2882 3665 2950 3725 et
2987 3656 3042 3724 si
3084 3679 3163 3727 os
3192 3655 3320 3726 sub
3352 3679 3523 3726 naso
3547 3657 3807 3737 fuisset,

2252 3765 2607 3857 longitudo
2639 3765 2782 3833 nasi
2814 3764 2981 3833 illud
3020 3765 3419 3856 operuisset.
3458 3766 3641 3834 Aves
3680 3789 3812 3834 au-

2250 3878 2386 3937 tem
2435 3871 2699 3938 strictas
2751 3891 2951 3938 nares
3005 3867 3259 3937 habent
3325 3891 3532 3959 super
3591 3878 3810 3937 rostra
3910 3946 3932 3964 ·

2249 4001 2420 4046 sua:
2467 4003 2548 4047 eo
2587 3978 2773 4070 quod
2840 3985 3137 4048 rostrum
3194 3978 3506 4069 superius
3563 3987 3664 4046 est
3702 3979 3801 4045 eis

2253 4087 2401 4154 loeo
2441 4087 2614 4154 nasi.

2341 4194 2500 4263 llaec
2520 4196 2727 4286 igitur
2752 4194 3108 4264 dictasunt
3138 4194 3221 4263 de
3252 4216 3444 4272 naso,
3479 4194 3806 4284 quoniam

2250 4302 2379 4371 alia
2410 4302 2588 4370 dicta
2628 4310 2786 4371 sunt
2827 4303 2897 4371 in
2929 4302 3302 4372 anatomia.
