4919 6371
1962 466 2134 537 LIB.
2187 468 2282 536 lv
2332 470 2450 537 DE
2497 469 3086 552 ANIMALIBUS,
3137 472 3447 542 TRACT.
3503 473 3526 537 l

1247 640 1561 729 Amplius
1602 644 1834 702 autem
1876 637 2098 707 adhuc
2129 649 2227 707 est
2277 641 2528 709 animal
2585 663 2709 730 pe-

1160 752 1471 840 lagosum
1540 745 1609 809 in
1674 744 2014 833 profundo
2095 750 2316 840 pelagi
2401 769 2705 826 manonS,

1159 856 1339 949 quod
1414 853 1648 943 generi
1715 852 2051 924 malachie
2108 857 2379 925 videtur
2419 877 2564 922 esse
2593 876 2713 921 co-

1154 971 1465 1054 gnatum,
1501 970 1566 1027 et
1605 969 1706 1028 est
1728 961 2024 1031 duorum
2058 963 2445 1030 modorum.
2484 960 2710 1028 Unum

1154 1072 1335 1137 enim
1373 1079 1723 1137 vocatura
1795 1072 2183 1139 marinariis
2223 1071 2419 1149 thim,
2482 1076 2547 1136 et
2612 1067 2714 1134 al-

1152 1187 1371 1244 terum
1413 1179 1701 1255 coc-him,
1741 1200 2038 1267 quorum
2071 1186 2445 1266 utrumque
2481 1177 2547 1243 in
2586 1173 2712 1244 hoc

1147 1293 1516 1376 cognatum
1597 1293 1706 1353 est
1786 1283 2149 1362 malachie,
2249 1285 2410 1375 quia
2494 1285 2712 1375 capita

1146 1402 1596 1482 utrorumque
1654 1398 1813 1458 sunt
1853 1391 2031 1459 inter
2068 1392 2276 1482 pedes
2336 1415 2609 1470 eorum,
2645 1401 2708 1460 et

1142 1524 1218 1569 os
1249 1522 1487 1568 eorum
1529 1507 1630 1565 est
1662 1498 2011 1587 posterius
2072 1500 2291 1568 oculis
2318 1509 2323 1515 ’
2349 1524 2555 1591 super
2599 1523 2712 1568 ca-

1138 1616 1260 1698 put
1297 1628 1565 1683 eorum,
1601 1613 1667 1672 et
1697 1605 1769 1672 in
1810 1605 1933 1674 illo
1978 1630 2097 1676 ore
2147 1616 2308 1675 sunt
2344 1607 2604 1684 denteS,
2651 1616 2714 1674 et

1149 1736 1356 1804 super
1422 1711 1592 1779 illud
1670 1735 1748 1779 os
1814 1714 1886 1781 in
1961 1716 2215 1783 vertice
2267 1715 2508 1805 capitis
2558 1723 2713 1780 sunt

1152 1818 1330 1887 oculi
1372 1819 1631 1911 magni,
1666 1819 1737 1886 in
1778 1841 1918 1911 quo
1953 1820 2379 1911 distinguens
2418 1828 2522 1889 est
2559 1843 2718 1911 par-

1157 1948 1245 1992 va
1273 1924 1629 2016 cartilago,
1686 1934 1753 1993 et
1811 1927 1881 1993 in
1931 1947 2049 1993 ore
2108 1927 2254 2014 ejus
2302 1933 2402 1994 est
2450 1926 2715 1994 modica

1162 2051 1317 2096 caro
1384 2049 1536 2119 quae
1614 2026 1766 2095 loco
1844 2026 2098 2118 linguae
2185 2051 2329 2097 esse
2420 2028 2711 2096 videtur.

1163 2136 1444 2204 Nullum
1494 2136 1679 2203 enim
1720 2135 1918 2203 istius
1949 2136 2137 2204 modi
2177 2135 2382 2205 habet
2412 2136 2717 2227 linguam

1162 2243 1537 2312 secundum
1559 2243 1947 2323 veritatem,
1974 2244 2088 2312 sed
2121 2245 2272 2314 loco
2302 2244 2553 2335 linguoe
2592 2244 2721 2311 uti-

1158 2362 1264 2420 tur
1310 2375 1512 2421 carne
1560 2352 1732 2419 illa:
1796 2361 2050 2422 etcum
2096 2353 2435 2443 laceratur
2472 2376 2718 2443 corpus

1152 2459 1322 2546 ejuS,
1358 2481 1497 2525 non
1529 2458 1856 2526 dividitur
1894 2459 1966 2527 in
2016 2458 2346 2551 longum:
2383 2460 2503 2528 sed
2559 2482 2716 2527 caro

1151 2565 1456 2655 corporis
1494 2565 1599 2632 sui
1643 2564 1938 2633 rotunda
1995 2565 2322 2635 dividitur
2381 2566 2716 2634 divisione

1156 2694 1229 2738 ac.
1260 2673 1314 2738 si
1341 2694 1425 2738 ex
1456 2669 1758 2761 globulis
1785 2681 1965 2740 esset
1993 2674 2399 2763 composita.

1244 2778 1378 2846 Sed
1450 2780 1518 2845 in
1570 2777 1699 2846 hoc
1760 2781 2185 2848 conveniunt
2243 2803 2483 2848 omnes
2533 2779 2715 2848 modi

1161 2884 1519 2956 malachie.
1554 2885 1739 2976 quod
1781 2884 2036 2954 habent
2077 2890 2338 2955 corium
2371 2911 2511 2978 quo
2559 2911 2713 2954 ror-

1160 3016 1283 3083 pus
1323 3016 1525 3060 suum
1556 2995 1963 3083 cooperiunt
1995 3004 2057 3061 et
2084 3018 2223 3062 non
2257 2996 2323 3062 in
2358 3004 2526 3062 testa
2556 3003 2713 3062 sunt

1160 3103 1326 3169 dura
1358 3102 1464 3169 vel
1501 3101 1720 3180 molli,
1754 3102 1873 3169 sed
1905 3113 2007 3170 est
2037 3106 2298 3173 corium
2332 3105 2515 3198 quod
2554 3126 2719 3172 coo-

1159 3214 1330 3302 perit
1369 3236 1472 3280 ea.
1510 3211 1783 3280 Creatio
1826 3223 2058 3282 autem
2118 3237 2401 3283 suorum
2434 3216 2718 3283 interio-

1159 3347 1309 3390 rum
1342 3331 1445 3392 est
1481 3322 1862 3390 secundum
1894 3324 2079 3413 quod
2130 3324 2525 3392 reseremus.
2580 3323 2717 3391 lla-

1155 3430 1311 3497 lwnt
1383 3431 1590 3521 igitur
1655 3440 1806 3521 post
1838 3453 1960 3499 ora
2001 3456 2126 3500 sua
2156 3433 2242 3501 ad
2272 3434 2554 3502 inferius
2578 3436 2715 3502 oris

1155 3540 1437 3606 interius
1465 3535 1918 3628 oesophagum
1960 3538 2246 3631 longum
2273 3550 2341 3609 et
2377 3543 2710 3619 strictum,

1150 3654 1396 3735 etpost
1437 3643 1891 3736 ‹nsophagum
1934 3646 2216 3714 iuferius
2256 3671 2503 3739 papam
2564 3672 2717 3716 ma-

1148 3775 1354 3842 guam
1413 3775 1566 3842 quae
1626 3752 1872 3819 similis
1929 3762 2032 3823 est
2081 3778 2275 3846 papa:
2325 3756 2555 3823 avium
2594 3779 2609 3823 :
2647 3767 2715 3825 et

1154 3858 1264 3926 illa
1294 3881 1470 3949 papa
1500 3858 1775 3926 videtur
1811 3882 1959 3927 esse
2013 3859 2169 3929 loco
2206 3861 2583 3932 stomachi:
2646 3875 2711 3933 et

1153 3975 1303 4057 post
1370 3990 1618 4058 papam
1679 3965 1870 4034 illam
1911 3965 2168 4037 liabent
2226 3979 2534 4039 ventrem
2565 3972 2710 4041 sive

1151 4074 1414 4141 ventris
1450 4072 1849 4142 intestinum
1884 4075 2273 4144 involutum
2322 4086 2387 4144 et
2445 4089 2713 4147 tortuo-

1139 4206 1318 4261 sum,
1379 4192 1444 4250 et
1511 4181 1639 4251 hoc
1672 4190 1775 4251 est
1830 4184 2122 4275 spissius
2162 4210 2370 4277 quam
2403 4187 2710 4279 nosoplia·

1142 4315 1269 4379 gns
1311 4294 1379 4358 iu
1437 4291 1846 4370 substantia,
1885 4302 1950 4360 et
1995 4293 2081 4361 ad
2122 4293 2251 4363 hoc
2312 4296 2707 4365 intestinum

1142 4397 1581 4465 continuatur
1619 4397 1875 4487 gracile
1909 4399 2307 4468 intestinum
2340 4404 2712 4494 procedi-ns

1140 4504 1224 4571 ad
1281 4503 1392 4572 ani
1445 4502 1813 4571 orificium.
1852 4503 1934 4571 Et
1989 4504 2223 4575 nullus
2253 4507 2527 4598 quidem
2560 4532 2714 4576 mo-

1146 4608 1652 4680 dus'malachie
1694 4608 1898 4679 habet
1979 4611 2166 4681 aliud
2235 4615 2619 4684 membrum
2674 4641 2712 4684 a

1151 4720 1374 4796 dicus,
1411 4719 1540 4786 nisi
1573 4718 1965 4788 membrum
2011 4722 2195 4812 quod
2254 4726 2530 4792 maslini
2597 4748 2713 4792 vo·

1149 4836 1365 4902 catur,
1404 4824 1586 4915 quud
1622 4849 1743 4892 vas
1791 4827 2246 4898 seminarium
2304 4831 2714 4924 interpreta-

1152 4945 1287 5013 tur,
1370 4936 1438 5001 iu
1497 4957 1636 5025 quo
1700 4942 1801 5002 est
1870 4933 2248 5006 humiditas
2306 4945 2710 5031 spermatica

1149 5042 1388 5131 ipsius,
1460 5048 1526 5107 et
1576 5038 1705 5107 hoc
1737 5049 1838 5108 est
1894 5044 2282 5113 membrum
2332 5047 2530 5115 valde
2561 5073 2712 5118 ma-

1146 5167 1387 5234 guum,
1432 5153 1495 5208 et
1536 5142 1664 5209 sub
1712 5168 1830 5212 ore
1876 5148 2023 5237 ejus
2072 5149 2373 5239 positum
2416 5152 2708 5223 multum

1146 5251 1505 5320 continens
1545 5247 1627 5315 di·
1661 5249 1953 5320 humore
1986 5255 2208 5346 nigro,
2241 5258 2416 5326 sicut
2443 5269 2542 5327 est
2601 5261 2711 5327 in-

1147 5366 1489 5434 caustum,
1525 5366 1589 5424 et
1662 5361 1965 5429 maxime
2014 5364 2084 5430 in
2130 5364 2320 5454 sepia
2349 5374 2414 5432 et
2444 5367 2702 5458 polipo,

1144 5488 1294 5556 qum
1322 5473 1479 5532 sunt
1512 5464 1594 5534 de
1641 5487 1895 5556 genere
1930 5468 2293 5550 medat-hie,
2334 5474 2511 5543 sicut
2530 5474 2711 5544 dixi-

1150 5594 1302 5638 mus
1368 5572 1682 5661 superius
1719 5593 1734 5638 ε
1794 5581 1860 5640 et
1927 5577 2202 5665 quando
2244 5580 2486 5649 accidit
2516 5582 2577 5650 ei
2621 5585 2708 5651 ti-

1146 5699 1299 5746 mor
1371 5700 1453 5744 ex
1530 5676 1764 5770 aliquo
1857 5680 1993 5749 alio
2051 5685 2332 5755 animali
2414 5700 2708 5761 venante

1151 5786 1402 5875 ipsum,
1436 5785 1619 5872 ejicit
1666 5786 1894 5877 ipsum
1926 5787 2289 5861 tumorem
2337 5794 2407 5862 in
2455 5817 2703 5886 aquam

4250 472 4379 540 265

2828 648 2892 705 et
2919 639 3148 705 turbat
3180 663 3355 708 eam.
3390 641 3508 707 Est
3545 650 3774 708 autem
3806 640 3939 708 hoo
3992 640 4374 708 membrum

2825 746 3032 811 situm
3073 745 3200 812 sub
3232 768 3348 814 ore
3382 748 3616 837 ipsius,
3662 757 3728 813 et
3757 757 3912 837 post
3943 750 4168 838 ipsum
4202 750 4382 816 inte-

2826 849 2965 917 rius
2997 858 3098 918 est
3127 851 3562 943 oesophagus,
3598 854 3771 919 siout
3831 854 3898 919 in
3965 854 4379 943 spirantibus

2826 964 2927 1024 est
2980 958 3394 1050 oesophagus
3441 968 3598 1051 post
3642 982 3931 1027 cannam
3972 959 4371 1048 pulmonis:

2826 1073 2890 1131 et
2929 1065 3093 1133 dum
3126 1067 3424 1156 procedit
3474 1068 3871 1135 intestinum
3930 1066 4014 1132 ab
4072 1066 4375 1134 inferiori

2827 1180 2892 1239 et
2931 1174 3317 1242 extenditur
3354 1176 3664 1264 superius
3686 1175 3887 1262 juxta
3915 1196 3992 1240 os
4035 1174 4205 1261 ejuS‚
4240 1173 4377 1241 col-

2823 1280 3060 1371 ligitur
3119 1305 3322 1350 suum
3398 1304 3631 1348 semen
3698 1282 3768 1348 in
3842 1280 3995 1362 tela,
4069 1289 4136 1348 et
4203 1282 4382 1371 ejicit

2826 1388 3076 1477 ipsum,
3112 1396 3187 1456 ut
3250 1389 3573 1466 diximuS,
3646 1388 3738 1454 ita
3786 1386 3970 1478 quod
4014 1410 4136 1477 per
4168 1411 4380 1455 unum

2826 1496 3146 1565 eumdem
3212 1499 3471 1566 exitum
3546 1497 3629 1565 ad
3696 1520 3902 1588 quem
3989 1496 4387 1565 derivantur

2827 1611 3094 1671 meatus
3122 1604 3399 1683 diversi,
3442 1605 3622 1691 ejicit
3647 1614 3714 1672 et
3757 1626 4030 1694 sperma
4082 1612 4150 1672 et
4206 1613 4382 1672 ster-

2825 1733 3000 1779 cus:
3075 1717 3141 1779 et
3195 1711 3352 1779 ideo
3410 1733 3617 1778 auum
3676 1709 3881 1778 habet
3918 1711 4382 1801 propinquum

2827 1822 2972 1889 cri:
3036 1828 3104 1888 et
3151 1820 3548 1889 intestinum
3626 1821 3773 1908 ejus
3833 1827 4234 1887 recurvatur
4296 1819 4382 1887 ab

2827 1926 3129 1994 inferiori
3187 1927 3492 2017 corporis
3554 1926 3701 2013 ejus
3758 1926 3844 1993 ad
3914 1927 4180 2016 ipsum:
4216 1927 4383 1994 etin

2829 2031 3231 2124 corporibus
3291 2032 3581 2120 alicujus
3648 2033 3940 2100 istorum
4009 2031 4376 2101 modorum

2829 2139 3176 2207 invenitur
3203 2138 3512 2228 pilositas
3552 2137 3862 2230 quaedam
3912 2138 4087 2205 sicut
4116 2140 4253 2204 sint
4307 2138 4376 2205 in

2827 2268 2909 2313 eo
2940 2245 3191 2336 plantae
3230 2243 3388 2336 pilis
3416 2244 3673 2312 similes
3698 2242 4044 2334 plantatae.

2916 2354 3234 2445 Amplius
3319 2361 3547 2422 autem
3632 2352 3956 2420 interiora
4021 2353 4256 2442 sepiar,
4317 2361 4382 2421 et

2827 2462 2974 2550 ejus
3039 2460 3226 2552 quod
3289 2470 3573 2530 vocatur
3636 2461 3878 2537 mehir.
3948 2468 4108 2526 sunt
4182 2460 4375 2541 dura,

2824 2569 3161 2661 praecipue
3204 2569 3274 2636 in
3321 2568 3642 2638 anteriori
3674 2574 3863 2658 parte
3904 2567 4210 2657 corporis
4251 2589 4268 2633 :
4312 2575 4382 2637 et

2825 2677 2981 2745 ideo
3040 2676 3352 2745 Romana
3424 2675 3659 2767 lingua
3711 2698 3752 2742 a
3816 2674 4068 2743 duritia
4124 2697 4379 2744 nomen

2827 2786 2972 2874 ejus
3026 2785 3354 2875 imponit:
3413 2791 3480 2851 et
3519 2783 3599 2850 de
3653 2785 3784 2852 isto
3821 2806 4071 2873 genere
4111 2781 4381 2850 videtur

2826 2914 2972 2960 esse
3003 2892 3070 2960 id
3100 2891 3285 2982 quod
3316 2900 3598 2960 vocatur
3614 2892 3838 2968 sinon,
3873 2898 3940 2957 et
3986 2889 4154 2956 illud
4193 2888 4377 2979 quod

2825 3002 3082 3068 ascicor
3146 3025 3186 3068 a
3240 2998 3698 3091 quibusdam:
3760 2996 3900 3066 haeo
3947 2998 4131 3065 enim
4171 2997 4375 3065 ambo

2824 3132 2980 3177 oum
3056 3109 3242 3200 sepia
3300 3130 3622 3199 :liugnam
3685 3106 3940 3175 habent
3981 3106 4378 3174 similitudi-

2826 3241 3026 3287 nem:
3062 3218 3180 3288 sed
3231 3240 3471 3309 parum
3517 3217 3928 3285 diversitatis
3966 3225 4067 3284 est
4125 3215 4195 3284 in
4243 3215 4375 3282 du-

2827 3328 2975 3398 ritia
3017 3328 3417 3397 interiorum
3440 3348 3721 3395 eorum:
3758 3325 4087 3417 quoniam
4116 3325 4378 3393 ascicor

2823 3444 2924 3502 est
2988 3432 3283 3503 multum
3331 3434 3502 3502 forte
3555 3433 3697 3500 siw-
3729 3431 4003 3508 durnm,
4057 3431 4151 3498 ita
4189 3429 4374 3521 quod

2820 3542 3074 3611 creatio
3111 3542 3259 3631 ejus
3286 3539 3555 3609 videtur
3592 3560 3739 3608 esse
3780 3538 4005 3607 media
4046 3537 4225 3606 inter
4243 3538 4380 3629 spi·

2821 3672 2979 3717 nam
3037 3648 3243 3739 piscis
3297 3656 3363 3716 et
3392 3668 3472 3716 os
3512 3643 3929 3738 gressibilis:
3973 3653 4038 3712 et
4067 3644 4203 3714 alia
4230 3667 4374 3713 non

2818 3765 2978 3824 sunt
3032 3755 3204 3823 adeo
3269 3753 3465 3832 dura,
3498 3753 3615 3821 sed
3681 3751 3997 3844 qua-dam
4066 3752 4372 3842 ipsorum

2819 3861 3073 3932 liabent
3111 3862 3435 3930 interiora
3471 3860 3750 3953 gracilia
3779 3869 3845 3928 et
3897 3883 4047 3928 rara
4123 3882 4375 3928 secun-

2819 3972 2985 4040 dum
3041 3993 3237 4040 suam
3294 3971 3776 4039 substantiam.
3847 3966 3925 4036 ln
3992 3989 4076 4035 eo
4143 3977 4372 4035 autem

2818 4079 3005 4172 quod
3060 4088 3345 4148 vocatur
3385 4079 3685 4156 elucidem
3737 4087 3834 4146 est
3883 4074 4156 4145 subtilis
4219 4098 4376 4167 pars

2816 4186 3142 4255 interior:
3171 4196 3235 4255 et
3267 4185 3521 4255 creatio
3559 4186 3708 4274 ejus
3765 4183 4034 4253 videtur
4081 4204 4231 4251 esse
4278 4184 4379 4251 si-

2816 4295 2996 4365 milis
3041 4292 3447 4385 cartilagini.
3509 4292 3588 4361 Et
3641 4290 3774 4361 hoc
3820 4290 4078 4360 animal
4107 4288 4194 4359 ab
4225 4289 4377 4359 aliis

2815 4406 3021 4472 etiam
3079 4402 3576 4470 diversiticatur
3620 4403 3690 4468 in
3739 4402 3957 4491 ligura
3997 4397 4374 4467 secundum

2816 4511 3282 4579 diversitatem
3309 4509 3517 4577 totius
3544 4507 3876 4597 corporis.

2907 4616 3082 4685 lllud
3129 4626 3359 4685 autem
3401 4612 3734 4683 malachie
3780 4635 3998 4704 genus
4029 4610 4213 4704 quod
4270 4621 4373 4679 est

2816 4724 3070 4796 animal
3132 4723 3506 4793 multorum
3548 4722 3801 4813 pedum
3858 4721 4004 4789 sive
4045 4720 4369 4813 polipus,

2818 4855 2957 4901 non
3014 4828 3217 4899 habet
3286 4830 3358 4897 in
3414 4825 3849 4897 interioribus
3905 4849 4048 4895 rem
4125 4823 4370 4892 duram

2815 4941 2992 5010 sicut
3031 4937 3164 5005 alia
3203 4961 3358 5029 quw
3397 4932 3652 5004 habeut
3681 4933 3962 5002 durities
3999 4930 4371 5000 annulosas

2816 5048 2886 5116 in
2943 5044 3279 5136 superiori
3341 5042 3743 5111 interiorum
3791 5061 4159 5130 corporum
4203 5059 4372 5106 suo-

2817 5180 2994 5225 rum.
3051 5153 3188 5222 Sed
3244 5151 3377 5221 hoc
3421 5173 3641 5244 genus
3699 5153 3767 5219 in
3813 5148 4100 5217 circuitu
4130 5146 4369 5238 rapitis

2813 5264 3020 5333 habet
3073 5260 3332 5353 aliquid
3380 5260 3599 5329 simile
3656 5254 4080 5349 cartilagini:
4141 5262 4209 5323 et
4236 5252 4368 5324 hoc

2813 5371 3105 5441 eflicitur
3126 5366 3324 5438 valde
3362 5367 3609 5435 durum
3667 5376 4031 5458 postquam
4069 5362 4371 5431 senuerit

2813 5486 3015 5547 nitate
3056 5475 3466 5567 procedente
3500 5497 3517 5543 :
3551 5482 3620 5542 et
3649 5475 3719 5541 in
3750 5471 3883 5540 hoc
3908 5492 4162 5563 genere
4192 5471 4371 5537 inter

2817 5609 3077 5657 marem
3119 5592 3188 5654 et
3217 5581 3566 5653 foemiuam
3597 5590 3698 5650 est
3738 5579 4137 5648 diversitas:
4192 5599 4371 5668 quo-

2811 5696 3000 5763 niam
3066 5713 3217 5760 mas
3265 5688 3472 5758 habet
3521 5710 3730 5757 unam
3793 5689 3979 5756 viam
4054 5682 4367 5753 venalem

2810 5825 2964 5895 quae
2999 5796 3388 5871 extenditur
3439 5819 3481 5865 a
3516 5794 3796 5866 cerebro
3843 5792 3972 5862 sub
4007 5788 4360 5861 stomacho
