4919 6371
1978 475 1992 488 ·
2022 450 2189 517 Llss.
2242 450 2273 517 1
2322 451 2439 520 DE
2488 450 3077 521 ANIMALIBUS.
3127 456 3437 523 TRACT.
3497 458 3558 523 ll
4316 463 4400 531 87

1164 621 1596 692 tendentibus
1628 629 1731 690 est
1759 645 1963 702 unus,
1998 624 2114 713 qui
2156 631 2257 690 est
2304 624 2524 710 major
2563 643 2716 686 om-

1163 728 1363 797 nibus
1404 729 1734 797 musculis
1765 732 2068 820 corporis
2105 750 2119 795 ε
2157 736 2223 795 et
2265 726 2376 793 ille
2436 728 2552 815 qui
2595 746 2715 793 co-

1162 834 1379 923 operit
1409 857 1486 902 os
1526 835 1805 904 femoris
1853 844 1920 903 et
1957 833 2243 901 anoliam
2267 840 2333 898 et
2361 855 2566 920 super
2600 841 2713 899 to-

1158 949 1300 1009 tam
1354 924 1965 1015 coxam-‚volvitur
2019 938 2104 1004 ab
2156 937 2592 1006 interioribus
2648 946 2714 1007 et

1157 1034 1608 1117 exterioribus
1644 1035 1880 1136 'usque
1956 1044 2043 1112 ad
2106 1045 2457 1135 poplitem,
2519 1048 2712 1135 cujus

1154 1155 1299 1226 villi
1337 1157 1607 1224 diversa
1653 1152 1909 1219 habent
1962 1153 2294 1242 principia
2350 1175 2365 1220 ε
2433 1160 2505 1222 et
2559 1153 2709 1221 ideo

1154 1286 1291 1331 suae
1321 1262 1755 1353 operationes
1794 1269 1955 1329 sunt
1999 1261 2422 1331 diversarum
2461 1263 2712 1351 specie-

1153 1393 1332 1436 rum.
1366 1367 1562 1436 Unus
1601 1390 1904 1457 namque
1945 1391 2029 1436 ex
2065 1367 2247 1436 villis
2284 1368 2431 1456 ejus
2478 1389 2564 1437 ex
2600 1368 2711 1434 in·-

1151 1475 1377 1544 feriori
1432 1481 1625 1565 parte
1683 1478 1856 1548 ossis
1915 1474 2189 1545 femoris
2252 1474 2574 1554 nascitur,
2642 1482 2708 1545 et

1151 1581 1563 1651 declinando.
1638 1582 1725 1651 ad
1807 1582 2258 1650 domesticum
2359 1580 2702 1652 dilatatur.

1149 1687 1344 1758 Alius
1382 1697 1613 1760 autem
1661 1691 1881 1757 oritur
1931 1708 2173 1779 parum
2212 1686 2598 1768 altiueillo,
2638 1697 2709 1758 et

1147 1794 1553 1866 hie-coxam
1591 1795 1678 1865 ad
1730 1796 2085 1888 superiora
2134 1793 2400 1876 elevat„
2440 1795 2704 1867 Tertius

1145 1902 1623 1974 autem-multo
1663 1903 1866 1972 altius
1905 1902 1991 1971 ab
2020 1902 2152 1973 isto
2187 1904 2403 1972 oritur
2439 1925 2473 1969 :a
2497 1910 2566 1973 et
2593 1902 2705 1976 hic

1144 2032 1389 2079 coxam
1419 2009 1507 2081 ad
1534 2011 1890 2102 superiora
1925 2031 2085 2077 cum
2128 2007 2580 2080 declinatione
2614 2010 2702 2079 ad

1144 2116 1598 2187 domesticum
1656 2116 1900 2212 elevat.
1962 2114 2259 2195 Quartus
2315 2123 2546 2185 autem
2600 2125 2702 2187 eet

1141 2226 1332 2315 cujus
1360 2224 1557 2315 origo
1587 2233 1693 2294 ‘eet
1716 2224 1804 2294 ab
1843 2246 1998 2293 osse
2041 2221 2274 2300 anchae
2316 2244 2333 2291 ε
2368 2225 2486 2314 qui
2525 2223 2702 2296 dila-

1140 2339 1236 2402 tat
1286 2353 1534 2401 coxam
1599 2331 1975 2402 secundum
2030 2331 2551 2401 rectitudinem..
2594 2333 2698 2403 Ex

1138 2442 1282 2510 istie
1325 2440 1920 2511 musculia'etiam
1974 2446 2080 2508 eet
2134 2438 2511 2519 musculus,
2578 2442 2696 2533 qui

1135 2556 1351 2618 totam
1386 2548 1695 2640 cooperit
1731 2548 1977 2618 nnchae
2016 2548 2413 2640 juncturam
2466 2556 2695 2639 poete-

1138 2657 1300 2734 riuS,
1344 2656 1473 2725 tria
1499 2654 2039 2746 habenscapita.
2071 2663 2142 2722 et
2168 2654 2305 2723 duo
2336 2663 2638 2726 extrema
2669 2679 2687 2725 ε

1137 2773 1201 2834 et
1226 2765 1452 2856 capita
1481 2763 1773 2855 quidem
1811 2763 1896 2831 ab
1936 2762 2053 2832 ilio
2101 2769 2171 2831 et
2210 2762 2429 2832 ancha
2470 2772 2542 2831 et
2588 2764 2694 2833 fe·-

1115 2895 1324 2941 more
1355 2880 1734 2941 nascuntur
1773 2894 1793 2950 ;
1835 2892 2131 2963 quorum
2170 2869 2306 2938 duo
2344 2879 2505 2939 sunt
2541 2895 2692 2941 car-

1138 3003 1329 3066 nosa,
1362 2986 1434 3049 et
1457 3002 1699 3049 unum‘
1720 2987 1830 3048 est
1878 2977 2341 3069 panniculum.
2372 2978 2530 3048 Duo
2559 3003 2691 3048 au-

1135 3097 1273 3157 tem
1331 3095 1640 3157 extrema
1689 3085 2186 3156 continuantur
2235 3106 2393 3156 cum
2455 3096 2692 3178 poete-

1138 3196 1300 3265 riori
1344 3202 1539 3286 parte
1576 3194 1831 3286 ‘capitis
1866 3206 2054 3264 coxo
2103 3215 2121 3263 ε
2165 3200 2426 3263 etcum
2469 3217 2685 3267 unum

1137 3301 1343 3373 trahit
1368 3310 1783 3380 extremum,
1818 3300 2140 3371 dilatatur
2153 3322 2326 3370 coxa
2353 3300 2684 3392 adipsum

1134 3434 1289 3483 cum
1313 3409 1765 3482 declinatione
1779 3431 1805 3480 a
1823 3409 1882 3478 ei
1898 3417 2125 3480 autem
2144 3407 2356 3479 ambo
2377 3408 2681 3492 trahunt.

1133 3518 1508 3601 secundnm
1532 3516 2022 3589 ‚rectitudinem
2058 3515 2452 3589 dilatabitur
2475 3541 2682 3609 copia.

1172 3675 1181 3681 ·
1215 3642 1465 3713 Adhuc
1490 3649 1745 3712 “autem
1785 3641 1928 3712 cub
1965 3640 2295 3714 musculis
2322 3663 2538 3713 ¹coine
2573 3642 2686 3718 ‘eet

1132 3750 1241 3820 ille
1270 3753 1390 3843 qni
1429 3750 1857 3823 n³totaoeeie
1892 3749 1990 3819 ilii
2047 3749 2267 3817 oritur
2300 3751 2678 3841 impedio-ie,

1133 3866 1196 3926 et
1230 3858 1677 3928 continuatur
1702 3877 1862 3931 cnm
1888 3876 2212 3948 supremo
2243 3858 2524 3947 maloi-ie
2559 3859 2686 3927 ad·-

1134 3966 1515 4044 ditamenti‚
1568 3971 1635 4033 et
1669 3958 1957 4032 vocatur
1980 3972 2394 4034 ear-tamma
2423 3964 2677 4055 major,

1132 4081 1201 4141 et
1245 4093 1371 4165 par
1395 4059 1603 4164 'quod
1647 4066 1735 4139 ad
1782 4068 2105 4140 interiora
2148 4068 2569 4157 extenditur,
2615 4081 2685 4144 et

1131 4201 1287 4248 enm
1324 4177 1780 4248 declinatione
1826 4178 1914 4247 ad
1951 4177 2400 4248 domesticum
2437 4177 2686 4249 dilata-

1109 4295 1261 4372 μιν.
1284 4284 1393 4354 Ἐἰ
1424 4292 1533 4355 eet
1558 4283 1737 4353 alius
1776 4282 1934 4353 talia
1982 4282 2203 4375 qualis
2241 4290 2353 4351 eet
2397 4284 2527 4354 iate
2564 4289 2683 4379 qui

1130 4393 1200 4460 in
1227 4391 1473 4484 primia
1515 4388 1965 4459 cum‘inflma
2001 4387 2681 4481 parteadditamenti

1128 4497 1417 4566 minoris
1448 4495 1900 4570 continuatur
1943 4516 1963 4563 ε
2000 4493 2253 4564 deinde
2295 4497 2685 4571 extenditur

1126 4602 1569 4682 descendens,
1598 4610 1667 4672 et
1703 4610 2025 4696 operatur
2053 4601 2451 4692 operatione
2489 4605 2684 4695 prio-

1128 4713 1257 4793 rie.·
1283 4712 1415 4780 nisi
1471 4710 1660 4803 quod
1685 4709 1848 4778 tacit
1883 4729 2165 4801 parvam
2208 4707 2678 4782 dilatationem

1127 4831 1192 4890 et
1234 4819 1525 4890 multam
1540 4848 1545 4859 ·
1563 4812 2134 4888 declinationem.
2175 4815 2394 4907 Origo
2422 4827 2675 4889 ⁴autern

1128 4930 1275 5018 ejus
1310 4934 1455 4999 ‘eet‘
1504 4925 1595 4993 ab
1638 4925 1880 4992 intima
1925 4932 2117 5014 parte
2170 4924 2343 4993 ceeia
2388 4925 2539 4994 iliis
2576 4927 2675 4996 Ex

1128 5034 1383 5104 eisdem
1420 5051 1627 5105 ⁴001ae
1670 5028 1999 5100 musculis
2050 5029 2503 5122 estquidam,
2561 5037 2677 5126 qui

1127 5139 1210 5211 ab
1268 5143 1513 5211 intimo
1561 5141 1738 5209 ossis
1794 5137 2029 5213 anchae
2066 5139 2285 5207 oritur
2316 5139 2414 5208 ad
2458 5154 2683 5233 poeto-

1126 5253 1303 5320 riora
1361 5247 1711 5317 declinans
1750 5252 1817 5315 et
1852 5244 2145 5314 dilatans
2187 5265 2339 5315 eain
2369 5246 2530 5318 tacit
2555 5273 2681 5342 pa-

1124 5377 1401 5448 rumper
1423 5354 1513 5424 ad
1549 5354 1931 5448 posteriora
1957 5346 2319 5422 declinam.

1209 5462 1314 5531 Ex
1342 5465 1451 5532 eie
1477 5481 1647 5532 vero
1674 5459 2005 5531 musculi·
2033 5458 2151 5551 qni
2178 5459 2539 5554 *attingunt
2566 5485 2678 5533 co·

1125 5588 1283 5638 xam
1310 5569 1458 5639 eive
1485 5570 1885 5659 iuncturam
1910 5587 2140 5646 >coxam
2161 5602 2168 5615 ·
2186 5574 2293 5639 eet
2331 5589 2511 5637 nnus
2545 5571 2675 5663 -qul

1123 5695 1533 5769 cum—parva
1564 5670 2049 5745 declinatione
2085 5672 2359 5764 stringit
2398 5673 2498 5743 ad
2530 5675 2676 5745 ¹‹le-

1123 5784 1480 5853 meeticum
1512 5802 1533 5850 t
1560 5784 1644 5852 et'
1661 5780 1903 5851 hic-eat
1932 5785 2152 5847 rectue
2178 5779 2529 5850 muaenlua
2555 5786 2672 5876 qui

2826 643 2867 684 a
2905 620 3169 690 duabus
3201 625 3546 694 descendit
3596 629 3979 718 originibus
4037 652 4051 697 ε
4107 652 4396 719 quarum

2825 750 2964 794 una
3001 739 3104 799 est
3154 755 3310 800 cum
3368 733 3502 803 fine
3560 734 3995 814 lumborum,
4061 745 4128 803 et
4184 735 4396 804 altera

2823 834 3030 905 haeret
3070 844 3206 908 ossi
3237 841 3334 909 ilii
3372 866 3387 910 :
3423 853 3490 911 et
3517 853 3678 911 sunt
3707 844 3808 911 illi
3838 846 3956 934 qui
3986 845 4395 913 continuan-

2821 952 2933 1012 tur
2978 969 3137 1014 cum
3185 950 3435 1017 minori
3470 950 3938 1019 additamento
3980 951 4386 1020 domestico.

2821 1052 2925 1118 Ex
2972 1050 3079 1121 his
3118 1056 3325 1123 etiam
3383 1063 3485 1123 est
3542 1057 3895 1125 musculus
3937 1058 4059 1148 qui
4109 1058 4194 1125 ab
4235 1080 4389 1127 osse

2818 1159 3096 1227 femoris
3134 1163 3453 1239 nascitur,
3510 1171 3578 1232 et
3619 1187 3777 1232 cum
3828 1165 4070 1234 infimo
4117 1165 4389 1234 addita-

2817 1274 3051 1335 mento
3090 1271 3340 1338 minori
3379 1274 3843 1340 continuatur.
3874 1271 4126 1341 Adhuc
4155 1280 4387 1341 autem

2817 1395 2902 1440 ex
2940 1374 3197 1445 eisdem
3249 1385 3354 1446 est
3391 1379 3769 1460 musculus,
3814 1381 3934 1470 qui
3975 1380 4064 1448 ad
4110 1381 4247 1449 duo
4289 1380 4386 1448 la-

2814 1487 2961 1549 tera
2988 1504 3179 1551 coxae
3219 1493 3602 1554 transverse
3650 1494 3976 1555 extensus
4014 1489 4388 1558 continua-

2811 1593 2949 1673 tur,
2993 1591 3112 1680 qui
3150 1598 3253 1661 est
3290 1593 3465 1661 sicut
3511 1615 3669 1683 pars
3719 1594 4007 1682 maioris
4057 1593 4378 1664 musculi.

2815 1693 3112 1773 Quartus
3140 1700 3345 1768 etiam
3375 1723 3463 1768 ex
3493 1699 3625 1779 his,
3663 1703 3781 1792 qui
3805 1702 4030 1770 oritur
4057 1724 4099 1771 a
4118 1724 4191 1770 re
4205 1724 4383 1792 proe·

2810 1810 3062 1892 parata.
3102 1828 3254 1897 quae
3309 1813 3445 1876 stat
3495 1815 3676 1900 post·
3709 1830 3787 1876 os
3827 1807 3951 1886 ilii,
4008 1809 4130 1901 qui
4169 1809 4379 1878 etiam

2809 1930 2965 1978 crue
2997 1912 3344 1983 contrahit
3385 1914 3773 2006 colligendo
3813 1937 4086 1984 coxam.
4147 1975 4152 1985 .

2895 2015 3003 2086 Ex
3056 2022 3385 2090 musculis
3445 2030 3676 2092 autem
3727 2023 3847 2114 qui
3907 2022 3994 2093 ad
4051 2022 4379 2091 interiora

2807 2147 3053 2195 coxam
3080 2127 3423 2199 declinare
3449 2131 3737 2209 faciunt,
3761 2132 3912 2221 jam
3944 2130 4228 2223 quidam
4257 2154 4382 2198 no·

2805 2237 3048 2304 minati
3089 2247 3275 2318 eunt,
3327 2238 3446 2307 ubi
3492 2238 3918 2308 dilatationis
3966 2247 4036 2309 et
4085 2238 4375 2307 constri-

2804 2344 3049 2413 ctionis
3097 2347 3386 2415 musculi
3429 2355 3591 2415 sunt
3641 2348 3931 2416 recitati.
3986 2344 4372 2437 Speeialem

2803 2460 3034 2520 autem
3089 2452 3201 2523 hic
3257 2456 3582 2524 movendi
3634 2456 3899 2546 species
3965 2453 4176 2524 habet
4222 2477 4373 2522 mu-

2799 2558 3094 2639 sculum,
3136 2563 3251 2653 qui
3289 2564 3595 2631 nascitur
3632 2562 3719 2629 ab
3758 2585 3915 2631 osse
3952 2562 4261 2646 femorie,
4302 2569 4371 2630 et

2799 2667 2969 2736 adeo
3001 2668 3074 2736 fit
3112 2669 3359 2761 longus
3391 2680 3461 2738 ut
3496 2671 3581 2739 ad
3619 2670 3940 2761 pollicem
3981 2671 4374 2761 perveniat:

2797 2774 3156 2846 Declinare
3214 2784 3444 2847 autem
3510 2778 3595 2846 ad
3653 2779 3956 2849 exterius
4011 2778 4363 2856 facienteS,

2794 2892 2959 2953 sunt
2993 2883 3130 2955 duo
3159 2886 3480 2970 musculi,
3514 2908 3813 2978 qnorum
3847 2909 4026 2957 unus
4054 2886 4248 2955 venit
4277 2885 4368 2954 ab

2792 3007 2950 3057 osse
2973 2985 3141 3059 lato.
3191 2990 3495 3060 Circuire
3535 2999 3767 3059 autem
3798 2989 4152 3075 facientem,
4209 2997 4374 3058 eunt

2789 3095 3109 3167 similiter
3162 3098 3326 3178 duo,
3366 3121 3667 3192 quorum
3723 3119 3905 3167 unus
3972 3122 4015 3168 a
4068 3099 4369 3168 eilveetri

2788 3205 2978 3275 venit
3013 3207 3187 3276 oseis
3224 3208 3530 3287 femoris,
3561 3216 3631 3277 et
3659 3206 3834 3276 alter
3859 3207 3947 3276 ab
3978 3208 4201 3298 ipaiue
4227 3210 4373 3276 ori·

2786 3323 2900 3380 tur
2958 3312 3342 3386 domestico
3409 3339 3428 3384 ε
3500 3323 3570 3387 et
3618 3337 3779 3385 cum
3846 3313 3981 3384 eibi
4013 3315 4367 3393 obviant,

2785 3418 3359 3500 transversatur,
3416 3432 3484 3493 et
3529 3424 3706 3492 liunt
3750 3422 4026 3492 carnosi
4077 3423 4151 3492 in
4203 3421 4366 3492 loco

2784 3526 3124 3621 profundo
3151 3531 3334 3601 circa
3353 3531 3700 3621 posteriue
3728 3528 4183 3603 additamenti
4210 3551 4365 3600 ma·-

2777 3635 2956 3725 joria
2996 3646 3148 3707 aet
3208 3638 3628 3731 quicumque
3657 3636 3874 3708 mles
3920 3634 4368 3716 trehit,·.tor-·

2787 3752 2950 3836 quet
2976 3743 3062 3816 ad
3089 3767 3164 3815 ae
3185 3766 3433 3814 coxam
3470 3767 3631 3815 cum
3669 3764 3888 3836 parva
3926 3743 4359 3815 dilatatione.

2871 3852 3035 3921 Tres
3093 3862 3322 3924 autem
3387 3862 3554 3922 eunt
3610 3852 3910 3922 musculi
3958 3853 4364 3943 juncturam

2786 3955 3064 4048 poplitis
3090 3966 3479 4037 moventes,
3520 3957 3641 4050 qui
3678 3965 3845 4027 eunt
3880 3959 3957 4028 in
3992 3957 4365 4027 anteriori·

2786 4064 2916 4133 bue
2942 4087 3133 4134 coxoe
3181 4067 3390 4158 positi
3437 4087 3460 4135 ε
3509 4073 3582 4135 et
3619 4087 3866 4136 eornm
3911 4065 4224 4156 operatio
4252 4072 4362 4136 eat

2784 4167 3092 4240 dilatare.
3132 4169 3223 4241 Et
3251 4192 3432 4241 unus
3459 4181 3708 4240 eorum
3741 4176 3851 4240 eat
3884 4169 4064 4240 siout
4098 4169 4200 4239 ait.
4220 4167 4361 4239 du-

2786 4277 2967 4369 plus,
3001 4276 3147 4349 (luo
3189 4276 3456 4349 ‘babens
3489 4279 3743 4371 capita,
3783 4298 4084 4370 quorum
4133 4299 4356 4348 unum

2784 4382 2873 4452 ab
2905 4383 3371 4456 additamento
3426 4385 3666 4476 incipit
3719 4384 3999 4473 majori,
4053 4392 4127 4455 et
4177 4382 4358 4454 alte-

2784 4515 2939 4561 rum
2975 4490 3064 4559 ab
3095 4493 3432 4563 anteriori
3457 4514 3683 4571 coxae.
3722 4500 3795 4562 et
3814 4490 3964 4562 (luo
3991 4489 4357 4562 habet-ex-

2783 4608 3029 4681 trema,
3063 4624 3367 4693 wquorum
3394 4624 3617 4671 unum
3643 4609 3757 4672 eat
3779 4614 4153 4672 camoaum
4189 4622 4356 4671 oon·

2781 4709 3121 4780 tinuatnm
3141 4732 3310 4780 cum
3347 4730 3510 4780 osee
3550 4707 3824 4801 patella
3864 4706 4105 4778 aucha
4157 4716 4356 4779 ante-

2785 4836 2994 4908 quam
3039 4816 3292 4887 habeat
3329 4815 3702 4887 chordam.
3759 4815 4083 4888 Alterum
4116 4824 4350 4887 antem

2785 4931 2891 4993 eat
2929 4925 3400 5014 panniculum,
3448 4925 3931 4995 continuatum
3992 4923 4353 4994 oum-‹10-

2783 5032 3067 5100 mestioo
3101 5070 3106 5075 ·
3147 5031 3440 5101 duarum
3523 5033 4041 5101 extremitatum
4063 5052 4346 5101 :acuam

2780 5137 3093 5209 Aliorum
3127 5158 3295 5209 vero
3321 5139 3618 5209 duorum
3653 5137 4347 5210 munuum-:mmmm

2779 5253 2883 5316 eat
2921 5245 3036 5317 ille
3071 5270 3278 5341 quem
3315 5251 3496 5320 inter
3515 5271 3765 5329 coxan·
3794 5249 4348 5343 constringente·

2780 5356 3317 5440 nominavimus,
3365 5357 3488 5451 qui
3513 5381 3570 5435 ⁸,a
3607 5364 3980 5449 ‚separante
4026 5355 4215 5448 quod
4241 5363 4347 5426 eet

2781 5464 2853 5531 in
2880 5485 3033 5531 oeae
3061 5463 3161 5533 ilii
3198 5466 3529 5535 naacitur.
3576 5462 3775 5534 Alter
3809 5472 4046 5532 autern
4080 5462 4170 5531 ab
4215 5464 4346 5533 ad-

2777 5569 3152 5641 ditamento
3186 5572 3376 5664 quud
3412 5582 3520 5643 est
3541 5573 3614 5641 in
3640 5592 3820 5642 oeae.
3842 5569 3972 5651 ilii,
4005 5571 4337 5641 exoritur.

2776 5676 2864 5749 Et
2906 5676 3115 5747 ambo
3133 5722 3140 5737 ι
3156 5678 3256 5750 ibi
3277 5682 3804 5764 continuantur·
3832 5685 3901 5748 et
3917 5677 4277 5759 2nuiuntur
4307 5703 4336 5750 ³

2775 5794 2844 5857 et
2873 5794 3256 5876 generatur
3295 5811 3380 5858 ex
3413 5788 3517 5857 eie
3561 5784 3825 5861 chorda
3853 5786 4341 5877 anasqnndb
