4919 6371
1941 270 2111 336 LIB.
2170 268 2269 335 IX
2316 266 2436 333 DE
2486 265 3072 348 ANIMALIBUS,
3125 270 3435 340 TRACT.
3490 270 3515 336 1

1124 463 1240 507 mo
1282 442 1594 530 superius
1636 438 1797 504 satis
1838 460 2045 526 supra
2065 445 2374 503 ventrem
2399 436 2570 503 forte
2609 436 2691 501 ad

1124 550 1331 614 trium
1363 548 1735 636 digitorum
1768 545 2326 633 quantitatem,et
2357 545 2424 610 in
2446 544 2691 639 abscis-

1120 658 1314 722 sione
1346 676 1484 720 una
1514 653 1811 741 partium
1853 646 2439 743 umbiliciquaeest
2469 653 2686 720 inferi·

1120 782 1221 836 or,
1249 758 1428 825 cadit
1465 778 1620 824 cum
1644 755 2040 834 secundina,
2076 766 2142 825 et
2172 758 2382 825 altera
2399 759 2690 825 consoli·
2725 834 2728 839 ‚

1120 861 1319 929 datur
1348 868 1414 927 et
1434 860 1697 937 arescit,
1735 859 1953 929 donec
1974 860 2224 929 decidit
2242 863 2311 928 in
2342 861 2494 929 loco
2524 860 2689 949 liga-

1117 967 1324 1034 tionis
1354 965 1492 1033 licii
1522 976 1818 1034 aventre
1851 967 2152 1034 infantis.
2192 965 2264 1034 Si
2297 989 2461 1033 vero
2495 965 2684 1031 filum

1116 1073 1530 1141 dissolvatur
1566 1083 1723 1142 ante
1755 1073 2374 1141 consolidationem
2404 1070 2685 1139 umbili-

1122 1183 1210 1260 ci,
1253 1180 1468 1249 exibit
1495 1183 1776 1270 sanguis
1833 1179 1916 1247 de
1957 1178 2206 1268 hepate
2239 1187 2306 1246 et
2336 1178 2538 1246 corde
2577 1178 2684 1244 in-

1113 1291 1343 1369 fantiS,
1379 1297 1445 1357 et
1472 1297 1637 1356 tunc
1668 1290 2005 1355 morietur
2035 1286 2282 1354 infanS.

1206 1416 1282 1482 1n
1314 1417 1502 1483 exitu
1534 1421 1765 1482 autem
1798 1412 2096 1481 naturali
2124 1420 2330 1503 caput
2358 1412 2682 1504 embryo-

1111 1525 1219 1592 nis
1258 1522 1552 1592 declinat
1581 1521 1666 1589 ad
1699 1523 2007 1601 interiuS,
2044 1529 2111 1590 et
2130 1544 2377 1589 manus
2407 1522 2680 1611 embry-

1110 1630 1262 1698 onis
1314 1628 1605 1696 humani
1660 1626 2040 1695 secundum
2089 1627 2352 1695 exitum
2399 1634 2680 1693 natura-

1106 1739 1246 1807 lem
1285 1747 1447 1807 sunt
1479 1746 1783 1806 extensae
1820 1758 2026 1827 super
2056 1756 2306 1803 coxas:
2360 1742 2426 1801 et
2456 1756 2678 1824 quan-

1106 1843 1194 1912 do
1231 1843 1518 1935 embryo
1560 1844 1711 1933 jam
1764 1849 2003 1933 partus
2061 1849 2184 1919 est,
2220 1839 2448 1908 subito
2493 1841 2678 1908 vadit

1111 1951 1429 2018 manibus
1470 1952 1557 2017 ad
1591 1973 1667 2017 os
1698 1971 1901 2016 suum
1933 1946 2265 2015 elevando
2298 1969 2542 2014 manus
2569 1969 2584 2013 ε
2611 1956 2673 2014 et

1111 2056 1391 2148 quidam
1442 2057 1649 2125 etiam
1694 2054 2154 2145 embryonum
2197 2062 2357 2144 post
2403 2062 2673 2142 partum

1112 2171 1422 2254 egerunt,
1466 2173 1533 2231 et
1563 2163 1701 2230 fere
1744 2184 1983 2230 omnes
2015 2167 2301 2250 egerunt
2337 2168 2493 2251 post
2519 2183 2676 2228 mo-

1111 2271 1339 2339 dicum
1371 2279 1667 2362 tempus,
1704 2272 1796 2338 ita
1816 2267 2004 2361 quod
2032 2268 2103 2334 in
2126 2268 2347 2358 prima
2373 2267 2483 2335 die
2512 2290 2674 2356 par-

1111 2386 1220 2446 tus
1260 2379 1400 2445 exit
1453 2378 1540 2445 ab
1580 2380 1677 2446 eis
1737 2384 1999 2444 stercus
2053 2375 2382 2466 nigrum:
2445 2384 2513 2443 et
2558 2373 2672 2441 illa

1105 2487 1543 2577 superfluitas
1609 2487 1843 2554 exiens
1910 2491 2010 2552 est
2076 2481 2294 2550 multa
2362 2492 2670 2572 respectu

1104 2594 1500 2684 embryonis
1536 2617 1552 2661 z
1587 2604 1653 2662 et
1675 2592 1955 2684 quidam
1987 2590 2379 2659 Graecorum
2419 2602 2667 2659 vocant

1103 2703 1645 2791 superfluitatem
1686 2700 1873 2767 illam
1906 2699 2358 2776 michameon,
2385 2706 2452 2767 et
2480 2701 2667 2767 color

1103 2809 1251 2895 ejus
1288 2817 1390 2875 est
1419 2807 1662 2874 similis
1700 2805 1912 2874 colori
1935 2807 2342 2895 sanguineo,
2377 2814 2495 2873 aut
2516 2829 2667 2873 ma-

1101 2917 1207 3004 gis
1240 2916 1456 3005 niger,
1492 2916 1668 2983 sicut
1690 2914 2016 2989 diximus,
2052 2911 2184 2980 hoc
2214 2921 2337 2991 est,
2377 2913 2510 2981 fere
2530 2915 2665 2981 sic-

1103 3024 1179 3092 ιιι1
1215 3023 1407 3092 οοΙοι·
1448 3024 1635 3114 picis.
1674 3022 1935 3091 Deinde
1966 3030 2333 3113 postquam
2366 3021 2665 3092 lactave-

1104 3131 1212 3208 rit,
1232 3130 1823 3201 liabebitcolorem
1839 3130 2134 3199 lacteum
2150 3130 2654 3222 stercusipsius.

1102 3237 1333 3306 lnl'ans
1389 3246 1620 3307 autem
1664 3262 1803 3307 non
1844 3236 2052 3306 habet
2080 3260 2324 3305 vocem
2357 3237 2657 3329 aliquam

1098 3354 1255 3413 ante
1286 3354 1584 3436 partum,
1630 3354 2268 3437 quantumcumque
2316 3346 2545 3437 gravis
2574 3347 2658 3414 sit

1097 3463 1357 3545 partus,
1420 3455 1550 3524 nisi
1617 3454 1816 3523 valde
1865 3478 2045 3523 raro.
2100 3453 2398 3534 Quidam
2447 3455 2654 3523 auditi

1096 3569 1256 3629 sunt
1285 3561 1558 3631 modico
1607 3570 1919 3652 tempore
1948 3561 2190 3630 flentes
2229 3562 2404 3629 intra
2434 3561 2660 3629 visce-

1095 3693 1167 3737 ra
1201 3669 1438 3737 matris
1467 3691 1483 3743 ς
1516 3679 1583 3736 et
1614 3669 1861 3737 dicitur
1889 3692 2038 3737 esse
2067 3669 2343 3759 signum
2366 3667 2656 3736 infortu-

1093 3777 1186 3844 nii
1218 3776 1453 3845 l'uturi.
1502 3775 1702 3868 Sirpe
1736 3777 1923 3844 enim
1965 3785 2066 3844 est
2107 3776 2200 3844 ita
2228 3778 2458 3869 gravis
2496 3799 2657 3867 par-

1090 3890 1224 3958 tus,
1268 3882 1455 3975 quod
1482 3892 1687 3975 caput
1718 3892 1820 3952 est
1860 3891 2080 3962 extra,
2116 3891 2184 3950 et
2221 3890 2443 3950 totum
2483 3884 2653 3950 resi-

1091 3990 1305 4057 duum
1338 3991 1516 4058 intra
1561 4012 1577 4058 :
1613 3998 1680 4059 et
1709 3998 1943 4057 tamen
1976 3997 2138 4057 ωηο
2170 4012 2310 4057 ηοη
2354 3989 2647 4057 auditur.

1095 4096 1296 4178 Quod
1335 4107 1566 4166 autem
1626 4096 1913 4190 embryo
1953 4098 2095 4166 exit
2149 4121 2358 4187 super
2420 4096 2647 4188 pedes,

1094 4201 1221 4272 Ιιοο
1253 4212 1382 4277 est.
1418 4204 1604 4296 quod
1635 4203 1843 4296 pedes
1884 4204 2033 4294 ejus
2061 4203 2239 4272 versi
2294 4212 2452 4272 sunt
2482 4203 2655 4270 inte-

1092 4312 1232 4379 rius
1262 4319 1328 4380 et
1358 4320 1572 4389 extra,
1608 4321 1675 4380 et
1702 4320 1908 4402 caput
1947 4312 2262 4402 superius
2293 4318 2357 4378 et
2387 4310 2476 4378 ad
2526 4335 2655 4378 an-

1091 4419 1299 4488 terius
1321 4418 1492 4488 uteri
1524 4420 1844 4499 materni,
1869 4428 2033 4488 ωηο
2052 4417 2250 4486 valde
2280 4429 2654 4509 aggravant

1087 4536 1361 4617 partum
1408 4549 1424 4595 τ
1490 4535 1556 4595 et
1590 4534 1754 4596 tunc
1791 4527 1910 4594 vix
1951 4526 2384 4618 restringitur
2412 4535 2479 4594 et
2528 4525 2655 4594 ab·

1086 4634 1420 4704 scinditur
1458 4636 1686 4704 ssuvus
1745 4635 2125 4727 sanguinis,
2183 4634 2299 4727 qui
2360 4635 2650 4702 multum

1086 4741 1394 4810 debilitat
1436 4752 1757 4811 matrem.

1176 4857 1423 4929 Adhuc
1450 4868 1682 4929 autem
1714 4860 2039 4929 mulieres
2078 4884 2230 4952 quae
2269 4883 2406 4928 non
2448 4882 2653 4927 muu-

1086 4967 1334 5037 dantur
1370 4990 1408 5036 a
1460 4967 1650 5035 ssuxu
1707 4968 2063 5060 sanguinis
2120 4976 2278 5060 post
2350 4975 2644 5058 partum,

1085 5096 1304 5165 usque
1336 5074 1423 5143 ad
1444 5073 1900 5166 quadraginta
1951 5074 2097 5143 dies
2147 5073 2446 5142 humidae
2492 5082 2645 5140 sunt

1083 5182 1309 5260 valde,
1370 5190 1437 5250 et
1506 5181 1659 5252 ideo
1725 5180 2019 5250 multam
2068 5182 2350 5250 seminis
2396 5180 2649 5250 liabent

1092 5292 1451 5358 materiam
1487 5313 1504 5360 z
1537 5289 2021 5382 propterquod
2059 5292 2267 5359 etiam
2299 5291 2650 5358 citiusim-

1081 5405 1547 5489 praegnantur.
1596 5398 1933 5466 Similiter
1968 5407 2198 5466 autem
2229 5421 2267 5467 a
2297 5406 2495 5490 partu
2537 5421 2647 5464 us-

1087 5528 1222 5598 que
1260 5504 1348 5574 ad
1386 5504 1842 5597 quadraginta
1869 5506 2015 5575 dies
2067 5505 2190 5573 vix
2218 5505 2459 5575 accidit
2489 5507 2647 5574 llere

1079 5637 1239 5683 cum
1270 5614 1637 5683 emissione
1675 5611 2163 5704 lacrymarum,
2198 5619 2316 5682 aut
2360 5634 2518 5681 vere
2547 5613 2646 5681 ri-

4221 274 4351 342 517

2812 437 2965 506 dere
2995 439 3354 528 parvulum
3382 440 3729 531 vigilando
3767 464 3782 508 :
3818 440 3933 508 sed
3953 440 4126 509 forte
4157 449 4355 509 nocte

2807 548 3073 634 quando
3125 546 3494 622 dormiunt,
3547 546 3800 611 faciunt
3842 552 4207 634 utrumque
4256 546 4355 612 is-

2800 660 3024 719 torum
3072 676 3086 719 :
3129 653 3356 742 plures
3414 654 3596 718 enim
3653 651 3920 740 parvuli
3981 654 4049 717 in
4088 655 4349 721 somnis

2800 760 3098 826 sentiunt
3129 768 3390 825 motum
3449 757 4030 849 phantasmatum,
4084 767 4150 827 et
4178 783 4348 850 pro-

2795 873 2945 954 pter
3000 864 3359 934 humorem
3418 876 3484 935 et
3522 865 4064 957 magnitudinem
4106 868 4345 957 capitis

2797 971 3087 1039 multum
3119 982 3185 1041 et
3223 973 3428 1065 longo
3462 982 3768 1063 tempore
3826 971 4175 1040 dormiunt
4217 997 4231 1041 :
4278 983 4345 1042 et

2796 1079 3064 1168 quando
3105 1081 3397 1168 majores
3438 1080 3844 1157 efficiuntur,
3885 1088 3951 1147 et
3980 1082 4340 1160 creverint,

2793 1194 2952 1252 tunc
3001 1190 3217 1277 magis
3266 1189 3551 1277 vigilant
3604 1193 3880 1276 propter
3941 1190 4179 1277 capitis
4216 1188 4348 1255 ali-

2793 1315 2996 1382 quam
3046 1295 3595 1362 exsiccationem.
3678 1291 4043 1362 Somniant
4112 1304 4341 1363 autem

2789 1410 2950 1468 tunc
2981 1402 3268 1469 infantes
3304 1425 3319 1468 :
3356 1411 3422 1470 et
3461 1402 3590 1470 hoc
3620 1405 4056 1493 cognoscitur
4087 1424 4170 1470 ex
4197 1426 4344 1471 mo-

2790 1506 2968 1575 tibus
2997 1531 3361 1600 corporum
3412 1531 3651 1578 eorum
3691 1510 3763 1577 in
3791 1509 4042 1578 sinibus
4072 1510 4337 1579 dierum

2789 1615 3058 1683 illorum
3090 1626 3243 1708 post
3259 1641 3432 1708 quos
3471 1617 3705 1686 oculos
3740 1620 4073 1708 incipiunt
4100 1628 4334 1688 tenere

2786 1733 3076 1813 apertos.

2874 1831 3185 1922 Amplius
3241 1842 3470 1903 autem
3544 1842 3700 1925 post
3763 1844 4039 1926 partum
4099 1837 4334 1904 omnia

2784 1962 2936 2006 ossa
2966 1940 3035 2007 in
3067 1940 3283 2031 figura
3314 1952 3379 2010 et
3443 1944 3870 2011 connexione
3912 1951 4073 2012 sunt
4108 1943 4337 2033 perfe-

2783 2057 2886 2114 cta
2908 2048 2975 2114 in
2997 2049 3316 2116 omnibus
3345 2049 3780 2117 animalibus.
3835 2050 3993 2118 Non
4024 2051 4206 2118 enim
4238 2059 4340 2119 est

2782 2157 2850 2222 in
2881 2156 3009 2225 hoc
3040 2157 3401 2227 diversitas
3430 2159 3659 2251 aliqua
3710 2159 4013 2229 hominis
4072 2159 4156 2227 ad
4205 2161 4338 2229 alia

2780 2267 3097 2334 animalia
3143 2292 3157 2335 :
3201 2272 3516 2359 quamvis
3545 2280 3747 2363 caput
3789 2293 4165 2361 puerorum
4196 2272 4336 2341 ho-

2780 2373 2979 2438 minis
3008 2375 3094 2441 sit
3138 2374 3366 2452 molle,
3410 2384 3477 2443 et
3504 2399 3642 2443 non
3673 2376 3984 2445 durescat
4012 2398 4229 2467 usque
4261 2379 4332 2445 in

2778 2478 3116 2567 quoddam
3175 2489 3466 2571 tempus.
3535 2481 3867 2561 Quaedam
3921 2484 4126 2551 etiam
4173 2486 4329 2552 ani—

2777 2586 2979 2655 malia
3008 2590 3361 2679 pariuntur
3376 2614 3531 2658 cum
3551 2591 3892 2671 dentibus,
3912 2600 3980 2660 et
4008 2593 4323 2682 quaedam

2773 2696 2916 2762 sine
2947 2695 3283 2764 dentibus.
3312 2696 3565 2766 Dentes
3596 2700 3778 2766 enim
3801 2723 4173 2789 puerorum
4195 2700 4325 2770 ho-

2775 2804 2975 2869 minis
3013 2804 3342 2894 incipiunt
3382 2807 3543 2875 oriri
3575 2809 3766 2898 quasi
3807 2808 4100 2898 septimo
4130 2832 4322 2877 men·

2771 2934 2841 2978 se
2891 2919 3042 3000 post
3098 2922 3391 3001 partum.
3446 2912 3777 2981 Oriuntur
3841 2924 4070 2983 autem
4133 2918 4318 2984 utin

2770 3019 3075 3109 pluribus
3117 3024 3333 3111 primo
3365 3022 3600 3090 dentes
3630 3026 3746 3114 qui
3778 3024 4169 3116 quadrupli
4194 3049 4321 3093 vo-

2769 3140 3028 3199 cantur.
3067 3129 3138 3199 Ιη
3179 3132 3588 3223 quibusdam
3637 3141 3865 3202 tamen
3915 3135 4139 3225 primo
4175 3138 4322 3204 ori-

2770 3249 2972 3308 untur
3008 3242 3194 3331 dupli
3235 3244 3642 3332 superiores,
3699 3250 3764 3309 et
3805 3244 3872 3310 in
3904 3243 4316 3334 quibusdam

2767 3352 2993 3439 paucis
3031 3352 3251 3441 primo
3292 3361 3665 3419 nascuntur
3687 3350 3875 3443 dupli
3910 3352 4261 3421 inferiores
4297 3374 4314 3420 ε

2765 3468 2827 3526 et
2869 3460 3140 3550 quando
3174 3459 3272 3528 lac
3330 3460 3514 3551 quod
3556 3461 3811 3529 lactant
3846 3468 3950 3528 est
3985 3460 4310 3542 calidum,

2763 3566 2957 3633 citius
2995 3567 3308 3634 oriuntur
3337 3566 3572 3635 dentes
3601 3567 3671 3635 in
3702 3568 3891 3657 ipsis,

2851 3669 3335 3760 Multiplicatur
3370 3679 3596 3739 autem
3627 3670 3731 3739 lac
3759 3670 4124 3739 mulierum
4152 3679 4309 3763 post

2759 3787 3026 3869 partum
3070 3787 3136 3845 et
3203 3778 3829 3846 mundificationem
3881 3777 4105 3845 fluxus
4143 3802 4311 3846 san-

2760 3885 3009 3975 guinis,
3039 3886 3195 3976 quia
3228 3894 3388 3953 ωηο
3438 3885 3769 3954 redundat
3806 3885 3892 3954 ad
3940 3886 4305 3954 mamillas.

2759 3993 3133 4061 Abundant
3161 4001 3390 4061 autem
3422 3992 3738 4084 quaedam
3799 3993 4119 4062 mulieres
4147 4003 4309 4062 tan-

2759 4110 2901 4167 tum
2946 4102 3010 4167 in
3057 4101 3246 4177 lacte,
3292 4100 3475 4192 quod
3507 4101 3676 4170 sorte
3724 4124 3863 4169 non
3903 4099 4158 4170 habent
4196 4102 4308 4194 ip-

2759 4232 2904 4276 sum
2973 4208 3408 4276 solummodo
3450 4210 3516 4276 in
3568 4210 3758 4278 conis
3816 4208 4303 4294 mamillarum,

2758 4317 2871 4384 sed
2916 4319 3118 4385 etiam
3168 4319 3488 4385 emittunt
3525 4319 3727 4405 juxta
3780 4340 3993 4386 conos
4031 4318 4102 4385 in
4151 4318 4304 4387 aliis

2759 4424 3058 4516 partibus
3089 4426 3572 4504 mamillarum,
3615 4433 3680 4492 et
3711 4426 3883 4494 forte
3913 4424 4167 4495 liabent
4195 4427 4309 4519 ip-

2757 4556 2907 4601 sum
2980 4532 3348 4624 aliquando
3416 4534 3484 4601 in
3540 4532 4112 4602 subascellaribus
4163 4556 4181 4601 :
4238 4542 4306 4603 et

2757 4639 3026 4732 quando
3057 4639 3157 4708 lac
3180 4663 3318 4709 non
3357 4639 3528 4709 bene
3568 4642 3945 4732 exsugitur‚
3987 4641 4308 4734 aliquan-

2756 4750 2842 4816 do
2893 4749 2960 4816 in
3020 4748 3323 4817 mamilla
3385 4749 3790 4840 coagulatur
3849 4757 3915 4819 et
3977 4750 4301 4834 durescit,

2757 4855 3026 4946 quando
3074 4878 3232 4923 caro
3318 4856 3639 4925 mamillae
3688 4864 3789 4924 est
3854 4857 4081 4926 mollis
4136 4857 4308 4925 sub-

2755 4965 3016 5032 sianum
3039 4973 3102 5032 et
3128 4966 3278 5033 laxa
3309 4974 3374 5034 et
3403 4967 3816 5057 spongiosa:
3860 4967 4000 5033 etsi
4029 4964 4202 5034 t'orte
4232 4965 4303 5034 in

2756 5072 3126 5141 imuuillam
3187 5073 3536 5164 perveniat
3593 5071 3842 5163 aliquis
3896 5072 4100 5163 pilus,
4142 5081 4307 5143 tunc

2754 5181 2993 5248 accidit
3016 5182 3373 5250 infirmitas
3395 5181 3716 5249 mamillae
3736 5189 3804 5248 ct
3822 5183 4300 5271 apostematio,

2756 5313 2878 5357 nec
2915 5291 3215 5382 quiescet
3269 5291 3654 5367 intirmitaS,
3707 5289 3840 5357 nisi
3879 5289 4309 5381 exprimatur

2756 5397 2929 5487 pilus
2958 5422 3112 5466 cum
3164 5397 3359 5481 lacte,
3404 5405 3523 5464 aut
3567 5419 3928 5487 quousque
3984 5396 4309 5489 putrefiat

2751 5514 2816 5573 et
2846 5515 3041 5575 exeat
3067 5528 3224 5574 cum
3253 5507 3465 5573 sanie.

2840 5612 3082 5682 Adhuc
3110 5622 3337 5682 autem
3362 5636 3518 5681 cum
3550 5612 3655 5683 lac
3682 5612 3823 5681 exit
3851 5610 4301 5691 abundanter,
