4919 6371
606 358 735 426 520

604 526 879 592 furnum
905 528 1013 585 aut
1040 520 1681 608 patellam,vertitu1·
1704 520 1769 586 in
1794 522 2152 587 corticem:

607 641 668 697 et
712 628 893 717 quod
933 636 1027 691 est
1062 627 1388 692 remotius
1429 627 1512 693 ab
1545 627 1685 704 illo,
1725 631 1851 695 erit
1885 628 2159 695 mollius

608 744 673 803 et
702 732 1072 799 humidius,

693 839 868 906 Dicit
908 840 1109 904 etiam
1144 838 1463 918 GalenuS,
1498 841 1683 932 quod
1713 851 1989 932 propter
2025 840 2156 908 hoc

605 950 920 1015 matrices
959 957 1115 1014 sunt
1165 972 1417 1038 asperae
1472 950 1664 1016 factae
1724 951 2028 1026 interiuS,
2082 956 2156 1014 ut

602 1077 739 1122 non
778 1057 1006 1122 veniat
1035 1055 1183 1123 lene
1222 1079 1492 1146 sperma
1528 1079 1731 1144 super
1769 1055 1993 1122 lenem
2037 1078 2157 1121 su-

602 1163 941 1253 perficiem
974 1164 1295 1242 matriciS,
1349 1164 1508 1252 quia
1548 1171 1712 1228 tunc
1751 1184 1966 1227 unum
2014 1184 2154 1228 non

602 1272 1000 1339 retineretur
1036 1270 1120 1336 ab
1161 1269 1294 1335 alio
1333 1293 1347 1335 ε
1400 1268 1516 1335 sed
1557 1269 1885 1356 asperitas
1914 1269 2157 1337 matri—

604 1379 697 1445 cis
737 1378 888 1445 ideo
946 1385 1066 1453 est,
1120 1383 1194 1440 ut
1257 1376 1345 1440 sit
1380 1376 1716 1441 retentiva
1767 1374 2147 1464 spermatis.

692 1483 871 1550 Dicit
900 1483 1174 1570 insuper
1212 1479 1534 1557 GalenuS,
1568 1479 1754 1569 quod
1785 1482 1840 1546 si
1888 1503 2155 1570 sperma

602 1596 776 1656 esset
803 1596 1063 1655 tantum
1122 1587 1405 1654 fluidum
1465 1588 1697 1655 album
1756 1597 1823 1655 et
1878 1586 2147 1665 subtile,

602 1720 741 1765 non
781 1705 1054 1787 possent
1086 1720 1171 1764 ex
1218 1699 1365 1787 ipso
1415 1698 1628 1764 creari
1669 1697 1861 1764 nervi
1893 1705 1960 1764 et
1997 1719 2153 1764 ossa

600 1813 664 1871 et
712 1827 927 1871 venae.
984 1803 1266 1894 Oportet
1306 1807 1513 1895 igitur
1553 1804 1737 1895 quod
1793 1807 1882 1871 sit
1926 1804 2154 1870 visco-

599 1936 752 1980 sum
800 1935 937 1979 non
985 1912 1277 1978 multum
1328 1911 1638 1988 ssuidum,
1711 1910 1828 1978 sed
1878 1911 2147 1990 subtile,

597 2029 873 2110 propter
920 2041 1236 2108 maguam
1295 2021 1648 2108 sanguinis
1708 2017 2148 2086 subtilitatem

600 2151 683 2194 ex
732 2149 865 2216 quo
904 2126 1153 2193 factum
1204 2134 1327 2191 est.
1376 2126 1447 2191 Si
1496 2135 1724 2194 autem
1765 2125 2032 2216 aliquiS,
2080 2134 2153 2192 ut

605 2236 823 2325 inquit
884 2233 1201 2312 GalenuS,
1284 2233 1535 2301 diceret
1619 2235 1804 2324 quod
1874 2235 2152 2325 sanguis

601 2351 984 2412 menstruus
1040 2342 1439 2410 alteraretur
1494 2343 1894 2411 alteratione
1942 2352 2145 2417 recta,

597 2463 665 2521 et
712 2459 1081 2520 verteretur
1130 2454 1195 2517 in
1237 2450 1383 2518 lia-e
1424 2452 1729 2519 membra
1779 2476 1929 2544 quae
1970 2452 2152 2519 dixi—

598 2585 749 2629 mus
808 2560 950 2628 tieri
991 2583 1076 2627 ex
1132 2568 1493 2649 spermate,
1540 2570 1719 2628 tune
1776 2584 1916 2628 non
1972 2574 2148 2632 esset

593 2693 859 2761 sperma
883 2671 1335 2737 necessarium
1360 2670 1484 2735 viri
1518 2677 1583 2735 et
1608 2669 1937 2748 mulieris,
1964 2673 2147 2763 quod

592 2787 693 2845 est
725 2779 1204 2845 inconveniens
1240 2800 1254 2843 z
1299 2800 1383 2844 ex
1414 2780 1747 2868 sanguiue
1780 2782 1960 2846 enim
2005 2782 2143 2848 lieri

591 2907 727 2952 non
760 2891 1061 2974 possunt,
1100 2907 1256 2950 cum
1291 2886 1569 2973 sanguis
1600 2886 1685 2953 sit
1727 2886 1977 2954 fluidus
2009 2911 2144 2955 uon

589 2994 919 3068 viscosus,
954 2990 1070 3058 sed
1110 2990 1399 3067 subtilis,
1447 2999 1511 3058 et
1556 3016 1695 3060 non
1744 2996 2144 3063 retentibilis

593 3101 660 3167 iu
720 3099 1018 3165 matrice.
1090 3098 1192 3165 lix
1258 3107 1592 3189 spermate
1680 3101 1889 3192 igitur
1943 3102 2137 3171 fiunt,

591 3209 774 3302 quod
804 3217 905 3277 est
932 3211 1445 3277 communicans
1483 3211 1676 3278 venis
1716 3220 1781 3278 et
1820 3215 2048 3280 nervis
2078 3222 2143 3281 et

589 3319 855 3388 ossibus
892 3343 1011 3411 per
1039 3317 1318 3386 modum
1369 3319 1765 3409 praedictum
1811 3342 1825 3386 ε
1863 3330 1929 3388 et
1967 3319 2141 3390 hanc

588 3429 1275 3495 communicationem
1363 3449 1499 3494 non
1581 3424 1790 3495 habet
1861 3431 2141 3518 sanguis

585 3531 1095 3600 commembris
1127 3530 1528 3599 radicalibus
1576 3532 1952 3601 secundum
1993 3557 2137 3603 ma-

586 3640 850 3708 teriam.
923 3639 1207 3729 Sperma
1266 3640 1448 3706 enim
1506 3646 1603 3705 est
1673 3640 1957 3707 materia
2021 3664 2141 3732 per

586 3747 818 3815 omnia
866 3745 1107 3813 habilis
1157 3747 1450 3836 recipere
1499 3749 1945 3838 porositatem
1989 3771 2136 3816 am-

586 3853 770 3946 plam
799 3855 868 3921 iu
907 3855 1034 3920 viis
1065 3854 1393 3944 corporis,
1429 3865 1500 3920 ut
1552 3855 1678 3922 ista
1717 3855 2138 3923 convenien-

590 3963 682 4028 tia
711 3959 876 4028 liant
902 3983 984 4027 ex
1014 3961 1110 4027 eis
1138 3983 1328 4028 venae
1358 3970 1423 4028 et
1452 3961 1717 4029 arteriae
1747 3971 1813 4029 et
1832 3964 1958 4030 viae
1989 3984 2139 4030 sen-

588 4088 788 4133 suum
827 4067 1366 4156 superfluitatum
1404 4090 1419 4133 z
1464 4076 1528 4134 et
1576 4068 1738 4157 quia
1776 4077 1879 4136 est
1917 4076 2137 4135 mate-

588 4174 685 4239 ria
714 4181 779 4239 et
820 4172 1188 4240 substantia
1218 4176 1507 4249 viscosa,
1544 4182 1606 4241 et
1647 4197 1732 4241 ex
1762 4172 1893 4243 hoc
1934 4175 2138 4244 habi-

588 4278 841 4347 litatem
882 4276 1162 4357 habcns,
1206 4287 1279 4346 ut
1310 4303 1391 4347 ex
1423 4305 1501 4347 ea
1528 4283 1692 4349 liant
1722 4285 1911 4351 nervi
1953 4290 2019 4350 et
2057 4283 2136 4351 li·

586 4396 900 4477 gamenta
952 4394 1015 4454 et
1063 4386 1353 4456 chordae.
1401 4388 1477 4456 ln
1534 4393 1867 4481 sanguine
1907 4401 2134 4460 autem

585 4515 723 4560 non
754 4501 852 4560 est
891 4493 1014 4560 ista
1045 4496 1360 4584 qualitas,
1396 4520 1614 4588 neque
1657 4497 1810 4566 talis
1840 4507 1942 4567 est
1979 4499 2137 4568 sub-

585 4599 853 4667 stantia.
891 4597 1183 4691 Sanguis
1223 4603 1429 4692 igitur
1466 4604 1840 4672 secuudum
1879 4628 2136 4675 conve-

585 4709 913 4777 nientiam
943 4711 1221 4777 rationis
1259 4732 1400 4778 non
1438 4714 1565 4779 erit
1594 4714 1883 4783 istorum
1924 4738 2140 4783 mem-

586 4813 865 4882 brorum
890 4816 1194 4884 materia.

678 4921 915 4989 Adhuc
944 4932 1168 4991 autem
1211 4924 1502 5016 qualiter
1530 4936 1759 5016 posset
1791 4926 1922 4997 hoc
1961 4951 2131 5005 esse,

586 5031 771 5122 quod
799 5054 1063 5122 sperma
1094 5033 1277 5124 quod
1307 5037 1648 5126 appetitur
1674 5036 2071 5105 naturaliter
2098 5061 2136 5106 a

587 5140 887 5215 matrice,
931 5140 1375 5230 projiceretur
1402 5165 1437 5208 a
1471 5143 1751 5209 matrice
1798 5165 1814 5211 ε
1860 5151 1925 5211 et
1973 5168 2137 5213 san-

582 5245 735 5328 guis
800 5270 999 5335 quem
1061 5249 1380 5314 continue
1439 5247 1753 5315 videmus
1810 5252 2049 5340 projici
2099 5276 2134 5320 a

584 5351 885 5428 matrice,
949 5355 1347 5421 retineretur
1403 5378 1443 5422 a
1483 5356 1768 5423 matrice
1828 5357 1911 5423 ad
1971 5359 2138 5425 sub-

580 5457 1038 5525 stantiandum
1071 5462 1374 5528 membra
1405 5461 1681 5529 duriora
1713 5468 2140 5555 conceptus?

670 5565 753 5632 Et
782 5561 912 5633 hoc
941 5575 1158 5634 totum
1189 5577 1290 5636 est
1317 5568 1570 5638 dictum
1604 5580 1844 5639 contra
1872 5572 2136 5640 Aristo-

579 5671 782 5740 telem
821 5681 887 5740 et
924 5671 1429 5763 Peripateticos,
1464 5678 1581 5767 qui
1630 5679 1948 5748 dixerunt
1977 5702 2137 5747 om-

1589 350 1673 416 D.
1726 350 1928 416 ALB.
1982 346 2200 417 MAG.
2255 346 2462 416 om).
2517 349 2815 419 PRAED.

2265 522 2454 588 nium
2486 521 2732 591 horum
2777 525 3243 592 membrorum
3293 525 3648 590 materiam
3685 548 3828 592 esse

2265 638 2691 696 menstruum
2749 632 3182 720 sanguinem,
3243 640 3301 696 et
3356 653 3628 720 sperma
3686 655 3824 698 non

2262 756 2406 799 esse
2446 736 2573 800 nisi
2605 735 2909 803 formans
2941 746 3008 804 et
3049 761 3341 828 operans
3380 740 3507 803 ista
3547 760 3668 826 per
3697 739 3831 804 vir-

2261 849 2473 907 tutem
2501 841 2909 910 formantem
2942 868 3093 935 quae
3121 853 3220 911 est
3253 846 3320 911 in
3360 853 3698 933 spermate
3728 846 3827 911 vi-

2262 948 2338 1011 ri.
2379 946 2676 1013 Galenus
2718 956 2947 1015 autem
2988 971 3260 1039 sperma
3307 951 3615 1017 mulieris
3664 950 3828 1018 dicit

2259 1075 2404 1119 esse
2433 1056 2812 1131 materiam,
2850 1077 3002 1144 quae
3032 1055 3237 1122 habet
3264 1055 3520 1144 aliquid
3550 1059 3824 1125 virtutis

2260 1160 2685 1227 informantis
2731 1183 2744 1226 :
2781 1161 2897 1228 sed
2929 1170 3201 1252 oportet
3231 1162 3416 1252 quod
3447 1166 3826 1233 exsiccetur

2258 1286 2377 1352 per
2433 1287 2697 1353 sperma
2757 1266 2908 1331 viri.
2975 1266 3062 1334 Et
3099 1289 3178 1333 ea
3240 1289 3390 1356 quae
3432 1266 3824 1336 induximus

2258 1372 2339 1438 de
2381 1375 2644 1441 ratione
2685 1373 2925 1441 Galeni
2962 1374 3046 1443 de
3102 1382 3440 1465 spermate
3489 1375 3817 1454 mulieriS,

2258 1480 2491 1546 dicunt
2546 1480 2730 1569 quod
2767 1481 2918 1549 vult
2974 1480 3194 1549 solum
3254 1503 3400 1549 esse
3459 1485 3818 1550 materiam

2257 1586 2776 1653 convenientem
2817 1588 3287 1656 membrorum
3330 1590 3399 1655 in
3436 1598 3766 1679 conceptu
3801 1614 3816 1657 ε

2259 1692 2433 1760 etde
2465 1691 2594 1759 hoe.
2632 1703 2969 1783 spermate
3011 1717 3150 1762 non
3203 1695 3361 1763 facit
3397 1696 3820 1764 mentionem

2256 1800 2681 1880 Aristoteles,
2743 1802 2862 1868 sed
2942 1800 3028 1867 ad
3082 1803 3597 1891 generationem
3664 1802 3825 1872 dicit

2258 1908 2566 1976 sufficere
2605 1909 3009 1999 sanguinem
3051 1918 3481 1978 menstruum
3513 1934 3636 2001 pro
3677 1934 3821 1978 ma·
3911 1985 3918 1997 ,

2256 2018 2450 2095 teria,
2495 2026 2559 2085 et
2587 2041 2857 2108 sperma
2885 2021 3016 2086 viri
3045 2042 3169 2109 pro
3209 2018 3540 2087 efficiente
3580 2027 3647 2087 et
3675 2019 3818 2087 for-

2256 2136 2508 2192 mante.

2350 2234 2641 2302 Ulterius
2697 2243 2926 2304 autem
2974 2238 3219 2327 quaerit
3267 2237 3592 2313 GalenuS,
3630 2263 3663 2302 α
3708 2236 3812 2304 Ad

2256 2342 2418 2431 quid
2456 2346 2589 2410 sint
2630 2343 2783 2411 sacti
2826 2344 3116 2411 testiculi
3166 2343 3497 2421 mulieris,
3541 2352 3605 2412 et
3652 2368 3817 2412 vasa

2253 2452 2634 2538 spermatis,
2671 2452 2722 2517 si
2759 2474 2893 2518 non
2926 2451 3218 2541 propriae
3257 2453 3558 2518 materiai
3600 2474 3816 2542 gene-

2255 2558 2536 2623 rationis
2575 2557 3074 2625 deservientia?
3106 2584 3139 2623 ι

2341 2665 2702 2746 Pru-terea,
2748 2677 2820 2735 ut
2878 2667 3037 2734 dicit
3086 2667 3408 2744 Galenus,
3470 2691 3650 2758 saepe
3691 2691 3813 2758 per

2251 2775 2668 2841 anatomiam
2719 2777 2993 2842 inventa
3031 2784 3190 2842 suut
3235 2799 3398 2841 vasa
3449 2776 3808 2865 spermatis

2253 2882 2317 2947 in
2359 2880 2640 2948 muliere
2683 2880 2880 2970 plena
2913 2880 3314 2948 humiditate
3340 2880 3495 2948 alba
3518 2883 3809 2958 viscosa,

2250 3012 2399 3078 quae
2440 2989 2673 3078 procul
2704 2988 2912 3055 dubio
2946 2998 3047 3055 est
3096 2987 3470 3057 humiditas
3501 3013 3814 3079 sperma-

2249 3100 2380 3165 tica
2417 3121 2431 3165 ε
2469 3123 2686 3190 neque
2726 3108 2828 3166 est
2856 3098 3237 3167 differentia
3272 3100 3464 3165 istius
3492 3098 3577 3166 ad
3617 3123 3814 3190 sper-

2248 3230 2354 3273 ma
2398 3209 2524 3274 viri
2558 3207 2931 3275 seeundum
2972 3209 3194 3274 visum
3239 3216 3303 3274 et
3362 3216 3642 3285 tactum,
3679 3208 3804 3274 nisi

2246 3315 2401 3404 quia
2434 3338 2703 3405 sperma
2736 3314 3040 3382 mulieris
3062 3323 3165 3382 est
3193 3317 3414 3404 magis
3445 3313 3806 3382 humidum

2245 3432 2582 3512 sperumte
2620 3422 2773 3488 viri.

2331 3529 2576 3598 Adhuc
2613 3540 2842 3597 autem
2883 3529 3047 3597 dicit
3094 3529 3394 3597 Galenus
3433 3527 3619 3620 quod
3660 3528 3804 3617 jam

2242 3637 2542 3705 vidimus
2570 3661 2692 3729 per
2727 3639 3270 3729 experimentum
3305 3636 3661 3705 mulierem
3693 3659 3810 3727 pa-

2243 3742 2523 3809 tientem
2582 3742 3096 3812 suffocationem
3146 3742 3474 3818 matricis,
3529 3749 3807 3832 propter

2243 3850 2370 3917 hoc
2410 3851 2596 3941 quod
2633 3851 2961 3919 ahstinnit
2996 3875 3032 3917 a
3067 3851 3249 3919 coitu
3297 3851 3424 3917 viri
3468 3871 3485 3917 ε
3540 3858 3605 3918 et
3648 3857 3803 3941 post

2243 3958 2519 4049 aliquod
2556 3967 2824 4050 tempus
2879 3959 3336 4027 evacnehatur
3371 3983 3410 4026 a
3464 3969 3799 4049 spermate

2244 4067 2487 4143 multo,
2522 4075 2586 4132 et
2626 4069 2693 4134 iu
2734 4067 3176 4134 evacuatione
3215 4064 3455 4134 hahuit
3502 4065 3801 4134 delecta-

2244 4174 2497 4239 tionem
2529 4171 2819 4239 similem
2855 4170 3283 4239 delectationi
3317 4172 3562 4251 coitus,
3604 4180 3670 4240 et
3699 4195 3804 4239 sa·

2240 4288 2398 4346 nata
2463 4279 2673 4346 suita
2731 4278 3203 4347 suffocatione.
3266 4276 3547 4344 Constat
3606 4302 3796 4367 ergo,

2241 4386 2423 4477 qnod
2466 4389 2750 4453 retentio
2788 4386 2992 4477 longa
3050 4384 3233 4452 illius
3271 4385 3632 4474 spermatis
3679 4407 3800 4474 per

2239 4495 2792 4584 evaporationem
2823 4493 2979 4561 fecit
3007 4491 3527 4561 suffocationem
3561 4490 3747 4559 illam
3775 4514 3791 4560 ε

2239 4603 2430 4691 cujus
2469 4604 2737 4692 signum
2788 4608 2910 4678 est,
2975 4601 3135 4692 quia
3184 4600 3622 4690 inspissatum
3671 4599 3795 4666 suit

2238 4732 2508 4800 sperma
2546 4708 2735 4775 illud.

2326 4816 2640 4908 Amplius
2679 4823 2903 4884 autem
2964 4815 3209 4882 titulier
3263 4837 3444 4904 saepe
3499 4813 3798 4881 somniat

2236 4949 2306 4993 se
2337 4929 2474 5017 pati
2504 4927 2760 4992 coitum
2800 4925 2955 5004 viri,
2991 4930 3057 4991 et
3086 4932 3248 4991 tunc
3284 4922 3467 5013 ejicit
3497 4944 3794 5012 sperma.

2323 5033 2568 5102 Adhuc
2595 5042 2820 5101 autem
2861 5034 2915 5099 si
2948 5031 3259 5100 membra
3313 5039 3635 5120 generata
3683 5053 3798 5095 es-

2234 5150 2386 5208 sent
2422 5165 2505 5208 ex
2546 5142 2874 5231 sanguine
2914 5142 3090 5207 sicut
3136 5162 3222 5205 ex
3269 5137 3579 5213 materia,
3637 5159 3793 5203 cum

2234 5251 2510 5337 sanguis
2542 5249 2624 5314 sit
2658 5248 2930 5337 propria
2971 5247 3254 5314 materia
3292 5244 3541 5322 carnis,
3584 5266 3795 5333 opor-

2234 5362 2395 5421 teret
2431 5353 2617 5444 qnod
2676 5357 2862 5422 nervi
2903 5364 2970 5422 et
3027 5375 3219 5422 vente
3249 5359 3317 5419 et
3356 5374 3509 5419 ossa
3566 5359 3793 5419 essent

2232 5487 2389 5530 caro
2435 5486 2449 5529 :
2525 5464 2848 5553 quoniam
2918 5485 3212 5554 quorum
3272 5483 3410 5528 non
3473 5459 3797 5528 dill'erunt

2234 5573 2531 5638 materiae
2569 5572 2883 5662 propriae,
2917 5569 3165 5638 horum
3200 5570 3403 5638 etiam
3436 5591 3576 5636 non
3605 5567 3797 5636 dill'e-

2233 5688 2392 5748 runt
2424 5680 2682 5748 formae.
