4919 6371
2072 397 2242 473 LIB.
2297 398 2328 464 Ι
2374 396 2496 464 DE
2541 395 3135 478 ANIMALIBUS,
3183 397 3491 468 TRACT.
3542 398 3607 466 11

1242 583 1506 645 motum
1567 566 2040 658 processivum
2133 567 2425 635 formata
2512 588 2796 656 organa,

1243 678 1558 771 quamvis
1598 673 1911 764 quaedam
1949 673 2312 741 videantur
2338 670 2589 739 habere
2637 691 2803 760 pro-

1238 781 1824 878 portionalitatem
1857 781 2324 850 similitudinis
2364 778 2449 845 ad
2505 776 2800 844 invicem

1237 899 1307 963 in
1355 895 1663 963 bonitate
1702 915 1855 985 quae
1885 900 1988 962 est
2025 888 2350 960 fortitudo
2384 887 2633 966 carnis,
2676 887 2801 953 sic-

1235 1011 1312 1070 ut
1374 1002 1793 1093 adjutorium
1860 998 2424 1090 proportionatur
2486 1015 2678 1061 coxa-2
2730 994 2801 1060 in

1239 1108 1371 1178 hoc
1401 1110 1588 1202 quod
1629 1118 2002 1196 utrumque
2057 1103 2495 1193 componitur
2533 1123 2616 1169 ex
2645 1105 2805 1168 mu-'-

1240 1217 1448 1286 sculis
1474 1225 1542 1284 et
1580 1213 1854 1284 chordis
1886 1211 2155 1301 magnis
2186 1218 2254 1278 et
2298 1207 2569 1276 ossibus
2607 1206 2807 1275 forti-

1239 1323 1369 1391 bus
1402 1323 1489 1391 ad
1520 1328 1787 1389 motum
1818 1316 2240 1388 extensionis
2270 1323 2337 1384 et
2375 1313 2804 1383 retractionis

1238 1439 1305 1498 et
1364 1425 1925 1497 circumdationis
1972 1420 2513 1516 pertinentibus:
2561 1427 2628 1489 et
2672 1417 2805 1488 hoc

1236 1535 1444 1605 modo
1483 1535 1847 1604 videturin
1878 1530 2324 1601 similitudine
2356 1528 2809 1618 compositio-

1238 1641 1451 1711 nis'ot
1509 1650 1741 1710 motus
1797 1637 2306 1731 proportionari
2360 1657 2483 1726 pes
2539 1635 2800 1710 manui,

1238 1753 1357 1821 scd
1382 1775 1503 1844 pes
1523 1752 1777 1843 digitos
1807 1747 2014 1818 habet
2034 1747 2119 1816 ad
2141 1745 2406 1814 fortiter
2424 1740 2801 1835 figendum,

1242 1870 1310 1930 et
1349 1882 1595 1929 manus
1624 1858 1834 1927 habet
1869 1857 2124 1949 digitos
2152 1855 2238 1923 ad
2267 1855 2537 1923 fortiter
2572 1873 2811 1942 appre-

1238 1967 1678 2037 hendendum
1714 1974 1781 2036 et
1820 1964 2197 2035 tenendum
2242 1984 2258 2029 :
2303 1971 2370 2030 et
2424 1960 2575 2029 haec
2619 1956 2811 2027 simi*

1239 2075 1454 2144 litudo
1485 2074 1956 2167 proportionis
1983 2072 2169 2156 facit,
2211 2066 2397 2161 quod
2446 2068 2739 2159 quidam
2769 2088 2809 2133 a

1238 2183 1595 2252 nativitate
1623 2189 1935 2252 carentes
2001 2175 2321 2247 manilius
2367 2184 2437 2245 et
2483 2172 2806 2254 brachiis,

1242 2313 1449 2383 opera
1479 2312 1816 2359 manuum
1857 2285 2077 2355 multa
2104 2284 2361 2355 faciunt
2397 2305 2557 2352 cum
2614 2281 2812 2374 pedi-

1243 2400 1371 2468 bus
1410 2408 1476 2468 et
1514 2397 1851 2475 cruribus,
1890 2418 1973 2465 eo
2014 2393 2197 2487 quod
2238 2414 2486 2462 manus
2534 2399 2603 2460 et
2648 2389 2812 2460 bra-

1245 2504 1399 2574 chia
1434 2506 1610 2574 sicut
1636 2526 1838 2574 crura
1885 2510 1956 2571 et
2008 2500 2216 2592 pedes
2280 2498 2593 2567 laxarum
2651 2503 2815 2565 sunt

1242 2614 1835 2703 conjunctionum,
1869 2618 1937 2680 et
1975 2609 2299 2679 habentia
2353 2605 2706 2675 musculos
2744 2612 2812 2674 et

1242 2743 1490 2790 nervos
1530 2722 1600 2789 in
1640 2729 1779 2788 tres
1809 2727 2064 2796 motus,
2098 2716 2454 2806 ejectionis
2494 2713 2812 2782 videlicet

1238 2837 1307 2896 et
1343 2826 1835 2898 contractionis
1863 2833 1932 2894 et
1994 2821 2577 2894 circumdationis.

1328 2934 1465 3004 Sed
1505 2956 1646 3004 non
1684 2933 1895 3003 lateat
1958 2954 2111 3012 nos,
2178 2930 2366 3023 quod
2427 2949 2676 2998 manus
2741 2936 2812 2996 et

1230 3043 1438 3134 pedes
1465 3051 1536 3113 et
1578 3064 1770 3112 coxoe
1800 3049 1867 3111 et
1896 3038 2178 3110 brachia
2219 3046 2381 3108 sunt
2427 3060 2555 3130 pro
2618 3044 2806 3106 certo

1238 3152 1550 3222 membra
1577 3150 1799 3222 dextri
1830 3158 1900 3220 et
1934 3148 2217 3229 sinistri,
2250 3169 2404 3240 quae
2431 3153 2596 3216 sunt
2621 3143 2809 3237 priu-

1235 3261 1494 3353 cipium
1543 3259 1949 3338 latitudinis,
1983 3265 2052 3328 et
2087 3279 2227 3326 non
2266 3254 2398 3325 nisi
2441 3254 2672 3347 quoad
2708 3276 2812 3323 re-

1236 3377 1542 3458 spectum
1558 3366 1863 3459 aliquem
1890 3372 2054 3435 sunt
2070 3363 2352 3433 interius
2375 3370 2446 3432 et
2461 3362 2802 3453 superius,

1236 3497 1389 3566 quae
1425 3473 1881 3566 longitudinis
1936 3479 2101 3541 sunt
2154 3469 2512 3565 principia.
2581 3467 2806 3560 liujus

1238 3589 1468 3651 autem
1497 3581 1776 3675 signum
1806 3587 1936 3663 est,
1989 3577 2176 3672 quod
2227 3578 2517 3646 virtutes
2580 3575 2804 3647 dextri

1237 3696 1305 3758 et
1327 3688 1587 3758 sinistri
1613 3686 1848 3781 quoad
1874 3672 2143 3757 motum
2175 3682 2464 3755 localem
2500 3705 2646 3754 non
2674 3705 2806 3753 ex-

1235 3796 1545 3886 perimur
1572 3795 1705 3864 nisi
1760 3798 1833 3865 in
1899 3794 2213 3865 cruribus
2269 3801 2338 3863 et
2392 3790 2682 3885 pedibus
2739 3799 2805 3861 et

1238 3901 1535 3972 brachiis
1570 3910 1641 3972 et
1668 3901 1988 3972 manibus
2030 3924 2047 3970 ε
2093 3908 2161 3970 et
2186 3899 2340 3970 ideo
2387 3900 2596 3968 etiam
2633 3921 2806 3968 con-

1236 4010 1463 4102 tingit,
1496 4008 1682 4102 quod
1728 4009 2009 4103 quando
2065 4007 2470 4079 naturaliter
2523 4006 2807 4095 adjuto-

1240 4117 1421 4185 rium
1462 4114 1727 4187 brachii
1772 4116 2209 4196 diminuitur,
2238 4115 2416 4185 sicut
2435 4113 2513 4183 tit
2540 4113 2610 4182 in
2642 4112 2812 4181 sini·

1240 4232 1382 4293 stra
1416 4232 1635 4315 parte,
1668 4223 2056 4295 tuncetiam
2080 4224 2154 4292 in
2190 4219 2429 4292 eadem
2466 4228 2658 4312 parte
2695 4219 2810 4290 di-

1242 4331 1580 4403 minuitur
1630 4335 1841 4404 etiam
1913 4353 2115 4411 coxa,
2165 4340 2237 4402 et
2295 4327 2541 4400 eodem
2596 4328 2808 4399 modo

1241 4439 1451 4508 etiam
1479 4462 1602 4532 pes
1628 4438 2063 4518 diminuitur,
2103 4445 2171 4509 et
2211 4437 2624 4507 diminuitur
2654 4460 2812 4508 ma·

1244 4570 1376 4616 nus
1408 4570 1425 4615 :
1460 4557 1530 4618 et
1558 4570 1766 4619 causa
1822 4546 2104 4641 quidem
2159 4544 2641 4615 diminutionis
2704 4554 2810 4615 est

1243 4654 1608 4724 diminutio
1643 4656 1944 4726 virtutis.
1977 4653 2200 4724 Causa
2225 4661 2457 4724 autem
2495 4652 2812 4724 similitu-

1244 4761 1425 4831 dinis
1488 4761 1727 4855 ligura·
1793 4771 1899 4833 est
1968 4762 2412 4833 conformitas
2478 4760 2687 4830 oflicii
2741 4769 2812 4830 et

1243 4872 1755 4961 operationum.

1331 4986 1579 5057 Adbuc
1604 4995 1835 5058 autem
1867 5008 1947 5058 os
2000 4986 2283 5080 quidem
2338 4984 2660 5076 adjutorii
2707 4991 2811 5054 cst

1243 5116 1460 5164 unum
1503 5095 1759 5176 solum,
1811 5093 2003 5190 quod
2065 5116 2108 5163 a
2162 5094 2487 5184 junctura
2540 5089 2809 5161 humeri

1245 5224 1464 5296 usque
1492 5203 1583 5272 ad
1596 5201 1920 5277 cubitum
1946 5200 2346 5294 porrigitur.
2380 5198 2554 5269 Ossa
2577 5207 2808 5270 autem

1245 5309 1506 5381 brachii
1545 5312 1730 5382 inter
1771 5312 2084 5383 cubitum
2131 5315 2201 5379 et
2227 5316 2589 5387 rascetam,
2650 5314 2814 5376 sunt

1245 5416 1385 5488 duo
1413 5439 1567 5511 quo
1596 5418 1849 5510 σαθρά
1887 5416 2001 5488 vel
2057 5413 2433 5487 armtdinoe
2494 5416 2812 5507 superius

1244 5526 1475 5597 vocari
1513 5526 1839 5597 diximus.
1884 5524 1966 5595 ln
1987 5524 2231 5597 eodem
2259 5529 2494 5593 autem
2520 5544 2813 5593 numero

1246 5639 1407 5701 sunt
1433 5654 1515 5702 os
1552 5632 1833 5727 quidem
1870 5653 2062 5702 coxoe
2080 5650 2326 5711 unum,
2346 5629 2567 5699 cruris
2580 5635 2813 5700 autem

1249 5738 1411 5810 duo.
1437 5738 1575 5823 Sed
1594 5739 1809 5812 limen
1838 5738 2177 5834 genunon
2194 5733 2405 5807 habet
2422 5733 2689 5830 aliquid
2705 5760 2818 5807 re·-

4327 405 4449 471 125

2910 566 3253 654 spondens
3281 567 3351 633 in
3382 567 3640 645 cubito,
3678 569 3837 657 quia
3879 590 4017 633 non
4058 569 4185 634 fuit
4218 590 4458 637 neces-

2906 671 3191 756 sarium,
3226 672 3388 762 quia
3416 694 3491 739 os
3531 672 3713 763 quod
3765 674 3974 739 limen
4007 695 4190 762 qenu
4243 696 4455 742 voca-

2905 783 3044 856 tur,
3090 776 3241 846 ideo
3291 781 3592 869 positum
3645 787 3968 870 estsuper
4028 781 4450 867 juncturam,

2905 893 2981 952 ut
3021 886 3079 953 si
3137 895 3287 955 ruat
3334 911 3418 955 ex
3491 889 3821 979 gravitate
3870 891 4201 979 corporis,
4271 888 4457 979 quod

2905 1000 3238 1060 sustentet
3265 993 3336 1059 in
3368 1016 3516 1061 eam
3544 1002 3804 1084 partem
3845 993 3928 1061 ad
3960 1016 4165 1084 quam
4221 1016 4458 1062 curva-

2907 1103 3039 1165 tur.
3084 1099 3452 1168 Brachium
3508 1109 3734 1170 autem
3792 1124 3932 1170 non
3980 1102 4271 1170 sustinet
4325 1099 4456 1169 sli-

2909 1207 3096 1299 quid,
3129 1209 3248 1278 sed
3287 1218 3606 1300 operatur
3634 1233 3840 1301 opera
3860 1210 3944 1279 ad
3981 1233 4132 1301 quae
4162 1210 4458 1301 exigitur

2910 1314 3262 1406 diligentia
3326 1325 3392 1384 ot
3465 1317 3823 1385 studium:
3886 1325 3949 1385 et
4007 1315 4153 1385 haec
4209 1316 4454 1385 melius

2909 1423 3085 1490 flunt
3111 1423 3332 1492 soluta
3352 1425 3698 1514 junctura,
3767 1447 3974 1515 quam
4035 1424 4328 1492 limitata
4391 1431 4458 1491 et

2909 1531 3141 1623 ligata.
3186 1532 3350 1601 Post
3378 1531 3732 1602 brachium
3770 1539 4001 1602 autem
4054 1541 4158 1601 est
4212 1519 4456 1600 manus

2911 1662 3067 1709 cum
3108 1640 3213 1710 his
3243 1664 3393 1734 quae
3419 1642 3801 1734 appendent
3832 1642 3990 1723 sibi,
4024 1651 4091 1712 et
4112 1629 4212 1711 est
4232 1627 4459 1710 minor

2908 1747 3190 1817 brachio
3247 1749 3474 1842 quoad
3528 1752 3783 1818 ossium
3833 1750 4334 1842 quantitatem:
4394 1755 4461 1817 et

2912 1863 3016 1925 est
3051 1859 3120 1925 in
3160 1878 3404 1925 manus
3430 1857 3761 1949 principio
3792 1865 4074 1937 rasceta,
4118 1864 4185 1926 et
4219 1863 4460 1948 postea

2911 1971 3150 2055 pecten
3182 1986 3428 2033 manus
3467 1965 3582 2058 qui
3636 1965 3963 2035 dividitur
4022 1956 4121 2033 in⁴
4161 1965 4463 2057 quinque

2913 2070 3188 2165 digitos,
3222 2095 3515 2164 quorum
3564 2072 3845 2164 quilibet
3886 2072 4213 2141 dividitur
4252 2073 4324 2140 in
4380 2065 4462 2139 eo

2913 2180 3096 2273 quod
3135 2204 3175 2249 a
3220 2204 3430 2250 manu
3459 2174 3807 2275 separatus
3834 2191 3940 2251 est
3974 2185 4047 2250 in
4098 2190 4236 2251 tres
4288 2180 4459 2248 arti-⁴

2912 2288 3105 2358 culos
3133 2297 3202 2358 et
3230 2289 3360 2359 tria
3418 2312 3573 2359 ossa
3636 2297 3703 2358 et
3765 2279 4251 2379 conjuncturas
4307 2309 4460 2380 quae

2913 2406 3076 2467 sunt
3101 2420 3256 2467 ossa
3274 2398 3599 2467 sisamina
3634 2398 3978 2487 juncturis
4028 2404 4309 2489 propter
4362 2397 4468 2463 re·'

2912 2504 3284 2596 pletionem
3313 2505 3807 2595 interpositam,
3852 2511 4095 2595 praeter
4149 2502 4466 2595 pollicem

2914 2615 3031 2704 qui
3070 2613 3142 2681 in
3180 2610 3313 2682 hoc
3360 2619 3710 2703 separatus
3762 2620 3864 2680 est
3929 2634 3970 2679 a
4023 2609 4467 2680 continuitate

2913 2742 3184 2799 manus,
3227 2741 3365 2787 non
3389 2717 3730 2786 -dividitur
3766 2717 3894 2786 nisi
3937 2718 4005 2785 in
4071 2718 4246 2785 duos
4301 2715 4474 2782 arti-

2912 2828 3130 2907 culos,
3188 2836 3255 2896 et
3319 2826 3456 2895 duo
3513 2850 3690 2905 ossa,
3756 2834 3821 2894 et
3889 2824 4059 2894 duas
4116 2825 4475 2914 juncturas

2912 2937 3304 3029 supplentes
3330 2938 3703 3005 vacuitates
3737 2935 3905 3004 laxae
3934 2935 4279 3023 juncturae
4323 2953 4474 3023 quae

2911 3054 3014 3116 est
3052 3048 3123 3115 in
3154 3046 3334 3138 ipso.

3000 3155 3080 3225 In
3108 3156 3408 3248 quinque
3437 3163 3663 3226 autem
3684 3154 3912 3248 digitis
3938 3158 4249 3222 servatur
4280 3171 4476 3245 sym-

2910 3264 3156 3333 metria
3184 3260 3543 3343 mirabilis,
3576 3259 3761 3354 quod
3810 3263 3883 3329 in
3924 3260 4233 3353 quolibet
4285 3280 4462 3351 qua-

2910 3378 3070 3440 tuor
3121 3368 3518 3463 digitorum,
3570 3368 3770 3459 primi
3816 3366 3955 3435 duo
4000 3365 4269 3435 articuli
4315 3365 4463 3433 sive

2910 3477 3049 3549 duo
3106 3499 3262 3548 ossa
3325 3500 3477 3570 quae
3529 3487 3688 3546 sunt
3742 3475 4044 3546 anterius
4088 3475 4162 3543 in
4215 3472 4456 3565 digito,

2907 3586 3199 3681 aequalia
3251 3593 3409 3655 sunt
3453 3587 3575 3654 uni
3623 3583 3807 3678 quod
3851 3590 3956 3653 est
4006 3582 4345 3676 posterius
4389 3582 4462 3650 in

2910 3692 3179 3775 eodem,
3223 3694 3292 3763 in
3320 3712 3459 3787 quo
3487 3691 3740 3785 digitus
3768 3689 4212 3784 conjungitur
4241 3688 4463 3782 pecti-

2910 3800 2982 3868 ni
3011 3820 3257 3868 manus
3288 3819 3307 3867 :
3339 3806 3410 3866 ot
3445 3798 3678 3866 omnis
3727 3796 3856 3865 tria
3903 3816 4060 3865 ossa
4100 3815 4252 3887 quoe
4301 3801 4463 3863 sunt

2911 3906 2981 3973 in
3010 3901 3252 3997 digiti),
3284 3902 3425 3972 sive
3458 3910 3593 3972 tres
3635 3900 3900 3970 articuli
3947 3923 4036 3970 ex
4071 3899 4322 3993 quibus
4347 3908 4464 3968 to-

2910 4020 3021 4082 tus
3083 4019 3538 4103 componatur
3589 4011 3874 4101 digitus,
3945 4008 4241 4100 aequalia
4300 4012 4464 4075 sunt

2910 4120 3049 4190 ossi
3109 4116 3545 4212 respondenti
3599 4116 3729 4185 sibi
3782 4117 3854 4186 in
3902 4114 4170 4209 pectine
4216 4135 4465 4184 manus

2910 4249 3071 4298 cum
3124 4247 3279 4295 osse
3328 4233 3603 4296 rasceto
3647 4245 3866 4316 usque
3909 4221 3999 4293 ad
4053 4219 4298 4315 asseyd
4349 4219 4464 4291 cui

2911 4333 3274 4428 colligatur
3304 4355 3323 4402 z
3355 4343 3423 4403 et
3468 4343 3696 4402 tamen
3743 4330 4092 4424 sigillatim
4145 4325 4467 4400 conside-

2913 4451 3087 4525 rata,
3117 4443 3416 4535 primum
3445 4449 3548 4512 est
3583 4439 3860 4510 brevius
3884 4436 4217 4521 secundo,
4256 4444 4326 4504 et
4349 4458 4467 4505 se-

2913 4550 3215 4621 cundum
3240 4551 3469 4628 tertio,
3500 4556 3563 4617 et
3592 4549 3868 4617 tertium
3898 4552 4166 4639 quarto.
4201 4541 4281 4613 In
4308 4540 4469 4635 pol-

2914 4657 3042 4729 lice
3097 4665 3328 4727 autem
3377 4654 3516 4725 duo
3572 4677 3724 4748 quoe
3793 4654 4052 4725 faciunt
4112 4649 4463 4746 pollicem,

2915 4764 3208 4858 oequalia
3237 4771 3396 4835 sunt
3443 4767 3644 4833 tertio
3682 4762 3865 4855 quod
3905 4760 4333 4853 protenditur
4381 4757 4469 4828 ad

2915 4872 3183 4965 asseyd.
3220 4870 3357 4942 Sed
3407 4871 3942 4963 unumquodque
3983 4872 4051 4938 iu
4092 4870 4316 4961 seipso
4367 4874 4471 4935 est

2913 4977 3177 5074 equale
3214 4977 3438 5047 alteri.

3008 5086 3323 5181 Spatium
3353 5092 3580 5154 autem
3610 5084 4060 5177 longitudinis
4082 5082 4299 5153 totius
4326 5103 4473 5150 ma-

2918 5217 3050 5267 nus
3074 5200 3386 5287 aquatus·
3408 5193 3630 5286 spatio
3666 5191 3854 5286 quod
3897 5198 4003 5262 est
4031 5214 4074 5263 a
4112 5206 4292 5262 cono
4317 5189 4469 5259 nasi

2919 5328 3135 5398 usque
3185 5304 3266 5371 ad
3300 5302 3592 5393 primam
3612 5311 3921 5371 suturam
3957 5324 4082 5395 per
4114 5322 4196 5370 os
4228 5298 4471 5369 frontis

2919 5422 2990 5486 et
3024 5435 3148 5506 per
3188 5434 3268 5482 os
3310 5411 3643 5503 sincipitis
3676 5431 3695 5480 ε
3725 5420 3795 5482 ct
3829 5434 3917 5483 ex
3959 5410 4093 5482 boc
4137 5408 4473 5501 relinqui-

2920 5533 3057 5604 tur,
3101 5519 3289 5614 quod
3331 5518 3585 5611 digitus
3646 5521 3735 5589 sit
3788 5519 4074 5613 aequalis
4135 5515 4371 5588 tmnti·
4406 5522 4474 5585 et

2922 5628 3243 5722 sincipiti.
3279 5625 3441 5714 1110,
3487 5627 3797 5720 inquam,
3844 5626 4103 5720 digitus
4147 5625 4266 5719 qui
4324 5622 4474 5692 lone

2920 5737 3077 5831 gior
3099 5745 3170 5807 et
3185 5732 3454 5805 medius
3473 5742 3782 5804 vocatur.
3815 5734 3903 5804 Et
3931 5735 4142 5806 etiam
4169 5727 4366 5825 'quod
4390 5747 4473 5797 os
