4919 6371
1942 515 2114 585 LIB.
2165 513 2225 581 Il
2280 513 2395 586 DE
2440 512 3031 591 ANIMALIBUS,
3081 515 3396 585 TRACT.
3453 517 3481 581 1

1091 695 1216 761 bus
1283 690 1674 758 calcaneum
1748 696 2026 778 propter
2081 687 2326 776 digitos
2384 685 2635 774 plureS,

1093 807 1211 866 aut
1247 798 1330 864 ad
1359 799 1585 862 minus
1615 795 1810 873 dum,
1856 797 2016 885 quia
2055 794 2147 860 ibi
2199 791 2635 866 conveniunt,

1087 917 1160 974 ut
1198 913 1482 994 uterque
1511 903 1759 971 habeat
1789 926 1991 970 suum
2039 901 2273 975 limen,
2311 907 2376 964 et
2414 895 2641 986 quoad

1084 1012 1215 1080 hoc¹
1255 1012 1548 1102 indiguit
1607 1011 1884 1102 elephas
1933 1007 2278 1088 calcaneO,
2323 1003 2441 1072 sed
2481 1026 2641 1093 par-

1084 1144 1170 1188 vo
1207 1144 1221 1188 τ
1259 1122 1419 1212 quia
1465 1143 1716 1211 parvus
1764 1117 1983 1207 magis
2023 1122 2219 1205 aptus
2269 1120 2367 1180 est
2416 1113 2499 1180 ad
2540 1136 2639 1180 re-

1082 1229 1453 1297 sistendum
1505 1226 1811 1303 ssexioni,
1857 1227 1952 1291 ita
2004 1232 2233 1291 tamen
2284 1222 2469 1314 quod
2522 1246 2638 1289 ne-

1082 1338 1443 1404 cessariam
1488 1334 1853 1401 flexionem
1899 1355 2042 1399 non
2099 1331 2445 1421 impediat.
2510 1328 2637 1396 Cu-

1070 1445 1183 1533 jus
1222 1446 1495 1535 signum
1534 1450 1658 1519 est,
1704 1441 1866 1530 quia
1904 1441 2109 1508 etiam
2151 1441 2219 1506 in
2250 1438 2528 1504 homine
2562 1435 2636 1502 li-

1077 1574 1232 1619 men
1270 1574 1454 1641 genu
1487 1557 1590 1617 est
1628 1548 1829 1616 valde
1869 1570 2185 1639 parvum.

1163 1658 1477 1747 Amplius
1518 1666 1748 1724 autem
1780 1655 2156 1723 differentia
2190 1661 2291 1720 est
2319 1654 2387 1719 in
2417 1652 2632 1721 caliab

1079 1764 1476 1833 animalium
1563 1764 1800 1830 fissum
1894 1763 2136 1851 pedem
2207 1758 2626 1827 habentium.

1083 1871 1424 1952 Quoniam
1492 1873 1607 1939 illa
1674 1893 1825 1962 quae
1866 1872 1933 1936 in
1982 1869 2176 1960 plura
2207 1869 2445 1958 pedem
2504 1870 2633 1934 lin-

1084 1981 1276 2058 dunt,
1335 1989 1399 2048 et
1430 1978 1759 2069 ungulam
1817 1981 1959 2046 sive
1991 1962 2357 2044 sotularem
2389 2000 2633 2044 corne-

1082 2113 1198 2157 um
1232 2112 1370 2157 non
1401 2085 1677 2166 habe'nt,
1712 2088 1830 2156 sed
1878 2110 2139 2177 ungues
2178 2086 2427 2153 habent
2481 2110 2633 2154 acu-

1076 2208 1217 2276 tos,
1261 2200 1436 2266 sicut
1464 2198 1597 2275 len,
1642 2197 1856 2278 canis,
1909 2196 2133 2286 lupus,
2179 2204 2244 2263 et
2290 2205 2533 2274 cattuS,
2567 2204 2632 2262 et

1077 2305 1499 2394 hujusmodi,
1552 2303 1807 2372 habent
1843 2303 2058 2371 cahab
2108 2304 2255 2371 sine
2308 2326 2538 2394 ungue
2567 2311 2628 2370 et

1078 2414 1375 2505 ungula:
1418 2423 1490 2483 et
1517 2422 1618 2482 est
1659 2413 1970 2504 quiedam
2004 2411 2332 2481 additatio
2356 2412 2633 2481 cartila-

1076 2522 1254 2612 ginis
1281 2530 1353 2591 et
1378 2521 1529 2590 duri
1559 2521 1723 2589 corii
1753 2521 1978 2611 posita
2003 2543 2088 2588 ex
2118 2522 2433 2611 opposito
2463 2543 2633 2588 con-

1076 2634 1176 2696 tra
1207 2626 1597 2696 membrum
1627 2628 1700 2695 in
1722 2650 1859 2719 quo
1891 2626 2084 2718 digiti
2113 2626 2199 2700 ad
2229 2627 2630 2694 arundine-m

1073 2737 1290 2803 cruris
1318 2736 1831 2824 conjunguntur
1860 2735 2191 2825 superiori
2212 2735 2633 2822 conjunctio-

1077 2865 1188 2920 ne,
1222 2862 1372 2931 qum
1414 2841 1827 2930 respondent
1887 2849 2158 2908 rascetoe
2218 2842 2284 2906 in
2330 2840 2632 2908 homini-

1076 2947 1230 3028 bus,
1272 2971 1395 3038 per
1423 2971 1572 3039 quae
1603 2956 1838 3039 postea
1869 2957 2107 3039 pecten
2158 2949 2483 3016 emissum
2523 2950 2632 3016 ‹li-

1072 3056 1333 3123 viditur
1365 3056 1433 3122 in
1491 3055 1771 3146 digitos,
1810 3055 1886 3122 In
1945 3054 2051 3122 his
2108 3065 2336 3122 autem
2369 3080 2519 3146 quw.
2562 3058 2629 3123 in

1076 3163 1211 3231 duo
1255 3163 1525 3231 {indunt
1563 3162 1835 3254 pedem,
1879 3185 2031 3253 quae
2081 3162 2409 3256 ungulam
2479 3191 2632 3233 cor-

1078 3293 1277 3339 neam
1320 3269 1600 3349 hahent,
1636 3293 1786 3361 qnoe
1827 3272 2032 3339 etiam
2065 3272 2334 3362 propri«-
2375 3296 2633 3339 vocan-

1079 3386 1190 3445 tur
1251 3376 1590 3466 vazquium
1643 3375 2050 3455 dividentia,
2111 3386 2268 3444 sunt
2333 3379 2627 3445 calcanei

1079 3483 1214 3551 duo
1245 3483 1581 3573 ungulati‚
1626 3507 1921 3575 quorum
1968 3509 2255 3552 acumen
2296 3487 2630 3575 posterius

1075 3592 1267 3683 pedis
1296 3600 1477 3661 tenet
1510 3615 1748 3660 versus
1778 3601 2054 3687 terram,
2095 3594 2266 3661 sicut
2306 3594 2623 3662 diximus.

1075 3699 1311 3791 Equus
1340 3709 1571 3770 autem
1609 3711 1679 3772 et
1706 3702 1944 3771 asinus
1980 3700 2152 3771 nibil
2205 3701 2454 3772 horum
2514 3701 2631 3771 ha·

1075 3803 1213 3886 bet,
1243 3828 1332 3886 eo
1359 3805 1545 3897 quod
1572 3804 1789 3876 latum
1820 3830 2025 3876 suum
2045 3830 2184 3876 non
2212 3808 2481 3891 dividit,
2512 3810 2626 3877 seul

1076 3913 1366 4005 simplex
1394 3912 1603 3984 habet
1643 3913 1864 3986 cahab
1911 3915 2066 4007 pilis
2128 3916 2628 4012 aliquantulum

1078 4020 1508 4112 longioribus
1537 4030 1922 4113 protectum
1952 4024 2024 4091 in
2056 4022 2209 4094 loco
2250 4025 2367 4095 ubi
2395 4027 2630 4117 incipit

1080 4130 1272 4221 pedis
1299 4139 1576 4199 rascetzr
1606 4154 1745 4199 suae
1777 4133 2005 4200 llexio.

1167 4233 1463 4325 Elephas
1485 4243 1717 4308 autem
1748 4238 1868 4327 qui
1894 4236 2063 4327 pede
2100 4260 2225 4329 pro
2266 4262 2472 4310 manu
2533 4241 2630 4306 uti

1081 4340 1223 4413 non
1251 4345 1498 4435 potuit,
1537 4344 1749 4416 habet
1798 4345 2104 4416 calceum
2151 4346 2434 4439 longum
2474 4357 2628 4419 ante

1083 4474 1326 4523 nasum
1383 4455 1501 4544 qui
1544 4452 1901 4546 proboso-is
1939 4464 2267 4524 vocatur:
2308 4466 2373 4526 et
2420 4458 2632 4525 utitur

1081 4558 1200 4630 illa
1221 4557 1377 4630 loco
1406 4582 1654 4630 manus
1701 4581 1853 4652 quae
1912 4568 2015 4630 est
2059 4561 2132 4631 in
2186 4560 2620 4631 hominibus:

1080 4662 1209 4735 hac
1269 4664 1455 4735 enim
1520 4665 1765 4757 accipit
1825 4664 2080 4736 cibaria
2117 4676 2183 4736 et
2219 4670 2415 4759 ponit
2444 4670 2513 4740 in
2552 4693 2629 4739 os

1077 4790 1322 4839 suum:
1356 4778 1425 4839 et
1476 4770 1795 4840 similiter
1829 4773 2158 4863 quoniam
2221 4782 2327 4843 est
2375 4772 2627 4843 animal

1080 4875 1375 4947 multum
1396 4876 1940 4963 domesticabile,
1982 4903 2100 4970 per
2128 4881 2439 4949 eamdem
2472 4905 2633 4970 pro-

1079 4981 1428 5055 boscidem
1463 4986 1753 5079 porrigit
1792 4987 2075 5055 domino
2119 5010 2249 5056 suo
2286 4989 2470 5080 quod
2501 5013 2632 5060 vo-

1081 5091 1284 5163 lucrit
1348 5093 1669 5164 dominus
1723 5118 1892 5163 suus
1920 5095 2039 5187 qui
2087 5118 2246 5165 eum
2284 5096 2628 5167 instruxit.

1083 5196 1214 5285 13⁸²,
1240 5199 1424 5273 enim
1459 5199 1716 5272 animal
1781 5200 2146 5296 plusquam
2198 5204 2385 5275 aliud
2415 5206 2635 5277 disci-

1081 5304 1287 5396 pliuae
1334 5306 1691 5397 cujusdam
1753 5310 2217 5402 perceptibile.
2273 5310 2409 5381 Per
2456 5311 2632 5386 hauc

1082 5412 1283 5481 etiam
1349 5415 1641 5486 eradicat
1708 5416 2028 5488 arbores:
2065 5427 2315 5492 etcum
2348 5430 2534 5491 natat
2562 5425 2633 5494 in

1080 5542 1282 5614 aqua,
1342 5524 1741 5618 inspirando
1805 5525 2037 5598 haurit
2089 5529 2314 5621 ipsum
2353 5532 2632 5623 plenum

1081 5649 1280 5721 aqua.
1313 5639 1383 5704 et
1418 5632 1602 5721 ejicit
1627 5657 1836 5726 super
1860 5643 2259 5708 venatorem
2298 5636 2408 5707 vel
2430 5662 2637 5730 super

1076 5735 1621 5821 circumstantes,
1681 5749 1751 5815 et
1817 5744 2230 5835 generaliter
2265 5754 2528 5837 pugnat
2564 5748 2633 5817 in

1082 5863 1163 5917 eo
1189 5846 1448 5921 etfacit
1490 5857 1737 5933 uetera
1774 5874 2022 5922 manus
2079 5874 2288 5943 opera
2324 5876 2486 5926 eum
2513 5880 2638 5925 eo-

4197 522 4323 587 163

2754 683 2908 749 dem
2949 683 3289 753 membro.
3356 684 3726 755 Proboscis
3778 697 4009 758 autem
4050 689 4165 758 illa
4222 698 4324 757 est

2753 812 2837 856 ex
2874 791 3272 882 cartilagine
3312 801 3388 859 ut
3451 793 3540 860 sit
3605 794 3830 862 media
3885 797 4065 864 inter
4119 821 4197 867 os
4254 805 4322 864 et

2752 919 3048 977 carnem,
3094 922 3231 990 quo
3272 901 3452 969 ssecti
3480 902 3724 991 possit,
3771 910 3838 969 et
3888 909 4116 970 tamen
4149 905 4321 972 resi—

2750 1010 2925 1070 stere
2955 1003 3144 1073 duris
3168 1007 3615 1096 apprehensis
3647 1017 3714 1077 et
3746 1012 4177 1078 nocumentis
4218 1013 4320 1080 in-

2750 1113 3199 1180 currentibus,
3246 1113 3326 1181 In
3374 1113 3480 1183 his
3547 1139 3710 1206 ergo
3753 1115 4032 1206 elephas
4091 1118 4315 1187 differt

2749 1218 2832 1285 ab
2871 1219 3046 1298 aliis,
3081 1221 3267 1309 quod
3314 1245 3456 1290 non
3498 1224 3717 1291 utitur
3771 1224 3947 1313 pede
3987 1227 4312 1296 anteriori

2747 1324 2896 1393 loco
2938 1348 3207 1407 manus,
3259 1330 3378 1396 sed
3448 1332 3519 1397 in
3585 1330 3717 1399 hoc
3774 1334 4101 1401 convenit
4154 1357 4313 1402 cum

2745 1432 2915 1511 aliis,
2968 1434 3153 1524 quod
3198 1434 3409 1507 habet
3461 1436 3746 1529 ligatam
3813 1448 4083 1529 partem
4140 1442 4316 1509 sini-

2742 1548 2950 1611 stram
3033 1553 3100 1613 et
3165 1567 3306 1614 non
3381 1546 3775 1636 expeditam
3861 1549 4040 1617 sicut
4132 1549 4305 1620 ‹lex-

2743 1657 2944 1718 tram.

2832 1758 2987 1828 Non
3017 1762 3202 1829 enim
3262 1770 3362 1830 est
3392 1762 3675 1853 aliquod
3740 1766 3998 1833 animal
4055 1774 4298 1836 notum

2742 1865 2963 1945 nobis,
3009 1868 3194 1959 quod
3260 1869 3434 1939 adeo
3502 1871 3818 1962 expedite
3852 1881 4081 1942 utatur
4136 1874 4313 1943 sini·-

2738 1979 2877 2040 stra
2904 1974 3077 2044 sicut
3105 1974 3371 2054 dextra,
3396 1986 3642 2067 praeter
3667 1978 3892 2048 solum
3923 1979 4306 2061 hominem,

2740 2079 2811 2144 in
2840 2103 2977 2171 quo
3009 2080 3380 2171 aliquando
3429 2085 3767 2175 contingit
3798 2086 3984 2176 quod
4014 2087 4315 2155 eflicitur

2740 2185 3166 2255 ambidexter
3194 2210 3280 2255 ex
3318 2190 3538 2258 multo
3593 2191 3825 2261 calore
3849 2192 4077 2261 cordis
4114 2194 4183 2263 in
4216 2197 4313 2266 si-

2742 2293 2978 2373 nistro,
3047 2302 3113 2363 et
3188 2294 3461 2386 hepatis
3510 2301 3582 2367 in
3649 2297 3895 2368 dextro
3951 2300 4188 2380 latere.
4247 2311 4319 2371 et

2739 2401 3075 2490 praecipue
3135 2403 3414 2492 quando
3472 2427 3513 2471 a
3586 2406 4062 2496 superioribus
4123 2406 4317 2497 splen

2738 2509 3033 2579 multum
3096 2510 3449 2583 descendit
3502 2524 3838 2583 remotus.
3906 2515 4302 2607 Aliquando

2740 2626 2967 2686 autem
3007 2623 3370 2711 contingit,
3416 2622 3605 2713 quod
3667 2623 3918 2714 aliquis
3969 2623 4185 2693 homo
4215 2626 4317 2694 si-

2737 2728 2950 2795 nistra
2979 2731 3196 2797 utitur
3230 2754 3357 2821 pro
3413 2730 3679 2809 dextra,
3760 2743 3828 2801 et
3882 2732 4125 2802 dextra
4179 2759 4302 2824 pro

2738 2834 3033 2913 sinistra,
3079 2837 3355 2926 quando
3413 2837 3729 2907 videlicet
3760 2848 3903 2907 tam
3934 2864 4054 2909 cor
4088 2865 4298 2932 quam

2736 2939 2948 3031 hepar
2976 2943 3261 3013 virtutes
3301 2968 3461 3014 suas
3489 2946 3774 3014 mittunt
3813 2950 3881 3015 in
3946 2950 4301 3019 sinistrum

2738 3049 2939 3131 latus,
2989 3061 3059 3121 et
3114 3063 3560 3123 removentur
3615 3076 3656 3122 a
3710 3055 3956 3125 dextro
4001 3077 4018 3125 ε
4091 3057 4306 3126 altera

2736 3159 3025 3232 duarum
3084 3184 3478 3245 causarum,
3546 3164 3737 3255 quod
3792 3165 4105 3237 videlicet
4179 3175 4301 3237 aut

2736 3268 2940 3339 ambo
2971 3273 3042 3339 in
3079 3270 3293 3342 latere
3350 3274 3629 3341 sinistro
3695 3282 3879 3352 sunt,
3925 3285 4044 3347 aut
4080 3274 4295 3366 hepar

2737 3376 3009 3465 quidem
3062 3377 3133 3446 in
3178 3378 3425 3449 dextro
3450 3381 3753 3449 existens
3780 3380 3989 3450 latere
4020 3393 4300 3473 propter

2734 3492 3212 3573 cooperturam
3274 3488 3571 3576 spissam
3623 3488 3802 3577 girbi
3866 3497 3933 3559 et
3997 3488 4295 3562 aliorum

2736 3590 3288 3680 panniculorum,
3329 3617 3476 3666 non
3513 3595 3916 3665 transmittit
3969 3597 4296 3667 virtutem

2734 3720 2932 3767 suam
2966 3699 3040 3768 in
3068 3699 3387 3777 dextrum
3439 3701 3667 3774 latus:
3727 3702 3850 3774 sed
3888 3705 4107 3775 virtus
4173 3728 4300 3772 sua

2734 3804 2862 3874 sub
2900 3807 3240 3896 operculis
3270 3808 3406 3876 illis
3431 3809 3768 3880 redundat
3808 3812 3881 3880 in
3929 3810 4111 3882 latus
4137 3812 4302 3880 sini·

2735 3919 2974 3979 strum.
3020 3912 3374 4003 Contingit
3428 3924 3661 3985 autem
3739 3915 3872 3990 hoc
3925 3918 4300 4008 aliquando

2735 4041 2857 4109 per
2900 4018 3213 4088 accidens
3275 4028 3526 4111 proeter
3579 4022 3796 4093 dictas
3852 4047 4096 4093 causas
4146 4047 4301 4115 quo

2735 4134 2893 4193 sunt
2924 4125 3307 4196 naturales:
3344 4135 3411 4198 et
3440 4127 3573 4198 hoc
3611 4139 3715 4200 est
3742 4129 4021 4223 quando
4050 4130 4301 4221 aliquis

2735 4254 2776 4298 a
2811 4255 3023 4323 puero
3064 4232 3283 4303 multa
3311 4244 3585 4306 exercet
3621 4246 3814 4305 motu
3852 4238 4158 4307 sinistro.
4197 4236 4297 4307 Ex

2735 4337 2863 4407 hoc
2903 4340 3085 4409 enim
3117 4340 3343 4412 caletit
3371 4365 3529 4436 pars
3558 4341 3699 4422 illa,
3748 4352 3814 4411 et
3843 4343 4122 4415 attrahit
4162 4368 4299 4417 nu·-

2735 4448 3131 4516 trimentum
3169 4457 3237 4518 et
3287 4448 3604 4539 spiritum
3645 4459 3712 4522 et
3755 4450 4058 4521 calorem
4096 4450 4296 4541 plus-

2734 4573 2941 4641 quam
2969 4551 3128 4621 alia.

2825 4657 2982 4725 llaec
3033 4660 3241 4748 igitur
3295 4668 3397 4727 est
3444 4663 3924 4730 convenientia
3972 4662 4133 4735 dicti
4169 4688 4301 4755 ge-

2738 4768 2918 4835 neris
2945 4768 3348 4837 animalium
3373 4769 3442 4837 in
3472 4771 3717 4861 capite,
3753 4781 3818 4840 et
3849 4772 4052 4847 collo,
4078 4783 4142 4840 et
4177 4797 4303 4863 pe-

2736 4878 2933 4943 dihus
2971 4878 3429 4945 anterioribus
3475 4902 3633 4946 cum
3702 4877 4007 4947 homine.
4071 4882 4301 4946 tii-ne-

2736 4985 2964 5053 raliter
3036 5009 3241 5054 υηιιιο
3317 4986 3573 5055 animal
3640 4989 4016 5057 secundum
4085 4997 4300 5056 totam

2736 5094 3300 5161 coiinnunitatem
3331 5095 3650 5164 animalis
3687 5095 3894 5164 hahet
3921 5096 4296 5187 aliquando

2739 5200 3149 5280 membrum,
3183 5201 3373 5292 quod
3409 5210 3530 5271 aut
3574 5210 3679 5272 est
3707 5210 3945 5293 pectus
3982 5205 4159 5272 sieut
4196 5212 4300 5270 est

2738 5318 2968 5399 pectus
2997 5306 3325 5387 hominis,
3358 5319 3481 5380 aut
3540 5321 3649 5381 est
3685 5311 3839 5380 loco
3871 5311 4053 5379 illius
4083 5319 4151 5381 et
4180 5310 4302 5380 ha-

2739 5418 2847 5485 het
2899 5419 3450 5487 convenientiam
3508 5443 3666 5489 eum
3744 5421 3923 5512 ipso.
4012 5419 4303 5511 Oportet

2739 5528 2920 5595 enim
2949 5529 3333 5596 necessario
3370 5528 3677 5621 aliquam
3707 5554 3854 5599 esse
3884 5528 4121 5599 sedem
4153 5554 4301 5600 cor-

2738 5636 2842 5705 dis
2869 5637 3049 5704 unde
3080 5636 3231 5705 ssuit
3257 5637 3400 5706 vita
3429 5646 3497 5706 et
3525 5639 3805 5730 spiritus
3834 5638 4196 5709 animalis:
4233 5646 4301 5707 et

2723 5743 3221 5841 ‘quodcumque
3252 5745 3426 5815 illud
3480 5757 3608 5827 est,
3670 5747 3903 5818 hocin
3931 5749 4304 5820 virtutibus

2738 5855 2990 5925 talibus
3042 5854 3368 5925 convenit
3424 5877 3584 5924 cum
3631 5868 3908 5949 pectore
3969 5857 4302 5927 hominis.
