4919 6371
541 366 670 433 300

541 533 736 601 sibile
790 557 804 599 z
854 542 1129 622 propter
1174 529 1356 619 quod
1397 530 1601 594 etiam
1651 535 1892 595 natura
1946 550 2090 594 om-

540 645 736 708 nium
784 660 1059 705 manere
1110 637 1526 713 desideranS,
1584 636 1953 703 maximam
2003 637 2086 703 ad

538 749 825 814 coitum·
863 744 1221 832 conjunxit
1266 743 1811 823 delectationem,
1873 753 1948 812 ut
2004 767 2086 812 ex

543 850 1111 919 rememoratione
1138 851 1602 919 delectationis
1634 851 1988 928 desideret,
2015 858 2087 916 ut

539 962 659 1027 siat
696 959 1057 1050 permixtio
1102 963 1445 1029 seminum
1486 961 1571 1027 ad
1619 970 1877 1028 naturae
1932 979 2089 1047 per-

539 1069 954 1136 manentiam
995 1070 1340 1159 pertinens
1384 1089 1398 1132 :
1463 1087 1859 1155 permanere
1904 1064 2084 1129 enim

540 1186 798 1245 naturae
845 1178 1376 1263 uniuscujusque
1426 1182 1527 1240 est
1595 1171 2089 1239 desideratissi-

537 1306 729 1351 mum
766 1306 782 1351 ε
815 1293 881 1351 et
911 1284 1061 1350 ideo
1093 1280 1250 1348 licet
1276 1280 1357 1347 de
1388 1279 1755 1369 purissimo
1786 1278 2087 1368 corporis

535 1390 965 1458 descindatur
1018 1409 1276 1470 semen,
1357 1394 1584 1453 tamen
1659 1385 1791 1453 hoc
1846 1393 2084 1453 natura

534 1519 672 1563 non
716 1503 1063 1585 reputans,
1117 1493 1453 1562 desiderat
1498 1495 1782 1575 coitum,
1843 1501 1918 1560 ut
1966 1516 2085 1583 per

535 1605 762 1694 ipsum
809 1603 1052 1672 melius
1083 1612 1455 1694 reparetur.

1083 2546 1374 2617 CAPUT
1425 2549 1508 2615 11.

520 3300 624 3366 De
649 3299 1041 3369 diversitate
1075 3304 1291 3370 coitus
1322 3306 1393 3371 ιἰι
1422 3305 1705 3374 diversis
1732 3310 2067 3378 animali-

609 3407 733 3476 bus
778 3410 1183 3479 volatilibus
1209 3423 1273 3479 et
1298 3414 1773 3503 gressibilibus
1800 3430 1864 3487 ee
1898 3443 2064 3511 qem-

604 3515 1053 3608 drupedibus.

604 4378 951 4448 Ponamus
983 4381 1191 4473 igitur
1226 4384 1411 4474 prius
1452 4385 1694 4453 modos
1726 4391 2063 4460 naturales

509 4486 754 4566 coitus,
797 4496 862 4555 et
899 4487 1140 4557 deinde
1173 4490 1705 4562 determinemus
1733 4496 1865 4564 alia
1894 4501 2063 4568 acci-

501 4591 736 4673 dentia
766 4615 921 4683 quae
952 4593 1346 4664 induximus
1374 4601 1689 4688 superius
1720 4600 2061 4673 declaran-

505 4700 594 4769 do
648 4701 1023 4771 accidentia
1079 4726 1199 4795 per
1261 4728 1359 4782 se,
1428 4708 1573 4777 sive
1624 4713 1923 4802 propria,
1991 4724 2055 4783 et

506 4811 901 4879 communia
952 4834 1395 4905 quaecumqne
1435 4815 1746 4884 accidunt
1798 4820 2052 4889 unicui-

507 4937 640 5007 que
671 4914 1130 4987 inductorum.

591 5019 917 5090 Dicamus
957 5024 1187 5113 igitur,
1221 5023 1405 5116 quod
1436 5049 1640 5095 omne
1695 5028 1945 5098 animal
1985 5031 2052 5099 in

494 5149 641 5218 ,quo
671 5137 777 5198 est
813 5153 959 5199 mas
988 5147 1055 5201 et
1091 5133 1369 5202 l'oemina
1406 5137 1544 5204 coit
1587 5158 1603 5204 ε
1657 5145 1723 5204 et
1761 5138 2055 5229 disposi-

504 5235 599 5302 tio
648 5235 975 5305 naturalis
1025 5241 1561 5333 uniuscujusque
1616 5243 1934 5312 animalis
1981 5245 2049 5312 in

503 5340 688 5409 cuitu
732 5343 943 5412 scitur
990 5368 1075 5414 ex
1131 5348 1262 5416 situ
1312 5356 1379 5416 et
1436 5350 1655 5441 ligura
1702 5349 2053 5420 membro-

504 5474 656 5519 rum
702 5452 1104 5543 genitalium
1161 5479 1526 5548 corporum
1564 5482 1829 5529 eorum.
1879 5461 2052 5528 Ani-

502 5558 642 5628 mal
670 5581 833 5628 vero
854 5561 1206 5651 gressibile
1245 5566 1650 5657 sanguinem
1691 5566 1949 5636 liabens
1986 5577 2051 5636 et

498 5667 570 5735 in
644 5676 839 5737 utero
894 5668 1198 5739 formans
1252 5681 1317 5741 et
1379 5696 1714 5764 generans
1769 5674 2047 5756 animal,

1537 359 1623 427 D.
1673 357 1873 424 ΑΕΒ.
1928 354 2142 423 MAG.
2196 353 2398 423 ORD.
2454 356 2748 426 PRAED.

2200 525 2399 594 habet
2437 531 2745 597 membra
2783 532 3262 599 convenientia
3325 534 3751 623 generationi

2199 659 2335 702 suae
2365 637 2737 704 secundum
2785 648 3099 706 naturam
3156 663 3171 707 ε
3216 649 3283 708 et
3339 641 3556 708 coitus
3596 662 3753 707 om-

2199 743 2386 809 nium
2416 741 2663 810 horum
2714 744 3114 813 animalium
3163 769 3303 814 non
3349 756 3450 815 est
3486 747 3756 814 unifor-

2203 853 2354 929 miS,
2405 851 2523 917 sed
2563 850 2941 919 diversatur
2987 853 3359 920 secundum
3418 853 3757 922 diversili-

2199 958 2533 1022 cationem
2564 957 2732 1022 situs
2773 967 2834 1024 et
2866 958 3106 1048 tigurae
3138 961 3542 1050 genitalium
3575 963 3757 1052 ipso-

2197 1084 2370 1127 rum.
2427 1061 3034 1154 Quorumcumque
3092 1066 3277 1132 enim
3326 1067 3572 1135 horum
3629 1069 3760 1136 foe-

2199 1168 2399 1234 minae
2434 1176 2802 1236 retrorsum
2835 1172 3184 1261 mingunt,
3221 1180 3295 1240 ut
3332 1171 3467 1255 le0,
3510 1184 3753 1254 cattus,

2196 1284 2260 1341 et
2291 1274 2504 1364 lepus,
2540 1284 2605 1342 et
2636 1275 2963 1343 animalia
2984 1276 3237 1344 similia
3257 1276 3516 1346 habent
3539 1303 3755 1348 unum

2195 1383 2470 1451 modum
2500 1382 2815 1461 coeundi,
2860 1385 2990 1451 nisi
3031 1385 3215 1476 quod
3257 1385 3426 1454 forte
3473 1396 3754 1478 propter

2191 1488 2539 1557 libidinem
2571 1489 2937 1580 aliquando
2970 1490 3164 1581 lepus
3194 1492 3470 1561 l'oemina
3493 1503 3559 1562 et
3582 1494 3751 1562 alio-

2193 1621 2343 1665 rum
2398 1597 2690 1664 foeminae
2737 1597 2990 1666 saltant
3053 1607 3119 1666 et
3173 1601 3482 1691 equitant
3529 1625 3753 1670 mares

2189 1712 2490 1794 tempore
2539 1705 2809 1772 coitus:
2864 1705 3008 1784 sed,
3059 1715 3135 1772 ut
3176 1708 3273 1774 ait
3330 1706 3551 1788 l'lato,
3609 1732 3749 1778 non

2188 1811 2562 1902 completur
2591 1812 2939 1902 generatio
2986 1814 3113 1880 nisi
3155 1815 3551 1882 ascensione
3594 1839 3749 1883 ma-

2188 1920 2276 1986 ris
2313 1943 2514 2009 supra
2545 1919 2917 1987 l'oeminam.
2957 1918 3164 1988 Plura
3202 1921 3385 1989 enim
3419 1922 3745 1990 animalia

2186 2028 2255 2094 in
2292 2051 2539 2118 genere
2586 2030 3002 2096 conveniunt
3044 2028 3414 2120 aliquando
3468 2031 3537 2098 in
3600 2055 3738 2099 uno

2183 2131 2387 2199 modo
2416 2132 2709 2200 coeundi
2737 2132 3113 2199 communi.
3158 2130 3368 2198 Plura
3396 2134 3582 2201 enim
3621 2158 3738 2226 gc-

2180 2260 2339 2306 nera
2390 2236 2907 2327 quadrupedum
2965 2244 3214 2306 coeunt
3268 2262 3457 2308 mare
3530 2264 3736 2332 super

2181 2342 2525 2410 foeminam
2574 2344 2918 2433 equitante
2968 2343 3111 2411 sive
3160 2343 3568 2413 ascendente
3612 2368 3733 2436 per

2178 2448 2447 2525 saltum,
2499 2471 2579 2515 eo
2624 2447 2807 2538 quod
2862 2447 3056 2538 virga
3113 2451 3320 2517 maris
3358 2451 3732 2542 porrigitur

2178 2578 2215 2622 a
2253 2557 2587 2646 posterius
2616 2555 2701 2622 ad
2730 2555 3029 2623 anterius
3059 2556 3344 2635 ventriS,
3374 2557 3584 2624 vulva
3615 2578 3737 2624 au-

2178 2673 2311 2731 tem
2350 2665 2641 2732 l'oemiuae
2681 2665 2954 2755 respicit
2982 2664 3344 2755 posterius.

2265 2771 2590 2841 Similiter
2637 2781 2862 2842 autem
2909 2773 3141 2842 omnia
3197 2795 3448 2865 genera
3498 2775 3729 2841 avium

2176 2891 2334 2950 nota
2371 2882 2568 2950 nohis
2612 2890 2860 2950 coeunt
2887 2885 3285 2951 ascensione
3340 2883 3548 2950 maris
3602 2906 3724 2949 su-

2172 3013 2291 3080 per
2316 2990 2689 3068 heminam,
2731 2989 2849 3058 sed
2880 2998 3060 3058 totus
3096 3013 3244 3059 mas
3274 2990 3579 3059 ascendit
3608 3013 3725 3056 su-

2173 3122 2291 3191 per
2329 3100 2605 3167 dorsum
2646 3098 2966 3180 foeminae,
3018 3109 3085 3168 et
3133 3110 3408 3193 regyrat
3445 3123 3719 3191 parum,

2171 3232 2292 3299 per
2317 3231 2520 3301 quem
2552 3208 2895 3300 egreditur
2922 3232 3157 3278 semen
3201 3209 3328 3276 sub
3385 3209 3602 3277 cauda
3640 3208 3725 3275 ad

2170 3340 2374 3385 anum
2419 3316 2736 3393 l'ueminae,
2779 3339 2986 3407 super
3033 3339 3236 3408 quem
3285 3325 3389 3385 est
3445 3316 3558 3384 via
3604 3339 3726 3406 per

2168 3448 2372 3518 quam
2402 3424 2722 3514 recipitur
2758 3445 2992 3491 semen
3040 3446 3056 3492 :
3113 3432 3178 3492 et
3218 3424 3315 3492 sic
3363 3423 3724 3492 diversan-

2168 3542 2279 3602 tur
2321 3534 2391 3600 in
2428 3531 2610 3600 coitu
2664 3530 2989 3599 animalia
3035 3531 3474 3601 ascendentia
3521 3553 3725 3621 super

2167 3642 2475 3709 heminas
2518 3661 2533 3706 ε
2580 3640 2907 3730 quoniam
2956 3637 3238 3729 aliquod
3275 3660 3359 3706 ex
3397 3636 3722 3706 animali-

2169 3749 2292 3815 bus
2320 3755 2444 3825 est,
2476 3744 2660 3837 quod
2696 3746 2973 3839 quando
3004 3746 3390 3816 coeundum
3430 3755 3558 3822 est,
3600 3767 3715 3812 se-

2169 3856 2278 3924 det
2308 3856 2585 3924 l'oemina
2624 3877 2837 3945 prona
2880 3878 3085 3947 super
3128 3864 3409 3936 terram,
3449 3863 3518 3922 et
3562 3863 3720 3923 tunc

2171 3985 2314 4031 mas
2357 3960 2661 4031 ascendit
2710 3985 2917 4053 super
2961 3961 3207 4054 ipsam,
3258 3961 3434 4030 sicut
3470 3970 3719 4030 coeunt

2167 4072 2457 4163 gallinae.
2500 4070 2827 4151 Quaedam
2866 4079 3096 4139 autem
3127 4071 3360 4139 avium
3400 4069 3556 4138 lieet
3603 4092 3721 4138 as-

2166 4182 2450 4251 cendant
2497 4205 2701 4271 super
2746 4181 3084 4260 foeminas,
3134 4189 3364 4249 tamen
3421 4179 3716 4248 smminoe

2168 4311 2304 4357 non
2352 4287 2784 4365 inclinantur,
2850 4287 2970 4357 sed
3024 4296 3201 4356 stant
3272 4286 3580 4367 elevatae,
3649 4296 3717 4355 et

2166 4418 2387 4464 mares
2414 4404 2646 4464 tenent
2681 4418 2752 4463 se
2781 4418 2988 4487 super
3022 4418 3138 4464 eas
3172 4403 3364 4463 motu
3409 4392 3712 4485 quodam

2163 4504 2447 4582 alarum,
2502 4511 2576 4571 ut
2615 4511 2864 4571 coeunt
2905 4525 3134 4591 grues,
3187 4510 3255 4569 et
3297 4499 3609 4578 ciconiae,
3652 4509 3719 4569 et

2161 4609 2406 4689 ardeae,
2447 4620 2514 4678 et
2552 4609 2947 4699 hujusmodi
2989 4632 3152 4677 aves
3186 4630 3203 4676 ε
3263 4608 3590 4699 quoniam
3649 4608 3714 4675 in

2160 4717 2404 4787 talibus
2441 4717 2720 4786 soemina
2749 4739 2887 4786 non
2919 4715 3110 4785 sedet
3141 4737 3362 4807 prona
3387 4723 3543 4783 ante
3575 4737 3719 4782 ma-

2161 4848 2328 4906 rem,
2370 4824 2488 4893 sed
2525 4848 2672 4893 mas
2710 4823 3087 4893 ascendens
3117 4822 3254 4891 coit
3290 4845 3447 4891 cum
3497 4821 3714 4889 foemi·

2158 4952 2267 5006 na,
2312 4938 2378 4999 et
2402 4930 2693 5022 applicat
2734 4929 3044 4997 membra
3088 4928 3308 4997 coitus
3355 4926 3706 5004 velociter,

2155 5037 2439 5128 eoquod
2475 5036 2872 5128 symmetria
2900 5057 3263 5126 corporum
3323 5056 3563 5103 eorum
3642 5033 3710 5101 in

2155 5145 2271 5213 tali
2318 5147 2712 5214 ascensione
2762 5145 3283 5234 proportionata
3336 5148 3463 5218 est,
3524 5139 3710 5230 quod

2154 5273 2277 5319 nec
2305 5250 2575 5340 longius
2614 5272 2737 5318 nec
2774 5247 3052 5317 brevius
3093 5258 3198 5318 est
3234 5270 3441 5340 quam
3490 5246 3713 5337 exigi-

2156 5368 2262 5427 tur
2288 5357 2372 5425 ad
2408 5364 2797 5426 contactum
2825 5357 3258 5445 genitalium,
3302 5355 3477 5421 sicut
3526 5362 3711 5444 patet

2152 5465 2224 5533 iu
2251 5463 2637 5556 passeribus
2664 5465 2782 5553 qui
2810 5462 3224 5533 velocissimi
3265 5469 3423 5529 sunt
3460 5462 3708 5543 coitus,

2153 5579 2219 5641 et
2246 5571 2491 5639 iterant
2517 5571 2773 5639 coitum
2810 5567 3164 5638 multoties
3191 5591 3328 5637 una
3358 5568 3508 5636 vice
3554 5576 3712 5656 post

2156 5677 2361 5747 aliam
2396 5702 2414 5746 ε
2455 5701 2580 5749 nec
2608 5676 2740 5747 hoc
2766 5683 2997 5768 posset
3026 5674 3171 5745 lieri
3202 5676 3332 5745 nisi
3369 5696 3494 5766 per
3527 5694 3714 5764 sym·
