4919 6371
1998 468 2168 537 LIB.
2223 467 2317 535 lv
2365 468 2483 535 DE
2533 468 3124 550 ANlMALlBUS‚
3174 472 3484 540 TRAC'r.
3541 472 3564 537 l

1189 652 1321 711 tem
1364 641 1699 729 superiori
1741 644 1901 704 sunt
1951 640 2255 731 quinque
2304 650 2526 732 partes
2582 662 2757 708 veu-

1185 755 1304 818 tris
1334 751 1480 837 ejus
1531 746 1890 837 applicata·
1929 749 2279 839 principiis
2319 750 2649 826 dentium,
2690 755 2757 813 et

1187 858 1317 924 illa!
1350 862 1511 923 sunt
1547 863 1773 945 partes
1798 879 2030 946 parva}
2064 858 2285 937 valde,
2322 866 2388 925 et
2424 879 2563 923 non
2596 862 2754 921 sunt

1187 965 1480 1042 esibiles,
1515 972 1583 1032 et.
1612 964 1709 1032 sic
1740 974 1900 1032 sunt
1933 967 2240 1056 quinque
2272 965 2508 1031 dentes
2539 985 2578 1028 a
2608 963 2754 1052 qui-

1186 1072 1311 1140 bus
1359 1072 1660 1161 pendent
1718 1074 2024 1165 quinque
2084 1079 2379 1147 ventres,
2422 1069 2545 1135 sub
2596 1069 2754 1158 qui-

1184 1180 1313 1247 bus
1358 1190 1516 1248 sunt
1579 1183 1888 1273 quinque
1949 1181 2207 1270 syphac
2261 1177 2608 1246 tendentia
2667 1176 2752 1243 ad

1184 1311 1391 1355 auum
1435 1312 1450 1356 :
1498 1298 1565 1357 et
1600 1289 1733 1357 hoc
1772 1288 2097 1357 convenit
2140 1285 2442 1376 pluribus
2483 1286 2752 1352 anima-

1180 1397 1356 1465 libus
1396 1402 1573 1467 sicut
1603 1397 1863 1465 hiriciis
1910 1418 1923 1461 ε
1962 1396 2288 1462 convenit
2319 1397 2502 1462 euim
2535 1395 2750 1461 omni-

1182 1509 1305 1574 bus
1356 1505 1724 1597 generibus
1772 1511 2160 1572 ostreorum
2221 1527 2373 1594 qua·
2425 1504 2593 1570 laloea
2642 1503 2750 1568 di·-

1183 1625 1451 1695 cuutur,
1485 1638 1640 1706 quic
1671 1624 1831 1682 sunt
1878 1613 2131 1683 blaccae
2180 1613 2525 1705 quiedam.
2564 1611 2751 1680 Con-

1180 1724 1367 1788 venit
1393 1722 1601 1788 etiam
1632 1723 1863 1812 generi
1899 1720 1993 1789 illi
2029 1742 2350 1787 ranarum
2378 1742 2528 1809 qua¹
2560 1719 2749 1785 attri-

1181 1832 1486 1900 buuntur
1521 1834 1754 1923 generi
1796 1832 1983 1921 quod
2023 1838 2310 1897 vocatur
2328 1831 2740 1897 assaturim:

1185 1947 1250 2006 et
1314 1940 1383 2007 in
1449 1938 1772 2005 omnibus
1846 1936 2262 2005 animalibus
2334 1935 2745 2024 imperfectis

1186 2049 1409 2116 mollis
1467 2047 1773 2138 corporis
1831 2047 1967 2113 sere
2027 2047 2152 2114 iste
2211 2045 2455 2112 modus
2493 2053 2617 2121 est,
2679 2053 2744 2111 et

1177 2179 1315 2223 non
1369 2156 1753 2223 diversatur
1820 2154 1951 2221 uisi
2013 2156 2079 2220 iu
2138 2153 2388 2228 colore,
2451 2165 2510 2217 et
2586 2153 2746 2240 quia

1172 2263 1483 2354 quaedam
1516 2284 1759 2328 eorum
1790 2260 2058 2327 esibilia
2085 2267 2270 2342 sunt,
2315 2267 2380 2326 et
2420 2257 2738 2347 quiedam

1174 2394 1336 2439 nun.

1259 2478 1502 2545 Adhuc
1541 2486 1772 2545 autem
1811 2499 2034 2567 genus
2074 2475 2291 2543 hiricii
2351 2495 2731 2541 cunc-avum

1175 2595 1272 2654 est
1313 2587 1383 2653 in
1424 2594 1614 2677 parte
1662 2584 1968 2651 inferiori
2027 2592 2089 2650 et
2140 2583 2609 2671 conjunctum,
2665 2583 2736 2647 in

1171 2703 1357 2784 parte
1396 2716 1561 2760 vero
1601 2693 1938 2781 superiori
1981 2700 2083 2758 est
2128 2697 2516 2780 separatum
2567 2693 2737 2756 sieut

1178 2802 1343 2868 rami
1384 2801 1664 2891 quidam
1706 2800 1958 2890 plantae
1993 2820 2008 2864 ε
2046 2806 2113 2865 et
2162 2799 2303 2888 ipse
2349 2798 2560 2864 utitur
2597 2798 2743 2888 spi-

1175 2911 1278 2976 nis
1330 2907 1762 2976 mollioribus
1795 2928 1968 2995 quas
2020 2903 2225 2970 habet
2265 2903 2553 2970 mobiles
2591 2901 2740 2969 loro

1179 3019 1456 3111 pedum.

1264 3122 1538 3193 Auium!
1595 3144 1761 3190 vero
1814 3119 2106 3189 ostreale
2158 3118 2342 3211 quod
2380 3144 2414 3185 a
2450 3117 2741 3210 quibus·-

1172 3233 1328 3302 ‹lam
1366 3233 1540 3299 tillio
1579 3237 1891 3311 vocatur,
1936 3236 2037 3297 est
2094 3227 2329 3296 multoe
2369 3226 2740 3317 supertlui-

1173 3342 1325 3407 tatis
1373 3338 1594 3427 magis
1634 3359 1846 3427 quam
1909 3332 2190 3426 aliquod
2246 3332 2542 3401 aliorum
2599 3334 2743 3399 ani-

1173 3448 1451 3515 malium
1484 3445 1587 3513 sui
1629 3445 1927 3535 generis,
1985 3441 2287 3534 eoquod
2331 3450 2552 3509 tutum
2597 3464 2745 3507 cor·

1169 3579 1294 3647 pus
1323 3555 1473 3642 ejus
1501 3551 1986 3621 absconditum
2026 3559 2130 3619 est
2157 3550 2230 3618 iu
2260 3557 2464 3624 testa,
2500 3549 2568 3616 in
2606 3571 2741 3638 qua

1168 3663 1281 3730 «tiu
1313 3661 1517 3729 simul
1542 3667 2015 3750 congeruntur
2044 3658 2195 3747 ejus
2213 3656 2737 3748 superfluitates.

1168 3771 1434 3838 (lreatio
1474 3776 1705 3837 autem
1749 3774 1943 3835 testae
1996 3766 2145 3854 ojus
2184 3772 2288 3833 est
2344 3766 2522 3831 inter
2550 3786 2743 3831 crea-

1167 3881 1424 3947 tionem
1456 3886 1644 3945 testae
1673 3884 1740 3943 et
1778 3874 1946 3942 corii
1998 3874 2193 3966 quasi
2225 3870 2477 3951 media,
2519 3880 2586 3939 et
2633 3880 2740 3937 te·-

1169 3997 1268 4054 sta
1315 3986 1462 4072 ejus
1508 3992 1611 4053 est
1648 3982 1988 4073 applicata
2050 3979 2389 4071 lapidibus
2450 4000 2466 4046 ε
2542 3987 2607 4047 et
2666 3979 2735 4046 iu

1169 4118 1453 4185 corpore
1511 4093 1660 4182 rjus
1715 4096 1875 4158 suut
1915 4089 2068 4158 dua:
2113 4089 2238 4156 vioe
2297 4110 2526 4178 parva*
2585 4108 2734 4177 qum

1166 4200 1434 4270 distin-ile
1473 4199 1819 4275 videntur,
1871 4222 1995 4289 per
2022 4219 2194 4288 quas
2225 4196 2461 4285 recipit
2503 4194 2736 4263 humi-

1164 4311 1429 4387 ‹litates‚
1464 4317 1526 4374 et
1562 4329 1722 4374 cum
1755 4304 2038 4372 finditur
2066 4328 2314 4395 corpus
2342 4304 2514 4392 ejus,
2549 4303 2735 4370 iuve-

1166 4422 1348 4486 nitur
1386 4418 1455 4485 in
1488 4438 1625 4483 una
1665 4412 1962 4505 quadam
2007 4411 2140 4481 tela
2172 4411 2583 4489 involutum,
2618 4434 2733 4478 eu-

1156 4529 1268 4617 jus
1309 4526 1457 4594 telae
1504 4525 1759 4592 creatio
1809 4544 2101 4591 nervosa
2142 4519 2411 4587 videtur
2452 4542 2468 4587 :
2525 4526 2592 4587 et
2629 4527 2732 4587 est

1167 4636 1289 4700 ista
1322 4630 1453 4700 tela
1483 4628 1769 4697 interius
1810 4630 1879 4696 in
1921 4628 2208 4696 circuitu
2256 4633 2444 4695 testae
2485 4626 2723 4717 ipsius,

1167 4751 1225 4807 et
1262 4741 1327 4807 in
1361 4745 1529 4806 testa
1572 4733 1707 4803 tela
1762 4744 1864 4804 est
1915 4757 2103 4813 caro,
2135 4742 2199 4803 et
2230 4754 2386 4801 caru
2417 4732 2532 4799 illa
2586 4754 2725 4800 non

1167 4846 1583 4913 assimilatur
1609 4842 1793 4910 carni
1838 4840 2129 4929 alicujus
2168 4838 2482 4907 animalis
2520 4840 2731 4906 mari-

1171 4956 1262 5022 ui.
1307 4952 1444 5020 Sed
1485 4948 1621 5018 tela
1651 4958 1753 5016 est
1792 4956 2079 5016 extensa
2107 4969 2191 5015 ex
2223 4955 2510 5037 utraque
2541 4955 2728 5038 parte

1167 5083 1380 5153 usque
1420 5059 1506 5128 ad
1538 5059 1684 5125 vias
1722 5057 2165 5134 extrinsecas,
2199 5059 2383 5124 viam
2414 5054 2728 5123 videlicet

1167 5193 1283 5261 per
1321 5192 1528 5260 quam
1560 5166 1801 5256 accipit
1835 5163 2317 5233 humiditatem
2348 5164 2733 5232 nutrimen-

1166 5279 1393 5359 talem,
1428 5285 1494 5344 et
1524 5275 1708 5342 viam
1749 5296 1874 5363 per
1902 5296 2111 5364 quam
2143 5272 2327 5362 ejicit
2365 5274 2731 5362 superllui-

1162 5394 1369 5452 tatem
1400 5380 1718 5450 stercoris
1753 5401 1768 5446 ε
1806 5402 1930 5468 per
1969 5401 2176 5445 unam
2226 5378 2409 5446 enim
2459 5377 2725 5446 illarum

1165 5492 1394 5582 recipit
1434 5490 1692 5557 cibum.
1730 5495 1795 5554 et
1829 5509 1951 5577 per
1980 5485 2195 5553 alium
2230 5486 2408 5574 ejicit
2449 5486 2671 5576 ipsum
2707 5507 2722 5552 ε

1166 5610 1230 5671 et
1259 5623 1391 5668 una
1430 5620 1669 5665 earum
1718 5604 1823 5664 est
1860 5595 2106 5685 spissa,
2153 5601 2221 5662 et
2259 5594 2390 5663 alia
2428 5592 2723 5663 subtilis.

1170 5711 1402 5802 ⁸<pisam
1428 5705 1709 5797 quidem
1740 5726 1862 5795 per
1901 5725 2113 5794 quam
2142 5703 2374 5780 sumit,
2407 5710 2473 5771 et
2511 5700 2735 5772 subti-

1173 5820 1252 5887 lis
1283 5840 1404 5908 per
1432 5836 1642 5906 quam
1682 5812 1890 5900 ejicit.
1937 5810 2230 5879 interius
2257 5832 2423 5878 vero
2450 5818 2553 5878 est
2583 5831 2729 5899 pro·

4287 473 4417 539 279

2861 638 3171 716 fundum,
3210 649 3275 705 et
3307 641 3376 705 in
3408 641 3524 707 illu
3556 642 3893 731 profundo
3926 649 4028 708 est
4055 638 4416 706 humidum

2859 746 3340 813 nutrimentale
3381 748 3592 836 ipsius
3628 771 3642 813 :
3679 758 3744 814 ct
3786 747 3916 814 hoc
3947 748 4221 838 quidem
4262 747 4417 815 ani-

2860 851 2995 919 mal
3054 855 3225 920 titleo
3282 853 3596 923 videlicet
3641 862 3984 931 vocatum,
4033 877 4171 921 uon
4210 854 4417 923 habet

2858 960 3061 1027 aliam
3092 970 3382 1051 partem,
3410 985 3629 1052 neque
3650 984 3949 1038 sensum,
3978 984 4199 1052 neque
4228 961 4414 1028 aliud

2858 1073 3388 1141 instrumentum
3434 1096 3449 1141 :
3511 1083 3577 1141 et
3617 1072 3801 1141 color
3849 1073 3994 1160 ejus
4044 1070 4411 1162 aliquando

2857 1191 2955 1249 est
2983 1181 3225 1272 pallor,
3261 1190 3328 1250 et
3359 1181 3723 1273 aliquando
3748 1180 3918 1247 forte
3952 1178 4182 1247 rubor.

3394 2153 3685 2219 cAl‘t'T
3737 2153 3850 2221 ΥΙ.

2851 2895 2948 2960 De
2983 2902 3239 2960 natura
3281 2895 3514 2961 urticae
3553 2894 3764 2960 maris
3799 2915 3814 2959 :
3859 2904 3924 2959 et
3951 2904 4048 2959 es!
4079 2896 4147 2960 in
4189 2919 4262 2960 eo
4295 2918 4404 2960 iu-

2934 3022 3196 3067 uat-:ssia
3253 3001 3606 3069 oslemlens
3659 3027 3937 3070 causam
3979 3005 4396 3070 concliorum

2934 3118 2999 3175 et
3028 3118 3358 3176 testarum
3389 3110 3723 3176 omnium.

2933 3969 3049 4039 list
3085 3981 3315 4039 autem
3355 3995 3573 4060 genus
3598 3971 3816 4039 adhuc
3858 3971 4176 4040 animalis
4215 3971 4400 4062 quod

2840 4090 3122 4148 vocatur
3179 4082 3394 4148 maris
3432 4083 3682 4161 urtica,
3742 4090 3810 4149 et
3862 4080 3991 4149 hoc
4049 4082 4401 4150 Avicenna

2842 4201 3035 4257 vocat
3120 4200 3410 4268 masltec,
3497 4190 3899 4259 Aristoteles
3963 4213 4127 4259 vero
4201 4198 4400 4259 vocat

2837 4300 3110 4367 akelakae'
3152 4322 3168 4367 ε
3212 4300 3330 4367 sed
3387 4300 3564 4390 apud
3625 4323 3748 4368 uos
3808 4302 4031 4367 urtica
4086 4310 4395 4376 vocatur,

2837 4408 2996 4498 quia
3026 4409 3222 4497 quasi
3253 4405 3602 4474 adurendo
3632 4408 3809 4497 capit
3833 4431 4040 4474 ‹uiiue
4062 4408 4246 4499 quod
4283 4431 4402 4497 ap·

2838 4516 3245 4607 propinquat
3286 4513 3534 4582 eidem.
3582 4513 3692 4581 Est
3732 4523 3964 4583 autc-m
4007 4514 4137 4581 hor
4177 4537 4398 4605 genus

2835 4620 3149 4691 animalis
3191 4645 3310 4712 per
3345 4645 3418 4689 se
3460 4644 3596 4690 nou
3645 4629 4043 4690 contentum
4097 4622 4166 4689 in
4220 4645 4401 4713 prae-

2841 4730 3089 4798 habitis
3145 4730 3510 4820 generibus
3557 4739 3967 4803 ostreorum,
4003 4740 4119 4798 aut
4170 4729 4397 4797 mollis

2839 4851 3047 4915 testae,
3091 4846 3205 4908 aut
3247 4837 3577 4907 malachie
3630 4862 3646 4906 :
3708 4838 3822 4907 secl
3865 4840 4183 4906 convenit
4241 4861 4396 4905 rum

2837 4948 3076 5015 ostreis
3106 4948 3175 5014 in
3226 4947 3358 5015 hoc
3405 4946 3589 5038 quod
3637 4948 4017 5038 applicatur
4056 4944 4398 5037 lapidibus

2836 5058 3006 5124 sicut
3038 5055 3292 5124 animal
3343 5078 3600 5145 aspera·
3648 5063 3865 5137 testie,
3900 5077 4051 5146 qum
4083 5063 4251 5121 testa
4296 5064 4394 5121 est

2838 5164 3079 5232 sinuilis
3110 5164 3253 5231 vasi
3290 5187 3305 5230 :
3350 5163 3469 5231 sed
3500 5163 3675 5232 istud
3709 5188 3844 5232 nou
3877 5162 4078 5230 habt-t
4124 5172 4390 5243 testam,

2838 5273 2955 5340 sed
3005 5274 3256 5341 creatio
3304 5274 3409 5341 sui
3440 5274 3745 5363 corporis
3780 5282 3878 5340 est
3919 5272 4165 5340 similis
4202 5294 4399 5341 crea-

2840 5382 3007 5450 tioni
3054 5382 3278 5449 carnis
3319 5381 3531 5459 durae,
3582 5381 3755 5448 sicut
3810 5381 3968 5448 dirit
4011 5380 4387 5448 Avicenna.

2841 5490 2920 5557 tit
2959 5487 3088 5556 hor
3127 5487 3379 5557 animal
3412 5489 3615 5557 sentit
3655 5511 3860 5555 «mine
3900 5488 4083 5578 quod
4135 5512 4393 5579 appro-

2836 5600 3120 5689 pinquat
3159 5601 3246 5675 ei,
3281 5606 3345 5667 et
3382 5598 3564 5688 capit
3610 5598 3860 5687 ipsum,
3894 5604 3959 5663 et
4008 5605 4195 5665 tene-t
4236 5598 4396 5687 qui-

2835 5704 3122 5771 busdam
3169 5704 3487 5772 omnibus
3524 5704 3691 5784 suis,
3742 5702 3861 5770 sed
3915 5702 4202 5794 pedibus
4253 5701 4396 5770 suis

2837 5810 3215 5903 applicatur
3245 5811 3580 5903 lapidibus
3624 5811 3796 5880 sicut
3836 5810 4090 5879 animal
4137 5810 4396 5879 multo-
