4919 6371
633 345 759 411 614

632 512 816 577 venit
849 507 930 572 ad
974 504 1262 593 speeiem
1299 501 1519 566 carnis
1569 525 1581 567 :
1626 501 1924 568 medulla
1963 511 2189 567 autem

634 619 702 683 in
756 613 1042 678 essentia
1083 632 1204 674 sua
1261 608 1636 675 secundum
1697 608 1995 699 aliquem
2040 631 2191 673 mo-

634 722 795 789 dum
844 717 1163 809 spermati
1240 717 1679 784 assimilatur.
1745 717 1833 783 Et
1890 714 2208 782 medulla·

633 828 903 919 quidem
961 828 1150 916 pueri
1208 834 1308 893 est
1376 826 1756 915 sanguinea
1817 846 1831 889 :
1888 821 2189 889 medulla

628 958 791 1002 vero
817 935 1145 1022 juvenum
1177 956 1258 1001 ex
1298 933 1581 999 acutiori
1634 938 2000 1020 generatur
2039 951 2188 995 san-

629 1041 830 1131 guine
870 1062 1071 1131 quam
1109 1036 1404 1104 medulla
1463 1058 1733 1101 senum.
1794 1034 1914 1099 Est
1954 1042 2181 1098 autem

626 1148 920 1216 medulla
958 1151 1571 1213 sustentamentum
1612 1148 1676 1207 et
1710 1139 2017 1229 irrigatio
2069 1161 2185 1205 os-

627 1258 743 1334 siS,
778 1264 843 1322 et
874 1258 1235 1344 generatur
1281 1271 1365 1315 ex
1404 1246 1751 1336 superfluo
1793 1244 1945 1312 cibo
1979 1248 2180 1328 ossiS,

624 1362 809 1455 quod
846 1360 1107 1428 colatur
1154 1379 1235 1423 ex
1294 1377 1579 1444 corpore
1638 1355 1812 1422 ossis
1870 1376 1952 1420 ex
1993 1363 2183 1443 parte

622 1468 924 1537 interiori
972 1468 1038 1533 in
1098 1486 1402 1531 concavo
1462 1463 1658 1540 ossiS,
1706 1470 1774 1529 et
1812 1469 2045 1528 tamen
2085 1468 2185 1527 est

625 1575 1111 1643 nutrimentum
1154 1572 1349 1638 ossiS.
1395 1569 1560 1637 Haee
1608 1569 1793 1637 enim
1845 1591 1984 1636 non
2023 1576 2181 1635 sunt

624 1682 980 1759 contraria,
1031 1678 1214 1771 quod
1251 1677 1515 1745 dicatur
1561 1700 1708 1745 esse
1748 1676 2180 1767 superfluitas

625 1790 755 1858 eibi
807 1790 1001 1867 ossis,
1047 1797 1111 1855 et
1177 1786 1360 1877 quod
1405 1788 1493 1853 sit
1541 1784 1733 1853 cibus
1777 1785 1925 1873 ejus
1969 1806 1984 1849 ε
2022 1806 2178 1851 cum

623 1899 804 1966 enim
863 1896 1158 1965 medulla
1207 1902 1308 1961 est
1365 1892 1607 1971 multa,
1652 1891 1919 1982 aliquid
1965 1893 2179 1981 ipsius

619 2007 866 2096 poterit
918 2003 1218 2071 converti
1261 2002 1331 2067 in
1372 2001 1874 2068 nutrimentum
1917 1999 2027 2065 vel
2077 1999 2180 2065 ci-

617 2112 805 2178 bum.
851 2108 1334 2178 Universaliter
1371 2116 1601 2173 autem
1643 2105 1995 2196 loquendo
2027 2127 2177 2172 me-

617 2218 802 2286 dulla
855 2225 953 2285 est
1008 2216 1285 2307 sanguis
1341 2215 1667 2282 alteratus
1728 2213 1810 2281 ad
1854 2222 2170 2282 naturam

616 2328 809 2394 ossis.
844 2323 1113 2391 Animal
1183 2333 1410 2390 autem
1471 2320 1657 2411 quod
1687 2322 1921 2389 stricta
1969 2320 2173 2390 babet

615 2458 765 2504 ossa
798 2443 863 2501 et
892 2433 1183 2501 multum
1214 2430 1516 2509 subtilia,
1553 2453 1695 2497 non
1737 2430 1997 2520 indiget
2027 2455 2173 2499 sus·

614 2550 1027 2610 tentamento
1059 2549 1117 2606 et
1154 2539 1573 2606 nutrimento
1606 2539 1895 2617 ossium,
1931 2546 1997 2606 et
2028 2561 2168 2606 non

613 2648 816 2716 babet
871 2646 1235 2715 medullam
1299 2645 1391 2735 {in
1461 2646 1732 2713 ossibus
1805 2646 1981 2712 sicut
2028 2644 2160 2713 leo.

615 2755 854 2822 Adbuc.
910 2762 1132 2822 autem
1183 2754 1381 2843 juvat
1455 2752 1714 2819 multus
1773 2751 1962 2820 calor
2016 2751 2166 2820 leo-

611 2865 741 2933 nis.

695 2980 965 3049 Animal
997 2990 1223 3049 autem
1253 3003 1392 3048 non
1422 2978 1682 3046 habens
1711 3000 1815 3057 os,
1868 3002 2008 3048 non
2040 2976 2160 3046 ba-

607 3091 725 3159 bet
765 3088 1130 3158 medullam
1163 3089 1293 3156 nisi
1337 3087 1633 3156 nucbam
1673 3110 1826 3178 quae
1864 3089 2163 3157 circum-

612 3199 808 3266 datur
861 3199 1072 3289 spinis
1118 3196 1299 3263 ‹lorsi
1345 3220 1361 3265 ε
1398 3204 1463 3265 et
1497 3195 1642 3265 haec
1671 3195 1975 3263 medulla
2004 3195 2162 3265 licet

607 3307 691 3373 sit
753 3304 1268 3372 fundamentum
1334 3325 1707 3372 nervorum
1773 3302 2158 3392 proceden-

607 3415 774 3481 tium
806 3436 844 3480 a
884 3415 1078 3503 spina
1105 3411 1311 3490 dorsi,
1357 3410 1536 3479 valet
1565 3420 1799 3479 tamen
1830 3412 2037 3479 etiam
2070 3412 2158 3479 ad

609 3522 737 3590 alia
759 3521 1065 3613 quaedam
1093 3544 1107 3587 :
1131 3530 1229 3588 est
1253 3522 1435 3589 enim
1466 3522 1936 3589 continuativa
1958 3522 2152 3612 quasi

602 3653 722 3720 per
756 3630 1035 3699 modum
1065 3630 1414 3721 ligamenti
1454 3629 1903 3721 spondilium.
1940 3629 2155 3697 Simi-

605 3738 753 3806 liter
804 3745 1028 3805 autem
1079 3736 1335 3805 utilitas
1401 3736 1820 3828 spondilium
1865 3760 2005 3806 non
2053 3748 2154 3807 est

601 3845 821 3914 solum
853 3847 920 3913 in
952 3845 1107 3925 boc,
1142 3845 1324 3936 quod
1371 3846 1508 3914 sint
1554 3849 2151 3938 cooperimentum

603 3955 864 4032 nucbae,
918 3956 1032 4023 sed
1100 3956 1304 4023 etiam
1353 3964 1426 4022 nt
1466 3956 1601 4024 sint
1650 3957 1847 4047 origo
1887 3960 2147 4026 ossium

599 4086 799 4154 super
825 4086 976 4154 quoe
1016 4063 1337 4132 fundatur
1373 4085 1644 4154 corpus.
1682 4063 1958 4155 Opinati
1991 4080 2149 4140 sunt

597 4169 895 4260 quidam,
927 4171 1111 4261 quod
1150 4178 1390 4237 natura
1432 4168 1672 4237 nurbae
1703 4173 1790 4239 sit
1821 4194 1958 4240 una
1987 4196 2147 4244 cum

597 4275 899 4356 cerebro,
956 4298 1036 4343 eo
1076 4277 1259 4366 quod
1298 4278 1738 4346 continuatur
1775 4300 1936 4347 cum
1968 4282 2141 4373 ipso.

595 4383 742 4453 lloc
777 4391 1003 4450 autem
1033 4405 1223 4451 error
1249 4391 1374 4464 est,
1409 4383 1571 4476 quia
1601 4393 1850 4455 natura
1883 4389 2145 4458 cerebri

596 4499 661 4558 et
697 4489 1076 4581 complexio
1117 4497 1216 4557 est
1241 4489 1510 4581 frigida,
1544 4489 1662 4560 sed
1688 4494 1974 4583 spinalis
2005 4519 2146 4565 nie-

596 4596 777 4666 dulla
808 4605 903 4664 cst
936 4597 1174 4665 calida.
1211 4597 1502 4690 Signum
1534 4608 1765 4668 autem
1797 4600 2002 4693 bujus
2042 4613 2142 4674 est

594 4703 932 4794 pinguedo
1000 4705 1230 4795 ipsius.
1301 4705 1614 4774 Calorem
1682 4717 1916 4777 autem
1959 4710 2142 4782 bunc

594 4810 790 4878 babet
822 4833 860 4878 a
889 4811 1114 4889 corde,
1150 4835 1353 4903 quem
1392 4822 1549 4883 ante
1588 4816 1859 4905 spinam
1891 4828 2141 4908 poten-

590 4918 681 4984 tia
736 4918 1088 5007 acquisivit
1150 4942 1284 4986 :ex
1339 4917 1466 4986 bac
1517 4930 1749 4990 tamen
1797 4924 2138 4997 caliditate

589 5047 725 5092 non
755 5025 1152 5106 exsiccatur,
1176 5028 1336 5117 quia
1356 5028 1753 5097 continuam
1783 5053 1823 5098 a
1853 5033 2133 5104 cerebro

591 5134 819 5224 recipit
853 5135 1336 5224 irrigationem.

669 5238 938 5331 Opinati
960 5251 1117 5310 sunt
1134 5245 1338 5312 etiam
1372 5245 1650 5335 quidam
1673 5246 2130 5320 substantiam

583 5346 833 5415 cerebri
874 5371 1018 5416 esse
1065 5354 1496 5432 sentientem,
1554 5362 1622 5423 et
1653 5357 1836 5446 quod
1881 5357 2131 5430 babeat

588 5457 902 5523 virtutem
923 5462 1320 5529 sensitivam
1347 5463 1809 5554 tangibilium.
1840 5467 1989 5538 Hoc
2011 5494 2132 5539 au-

581 5572 716 5631 tem
748 5562 990 5632 falsum
1020 5575 1119 5634 est
1153 5591 1170 5638 t
1213 5568 1366 5637 talis
1397 5571 1581 5639 enim
1611 5580 1738 5658 est,
1773 5576 1997 5665 qualis
2027 5590 2132 5649 est

580 5678 817 5737 natura
847 5670 1156 5741 medulla}
1186 5697 1338 5765 quae
1375 5685 1478 5747 est
1513 5679 1585 5746 in
1625 5680 1898 5749 ossibus
1932 5705 1948 5751 :
1983 5708 2123 5756 non

1629 330 1713 396 D.
1769 328 1970 396 ALB.
2025 327 2243 395 MAG.
2297 329 2505 400 ORD.
2560 334 2857 408 PRAED.

2300 506 2480 570 enim
2526 506 2707 575 dolet
2773 511 3123 579 cerebrum
3182 526 3453 605 propter
3500 532 3841 608 apostema

2298 611 2365 676 in
2397 616 2501 679 sui
2536 626 2798 696 natura,
2852 621 2965 687 sed
3009 623 3234 710 potius
3264 634 3538 714 propter
3568 641 3842 717 aposte-

2295 721 2507 784 main
2545 722 2684 789 suis
2724 726 3076 812 pelliculis.
3124 729 3278 797 Nou
3308 741 3533 799 tamen
3566 747 3838 824 propter

2295 821 2423 890 hoc
2483 828 2872 915 negandum
2930 844 3055 916 est,
3118 840 3282 926 quin
3328 840 3396 905 in
3436 842 3709 910 cerebro
3753 846 3835 911 sit

2292 929 2550 1020 aliquid
2582 936 2649 1000 in
2680 958 2816 1025 quo
2839 962 3161 1009 sensuum
3185 949 3363 1013 vires
3386 961 3830 1038 reponuntur,

2291 1049 2357 1106 et
2397 1040 2463 1107 in
2497 1063 2631 1130 quo
2673 1055 2771 1112 est
2802 1050 3077 1137 spiritus
3107 1053 3332 1122 vitalis
3371 1066 3437 1124 et
3477 1063 3833 1132 animalis:

2288 1146 2406 1213 sed
2464 1158 2692 1219 tamen
2742 1153 2909 1222 illud
2968 1180 3104 1225 non
3146 1169 3245 1228 est
3301 1167 3598 1234 sentiens
3638 1194 3838 1239 sensu

2291 1265 2532 1339 tactus,
2568 1262 2741 1330 sicut
2770 1266 3119 1335 cerebrum
3151 1280 3253 1338 est
3285 1275 3691 1367 principium
3733 1283 3841 1347 vi-

2289 1385 2428 1443 suS,
2482 1375 2548 1433 et
2594 1376 2822 1438 tamen
2862 1395 2999 1441 non
3035 1375 3222 1444 videt
3262 1401 3276 1445 :
3332 1390 3396 1448 et
3434 1391 3534 1450 est
3586 1388 3840 1475 princi-

2288 1471 2479 1558 pium
2522 1475 2794 1544 virtutis
2852 1484 3129 1549 motivae
3182 1494 3373 1554 motu
3419 1490 3828 1573 voluntariO,

2289 1582 2352 1642 et
2410 1585 2640 1648 tamen
2704 1606 2840 1651 non
2910 1597 3225 1656 movetur
3277 1613 3291 1657 ε
3360 1596 3473 1661 sed
3530 1599 3828 1687 profecto

2287 1686 2698 1776 principium
2741 1690 3022 1760 istarum
3053 1696 3380 1767 virtutum
3412 1711 3511 1769 est
3560 1706 3831 1794 spiritus

2286 1794 2401 1882 qui
2434 1804 2538 1861 est
2568 1796 2638 1862 in
2669 1799 2968 1885 cerebr0,
3002 1810 3069 1869 et
3098 1804 3316 1894 ipsum
3352 1810 3701 1880 cerebrum
3732 1823 3831 1881 est

2285 1924 2439 1968 arca
2467 1906 2797 1972 virtutum
2847 1931 2996 1999 quae
3035 1934 3156 2002 per
3201 1918 3513 2005 spiritum
3560 1920 3833 1989 vehun-

2284 2016 2395 2075 tur
2423 2019 2490 2078 et
2522 2012 2738 2080 fluunt
2768 2015 2853 2082 ad
2900 2021 3211 2089 membra
3241 2027 3633 2096 continuata
3675 2054 3829 2099 cum

2283 2119 2583 2188 medulla
2621 2124 2902 2205 cerebri,
2935 2130 3112 2197 sicut
3152 2140 3216 2198 et
3258 2134 3398 2224 ipsa
3442 2145 3611 2206 testa
3649 2142 3835 2230 capi-

2280 2230 2364 2293 tis
2395 2237 2495 2295 est
2541 2253 2690 2298 arca
2732 2233 3044 2303 medullas
3087 2242 3367 2309 cerebri.
3416 2244 3569 2312 Non
3603 2257 3829 2316 autem

2280 2346 2569 2425 oportet,
2614 2341 2795 2430 quod
2835 2367 2986 2412 arca
3036 2355 3152 2414 aut
3180 2354 3501 2420 transitus
3536 2356 3678 2422 sive
3716 2358 3827 2423 via

2276 2443 2546 2511 virtutis
2576 2449 2927 2538 participet
2954 2452 3276 2523 virtutem
3308 2459 3641 2528 eamdem.
3681 2462 3825 2530 Sic-

2277 2558 2350 2616 ut
2387 2552 2670 2619 enimin
2719 2553 2986 2624 duobus
3030 2563 3256 2629 nervis
3315 2567 3427 2653 qui
3470 2570 3678 2657 oplae'ei
3717 2570 3829 2636 ‹li-

2273 2665 2539 2734 cuntur,
2578 2681 2713 2725 non
2744 2662 3058 2730 oriuntur
3094 2669 3377 2735 virtutes
3409 2672 3670 2750 visiun,
3707 2674 3823 2741 sed

2277 2762 2344 2828 in
2400 2765 2681 2831 cerebro
2734 2789 2750 2833 z
2803 2790 2885 2834 eo
2936 2771 3116 2860 quod
3176 2774 3398 2863 ipsum
3469 2780 3822 2848 cerebrum

2272 2881 2498 2961 a=quat
2526 2882 2589 2941 et
2618 2884 2948 2966 temperat
2976 2879 3271 2950 calorem
3313 2886 3588 2975 spiritus
3646 2890 3815 2956 cali-

2268 2980 2360 3056 di,
2415 2989 2484 3048 et
2534 2981 2686 3050 facit
2750 2987 2970 3075 ipsum
3022 2990 3345 3069 visivum‚
3417 3004 3484 3063 et
3535 2997 3826 3064 aliorum

2266 3112 2618 3172 sensuum,
2680 3105 2904 3185 aequat
2966 3100 3149 3167 enim
3196 3104 3547 3172 cerebrum
3606 3110 3811 3198 spiri-

2267 3208 2411 3268 tum
2444 3205 2845 3272 sensitivuui
2883 3229 2898 3272 ε
2942 3209 3036 3276 sic
3084 3211 3288 3279 etiam
3339 3215 3510 3282 sicut
3540 3218 3609 3283 in
3660 3239 3815 3284 arca

2265 3318 2331 3376 et
2359 3311 2621 3401 origine
2662 3322 2757 3379 est
2789 3315 3061 3405 spiritus
3099 3320 3324 3388 vitalis
3372 3325 3440 3390 in
3479 3324 3703 3400 corde,
3751 3334 3815 3393 et

2265 3428 2583 3508 aequatur
2629 3423 2710 3488 acl
2744 3424 3015 3513 pulsum
3059 3426 3127 3494 in
3168 3428 3315 3520 ipso
3351 3454 3366 3497 ε
3404 3441 3518 3501 aut
3576 3433 3745 3501 sorte
3777 3459 3816 3502 a

2262 3526 2464 3595 corde
2542 3531 2758 3597 oritur
2848 3535 3246 3604 naturaliter
3318 3541 3455 3608 oris
3510 3543 3809 3632 spiritus,

2259 3634 2376 3724 qui
2461 3642 2690 3703 tamen
2765 3639 2832 3704 in
2917 3640 3195 3710 cerebro
3261 3653 3677 3737 temperatur
3741 3658 3806 3716 et

2260 3750 2572 3833 :equatur
2600 3743 2682 3811 ad
2712 3767 2950 3813 sensus
2971 3757 3037 3816 et
3058 3759 3285 3819 motus
3306 3759 3771 3844 operationem
3786 3810 3802 3837 ,

2258 3850 2325 3917 in
2367 3849 2609 3941 hepate
2650 3861 2875 3921 autem
2907 3855 2992 3923 ad
3020 3861 3482 3948 operationem
3523 3873 3808 3932 natura-

2256 3959 2422 4027 lium
2463 3962 2792 4030 virtutum
2840 3988 2854 4033 :
2891 3990 3029 4035 non
3071 3970 3254 4038 enim
3286 3974 3407 4041 erit
3458 3975 3808 4043 cerebrum

2256 4068 2341 4136 ad
2380 4068 2511 4136 boc
2542 4071 2720 4163 quod
2749 4077 3022 4157 sentiat,
3056 4078 3170 4146 sed
3200 4080 3281 4147 ad
3322 4080 3451 4150 boc
3494 4091 3566 4151 ut
3608 4085 3810 4176 spiri-

2255 4187 2362 4244 tus
2411 4181 2776 4248 sensitivus
2820 4185 2886 4249 in
2939 4206 3019 4250 eo
3060 4187 3230 4254 sicut
3281 4189 3348 4255 in
3388 4199 3699 4280 aequante
3739 4199 3803 4258 et

2255 4293 2674 4377 temperante
2716 4289 2962 4379 ipsum,
2996 4314 3135 4360 non
3179 4305 3441 4387 oportet
3476 4298 3656 4389 quod
3698 4300 3804 4390 ip-

2251 4416 2403 4461 sum
2436 4396 2707 4464 sentiat.

2337 4501 2651 4571 Testatur
2703 4513 2932 4574 autem
3000 4507 3131 4577 boc
3208 4510 3503 4580 Galenus
3542 4512 3794 4591 dicens,

2250 4610 2434 4701 quod
2466 4636 2603 4680 non
2644 4617 2882 4706 tangit,
2916 4618 3047 4686 nisi
3079 4621 3263 4710 quod
3294 4619 3491 4688 babet
3527 4624 3800 4714 aequali-

2249 4728 2454 4787 tatem
2499 4722 2869 4790 secundum
2910 4726 3453 4817 complexionem
3505 4731 3799 4821 qualita-

2246 4834 2390 4895 tum
2439 4829 2897 4920 tangibilium.
2969 4831 3052 4901 Et
3116 4834 3272 4904 dicit
3331 4836 3536 4916 idem,
3615 4839 3796 4930 quod

2244 4934 2501 5003 cerebri
2578 4938 2963 5029 complexio
3030 4944 3167 5010 exit
3233 4944 3317 5011 ab
3382 4947 3790 5037 aequalitate,

2243 5048 2308 5108 et
2337 5041 2631 5110 declinat
2664 5045 2745 5111 ad
2779 5045 2992 5138 frigus
3024 5071 3039 5115 ε
3074 5057 3140 5117 et
3168 5048 3555 5141 frigiditatis
3588 5054 3796 5144 ipsius

2242 5151 2522 5220 ess'cctus
2569 5162 2669 5221 est
2718 5155 3201 5227 insensibilitas
3245 5162 3410 5250 ejus.
3467 5163 3795 5242 Quamvis

2240 5268 2466 5327 autem
2500 5261 2702 5328 etiam
2745 5286 2862 5331 cor
2904 5265 3194 5335 declinet
3240 5267 3325 5335 ab
3378 5271 3789 5361 a·qualitate,

2239 5375 2467 5435 tamen
2510 5367 2871 5439 declinatio
2912 5396 3034 5441 sua
3065 5375 3279 5442 estad
3319 5376 3731 5447 caliditatem
3767 5404 3782 5447 :

2238 5483 2302 5543 et
2366 5476 2671 5546 caliditas
2718 5483 2937 5571 major
2996 5505 3148 5574 quae
3206 5508 3343 5553 non
3411 5491 3784 5580 corrumpit

2235 5584 2807 5675 complexionem,
2866 5597 2966 5657 est
3012 5612 3217 5660 causa
3245 5593 3524 5683 majoris
3580 5599 3790 5676 sensi-

2236 5691 2537 5762 bilitatis.
2582 5695 2722 5768 Nec
2744 5697 3024 5795 impedit
3053 5723 3171 5770 cor
3209 5724 3247 5770 a
3278 5703 3631 5771 sentiendo
3660 5728 3787 5795 per
