4919 6371
2102 413 2267 511 ΜΒ,
2321 416 2351 481 1
2399 415 2518 482 DE
2565 415 3157 510 ᾼΝΙΜΑιιΒυε,
3204 414 3514 482 TRAc‘r.
3569 414 3664 481 111

1253 588 1455 654 cellas
1497 585 1902 652 animalium
1942 586 2271 653 virtutum
2305 587 2673 654 excitarent
2710 588 2811 651 in-

4340 419 4466 516 ¹33

2913 585 3195 649 veniens
3226 584 3354 650 fuit
3383 586 3606 672 ipsum
3639 585 3975 674 posterius
4024 606 4170 650 esse
4216 586 4464 651 siccius

1247 691 1790 757 ssammationem
1832 692 2318 761 dissolventem
2344 691 2628 791 animal,
2674 690 2804 754 nisi
2910 697 2978 757 et
3016 690 3278 756 durius,

1247 804 1423 864 esset
1470 797 1804 887 frigiditas
1871 800 2130 868 cerebri
2196 808 2606 887 temperans,
2678 795 2801 860 llis

1242 905 1451 994 igitur
1500 903 1581 972 de
1630 907 1855 980 causis
1891 905 2139 996 frigida
2177 910 2278 971 est
2324 901 2579 970 cerebri
2643 901 2803 968 sub-

1238 1013 1517 1081 stantia.
1557 1013 1939 1082 Humidum
1997 1001 2229 1079 autem
2279 1018 2381 1077 est
2424 1008 2797 1077 secundum
2904 1037 3196 1104 quarum
3245 1038 3382 1081 una
3430 1023 3557 1094 est,
3609 1014 3796 1105 quod
3839 1013 4067 1082 mollis
4112 1037 4270 1104 pars
4309 1016 4455 1104 ejus
4561 1090 4574 1104 ,

1239 1128 1582 1206 naturam,
1632 1129 1706 1188 ut
1743 1129 1976 1187 motus
2034 1116 2116 1184 de
2183 1140 2317 1209 quo
2371 1117 2626 1186 dictum
2667 1125 2791 1199 est,

1240 1250 1376 1295 non
1430 1229 1723 1294 exsiccet
1773 1226 2025 1313 ipsum,
2078 1231 2145 1291 et
2181 1231 2257 1290 ut
2320 1223 2493 1292 bene
2547 1226 2633 1291 sit
2671 1225 2797 1291 im-

1233 1332 1587 1424 pressibile
1621 1330 1945 1398 omnibus
1991 1330 2229 1397 formis
2280 1331 2612 1399 virtutum
2650 1330 2794 1398 ani-

1234 1436 1545 1522 malium,
1599 1444 1665 1504 et
1710 1444 1788 1503 ut
1836 1438 2044 1503 etiam
2091 1436 2177 1503 ad
2207 1436 2457 1504 bonam
2499 1435 2787 1526 figuram

1232 1569 1351 1637 per
1390 1547 1690 1637 seipsum
1720 1548 1938 1637 possit
1966 1547 2180 1638 redigi
2227 1545 2527 1613 anterius
2576 1552 2641 1612 et
2669 1567 2790 1634 po·

1231 1652 1503 1720 sterius.

1318 1775 1397 1843 In
1446 1778 1599 1867 ipsa
1644 1755 1879 1844 autem
1923 1776 2034 1842 sui
2072 1773 2474 1843 humiditate
2528 1773 2782 1855 factum

1228 1867 1331 1951 est
1386 1882 1595 1952 molle
1634 1890 1702 1950 et
1737 1884 2021 1973 pingue.
2069 1881 2337 1972 Pingue
2378 1882 2660 1971 quidem
2711 1888 2784 1948 ut

1224 1991 1571 2078 viscosum
1628 1988 1717 2057 ad
1763 1989 2091 2058 tenendas
2143 1990 2396 2058 formas
2452 2011 2604 2079 quae
2658 2011 2783 2056 ve·-

1220 2098 1422 2165 niunt
1458 2097 1545 2166 ad
1590 2098 1847 2220 ipsum,
1893 2105 1962 2167 et
2010 2107 2087 2165 ut
2123 2097 2193 2166 id
2230 2097 2414 2189 quod
2450 2098 2666 2166 oritur
2692 2120 2778 2167 ex

1221 2206 1394 2296 ipso,
1445 2206 1641 2274 nervi
1689 2203 2010 2275 videlicet
2054 2205 2298 2274 motivi
2345 2212 2413 2274 et
2440 2205 2772 2285 sensitivi,

1217 2308 1306 2376 sit
1349 2309 1704 2378 viscosum
1754 2317 1823 2378 et
1869 2308 2270 2380 extensibile
2315 2333 2436 2400 per
2474 2308 2774 2378 diversas

1172 2449 1180 2455 ·
1216 2415 1523 2507 corporis
1560 2415 1860 2483 flexuras
1893 2437 1912 2482 ε
1949 2423 2018 2484 et
2053 2415 2258 2484 etiam
2298 2423 2373 2483 ut
2401 2415 2775 2483 nutrimen-

1215 2528 1361 2589 tum
1395 2519 1581 2612 quod
1612 2542 1697 2589 ex
1723 2521 1874 2612 ipso
1923 2521 2125 2590 datur
2161 2521 2389 2591 nervis
2426 2529 2494 2589 et
2531 2519 2770 2590 nuchae

1212 2628 1307 2696 sit
1350 2625 1617 2697 bonum
1660 2649 1678 2699 :
1740 2629 1904 2720 quia
1941 2627 2148 2698 ambo
2201 2627 2320 2697 illa
2365 2629 2648 2718 pinguia
2702 2637 2769 2696 et

1211 2736 1479 2804 viscosa
1525 2742 1709 2815 sunt,
1755 2744 1822 2804 et
1869 2736 2267 2805 nutriuntur
2302 2758 2387 2804 ex
2433 2735 2761 2805 cerebro:

1209 2865 1295 2911 ex
1351 2865 1489 2935 quo
1555 2844 1743 2912 enim
1796 2845 1992 2913 nervi
2021 2843 2270 2913 debent
2298 2865 2443 2913 esse
2477 2843 2764 2911 flexuosi

1206 2959 1275 3020 et
1316 2950 1472 3021 duri
1508 2950 2048 3043 aliquantulum,
2098 2961 2165 3021 et
2210 2952 2491 3021 durities
2539 2953 2765 3021 evenit

1204 3058 1302 3127 eis
1326 3080 1451 3151 per
1475 3057 1875 3128 distantiam
1903 3082 1945 3128 a
1974 3081 2098 3128 sua
2136 3059 2429 3150 origiue,
2457 3060 2764 3150 oportuit

1205 3166 1587 3239 necessario
1632 3173 1709 3237 ut
1772 3167 2207 3260 principium,
2236 3166 2541 3258 ipsorum
2581 3174 2763 3237 esset

1202 3273 1457 3365 pingue
1488 3295 1506 3346 ε
1541 3275 1705 3366 quia
1733 3271 1933 3343 aliter
1966 3274 2431 3345 inflexibiliter
2475 3274 2761 3344 indura-

1201 3390 1459 3451 rentur.
1510 3380 1759 3450 Adhuc
1801 3389 2036 3475 autem
2080 3382 2243 3474 quia
2297 3382 2572 3473 spiritus
2638 3385 2756 3474 qui

1198 3486 1582 3565 discurrere
1612 3487 1685 3557 in
1716 3489 1866 3579 ipso
1903 3486 2170 3570 debuit,
2203 3511 2344 3560 non
2381 3497 2559 3558 esset
2585 3490 2757 3559 levis

1199 3602 1269 3667 et
1319 3595 1727 3685 rarus,nisi
1771 3592 2281 3681 essetshumido
2317 3595 2758 3690 pinguiens-

1198 3707 1526 3772 tentatus.
1548 3762 1554 3779 Β
1578 3699 1657 3771 Si
1693 3700 1881 3774 enim
1918 3710 2101 3776 esset
2142 3701 2357 3775 durus
2399 3710 2471 3772 et
2505 3703 2750 3789 siccus,

1197 3803 1605 3876 laederentur
1632 3828 1720 3878 ex
1748 3828 1832 3876 eo
1860 3804 2195 3886 membra,
2239 3815 2306 3879 et
2333 3807 2753 3901 impediren-

1197 3923 1311 3986 tur
1334 3914 1842 4009 operationes.

1199 4092 1213 4101 ,
1283 4021 1636 4092 Substatia
1665 3999 1898 4091 taiiien
1925 4020 2182 4092 cerebri
2223 4044 2365 4092 non
2399 4021 2753 4114 equaliter

1194 4136 1298 4198 est
1348 4127 1526 4198 levis
1579 4136 1650 4201 et
1701 4108 2005 4199 mollis:
2066 4128 2395 4222 quoniam
2449 4129 2753 4200 anterior

1196 4257 1352 4327 pars
1381 4234 1566 4304 illius
1594 4210 1702 4306 est
1724 4233 2006 4305 mollior
2030 4243 2100 4306 et
2133 4231 2379 4316 levior,
2410 4245 2481 4306 et
2525 4246 2753 4329 poste·

1196 4344 1339 4411 rior
1372 4342 1610 4414 durior
1639 4349 1710 4410 et
1733 4342 2033 4413 siccior:
2064 4349 2133 4413 et
2169 4350 2273 4412 est
2299 4341 2614 4414 velamen
2642 4343 2751 4412 di-

1195 4448 1435 4520 videns
1471 4450 1650 4521 inter
1691 4448 1866 4519 duas
1911 4455 2143 4542 partes
2189 4448 2428 4539 ipsius,
2486 4450 2571 4520 de
2610 4473 2747 4542 quo

1196 4555 1479 4627 inferius
1522 4555 1855 4627 iaciemus
1921 4554 2368 4627 mentionem.
2425 4539 2748 4627 Ᾱιιιοτίιιε

1192 4665 1444 4757 quippe
1486 4661 1812 4734 mollities
1856 4671 1925 4733 et
1973 4662 2217 4732 levitas
2244 4671 2406 4733 sunt
2441 4686 2750 4733 necessa·

1192 4771 1293 4842 ria
1324 4793 1343 4842 :
1377 4772 1542 4865 quia
1575 4795 1735 4863 cum
1763 4793 2008 4842 sensus
2036 4770 2124 4840 sit
2150 4770 2557 4865 speculator,
2590 4796 2749 4841 con·

1187 4901 1400 4969 gruus
1428 4877 1631 4967 ‚locus
1658 4884 1790 4959 est,
1824 4885 1903 4947 ut
1930 4877 2242 4967 ,anterius
2281 4876 2590 4947 locentur
2625 4901 2747 4947 or-

1185 5008 1366 5077 gana
1402 5009 1528 5057 sua
1573 5007 1727 5081 quae
1763 4986 2097 5079 juvantur
2143 4982 2435 5056 mollitie
2478 4993 2547 5080 et
2582 4985 2748 5057 levi-

1184 5100 1323 5175 tate
1350 5092 1437 5164 ad
1471 5092 1649 5164 bene
1691 5091 2167 5185 recipiendum
2216 5092 2477 5163 formas
2524 5094 2749 5165 sensi-

1186 5198 1455 5271 bilium.
1510 5198 1803 5287 Plurimi
1847 5207 2083 5291 autem
2123 5222 2493 5271 nervorum
2533 5202 2746 5270 moti-

1184 5330 1432 5377 vorum
1474 5328 1645 5387 ¹cum
1702 5305 1931 5378 nucha
1968 5305 2285 5375 oriuntur
2330 5308 2668 5401 posterius
2722 5330 2737 5376 :

1186 5437 1364 5508 quae,
1394 5416 1708 5509 inquam,
1751 5411 1981 5507 nucha
2019 5421 2123 5482 est
2151 5414 2431 5483 nuntius
2458 5423 2526 5484 et
2552 5416 2745 5485 vica-

1184 5521 1326 5592 rius
1352 5524 1502 5614 ejus
1524 5545 1652 5616 per
1685 5519 2036 5618 spondiles
2072 5520 2259 5590 dorsi
2285 5543 2408 5614 per
2432 5521 2744 5614 longitu-

1181 5627 1412 5699 dinem
1467 5629 1777 5724 corporis
1841 5627 2158 5725 directa,.
2194 5650 2236 5698 a
2290 5651 2427 5723 qua
2473 5638 2741 5723 oportet

1180 5732 1345 5809 oriri
1371 5758 1625 5810 nervos
1646 5734 2243 5827 fortes-et'duros„
2260 5733 2348 5804 Et
2372 5736 2539 5809 *ideo
2566 5760 2743 5832 con-7

2997 794 3330 863 Velamen
3360 803 3614 876 autem,
3649 798 3830 887 quod
3864 807 3962 864 est
4005 800 4070 864 in
4100 799 4277 889 ipsc,
4311 820 4463 888 gra·

2905 904 3117 972 datim
3154 906 3456 995 positum
3501 914 3602 973 est
3654 915 3930 997 propter
3976 906 4145 973 duas
4189 929 4453 986 causaS,

2900 1129 3252 1211 separetur
3289 1144 3328 1188 a
3358 1129 3672 1191 contactu
3701 1123 3910 1211 partis
3941 1121 4151 1189 durae.
4190 1120 4457 1191 Secun-

2899 1227 2985 1294 da
3021 1249 3187 1294 vero
3228 1235 3329 1294 est
3372 1249 3387 1293 ε
3434 1228 3594 1317 quia
3633 1229 3824 1294 nervi
3855 1228 4337 1297 descendentes
4366 1229 4450 1296 ab

2897 1334 3045 1424 ipso
3078 1333 3453 1402 secundum
3484 1356 3640 1400 suas
3673 1335 3996 1425 origineS,
4054 1333 4455 1403 dividuntur

2896 1449 2960 1508 et
2998 1451 3399 1531 separantur
3431 1443 3513 1510 ab
3556 1443 3878 1511 invicem.
3924 1441 4245 1534 Oportuit
4286 1465 4451 1534 ergo

2893 1559 2968 1619 ut
2997 1560 3174 1620 esset
3200 1550 3296 1618 ibi
3329 1552 3605 1618 firmum
3637 1550 3897 1643 aliquid
3926 1549 4113 1643 quod
4138 1552 4455 1621 contine-

2892 1666 2993 1726 ret
3032 1681 3209 1728 eos.
3253 1667 3330 1728 et
3365 1656 3519 1726 ideo
3557 1659 3635 1726 iit
3660 1657 4026 1727 descensus
4063 1680 4186 1748 per
4220 1660 4448 1749 ipsum

2888 1767 3084 1857 pellis
3114 1767 3337 1851 firma,
3379 1768 3486 1834 cui
3528 1768 3905 1835 innitantur
3951 1775 4018 1835 et
4072 1789 4195 1857 per
4235 1789 4444 1858 quam

2888 1876 3333 1955 retineantur,
3375 1897 3463 1943 ne
3491 1872 3805 1942 decidant
3850 1897 3890 1942 ιι
3926 1874 4261 1968 principio
4300 1897 4442 1944 suae

2884 1982 3347 2074 generationis
3376 1991 3442 2051 et
3472 1966 3901 2053 nutrimenti.

2971 2089 3140 2157 Post
3169 2077 3612 2158 reflexionem
3650 2097 3878 2158 autem
3925 2088 4360 2158 velaminis
4343 2113 4442 2157 is-

2881 2200 3016 2267 tius
3072 2196 3411 2289 posterius
3455 2206 3612 2287 post
3657 2196 4011 2265 cerebrum
4077 2203 4179 2264 est
4247 2195 4439 2266 locus

2878 2329 3161 2384 vacuus,
3186 2306 3305 2396 qui
3336 2312 3616 2374 vocatur
3644 2303 3954 2372 torcular
3980 2303 4124 2371 sive
4155 2303 4435 2387 lacuna,

2875 2411 3135 2482 habens
3162 2411 3596 2480 latitudinem
3627 2411 3957 2502 aliquam,
4005 2418 4071 2479 et
4110 2410 4196 2479 ad
4245 2409 4434 2481 illam

2873 2542 3067 2588 venae
3094 2521 3450 2588 venientes
3487 2517 3572 2586 ab
3609 2515 3855 2608 hepate
3894 2515 4254 2585 effundunt
4278 2540 4435 2585 san·

2873 2629 3151 2717 guinem
3184 2647 3391 2717 quem
3422 2631 3795 2715 asportant,
3840 2632 3907 2692 et
3943 2623 4036 2690 ibi
4078 2622 4422 2714 dirigitur,

2871 2739 2990 2800 aut
3018 2732 3188 2799 sorte
3228 2753 3269 2798 a
3314 2730 3653 2799 caliditate
3702 2730 4047 2819 superflua
4093 2736 4428 2820 tempera-

2870 2849 2983 2910 tur
3028 2847 3094 2908 et
3140 2838 3522 2907 substantia
3577 2835 3831 2906 cerebri
3885 2860 3904 2905 ε
3946 2860 4152 2929 quem
4194 2837 4425 2907 locum

2866 2948 3212 3021 exsiccant
3250 2968 3442 3017 venae
3478 2946 3854 3014 nutrientes
3900 2943 4255 3014 cerebrum
4301 2968 4427 3014 su-

2864 3066 3105 3150 gentes
3135 3079 3294 3125 eum
3323 3078 3447 3147 per
3484 3076 3609 3123 sua
3644 3052 3902 3122 orificia
3940 3075 4145 3144 super
4193 3060 4426 3122 torcu-

2866 3162 2968 3232 lar
2991 3162 3285 3231 directa:
3322 3171 3387 3232 et
3416 3184 3572 3231 cum
3604 3167 3936 3230 suxerunt
3966 3182 4150 3240 eum,
4184 3157 4428 3252 depor-

2863 3279 3009 3341 tant
3047 3294 3207 3342 eum
3246 3271 3334 3342 ad
3363 3271 3534 3341 duas
3564 3293 3797 3349 venas,
3832 3269 3915 3338 de
3960 3268 4210 3361 quibus
4265 3291 4425 3338 om-

2864 3381 3066 3449 nibus
3111 3380 3413 3449 diximus
3469 3380 3541 3448 in
3587 3379 3944 3448 anatomia
4005 3399 4333 3447 venarum
4389 3398 4411 3447 ι

2859 3510 2986 3558 nec
3022 3486 3135 3555 hio
3180 3495 3452 3579 oportet
3490 3493 3816 3577 repetere.
3859 3483 4146 3554 Lacunae
4181 3491 4412 3554 autem

2859 3594 3045 3665 illius
3069 3596 3216 3665 sive
3244 3595 3621 3664 vacuitates
3655 3591 3990 3664 auxilium
4034 3600 4139 3662 est
4177 3612 4198 3663 ε
4245 3593 4409 3685 quia

2859 3701 3051 3779 nervi
3090 3708 3159 3771 et
3204 3698 3432 3771 nucha
3474 3699 4005 3781 laederentur,si
4045 3697 4412 3788 continge-

2858 3817 3005 3878 rent
3036 3831 3360 3878 eraneum
3394 3831 3412 3878 :
3447 3816 3514 3878 et
3544 3808 3696 3877 ideo
3726 3806 4028 3899 oportuit
4054 3813 4130 3875 ut
4170 3804 4410 3875 tierent

2854 3916 3156 4008 origines
3202 3938 3471 3995 eorum,
3521 3937 3669 3985 esse
3714 3912 4106 3983 distantiam
4158 3933 4413 4006 quam-

2854 4022 3013 4093 dam
3042 4045 3086 4091 a
3114 4044 3390 4092 craneo.

2944 4125 3047 4197 Ex
3069 4127 3381 4199 interiori
3409 4135 3641 4198 autem
3670 4133 3862 4218 parte
3889 4122 4146 4196 cerebri
4179 4123 4415 4194 oriun-

2855 4246 2965 4306 tur
3009 4234 3096 4305 ab
3135 4259 3219 4306 eo
3268 4234 3407 4306 duo
3455 4233 3921 4305 additamenta
3975 4229 4412 4312 mamillaria,

2852 4367 2975 4437 per
3013 4367 3166 4438 qum
3206 4346 3283 4414 fit
3317 4344 3669 4426 odoratus,
3710 4350 3777 4412 et
3814 4341 3944 4412 hoc
3967 4364 4212 4434 parum
4256 4339 4418 4433 qui-

2852 4452 3011 4521 dem
3048 4450 3280 4521 diss'ert
3314 4475 3356 4522 a
3384 4449 3643 4521 cerebri
3672 4447 3988 4529 mollitie,
4018 4446 4141 4517 sed
4178 4448 4248 4517 in
4287 4469 4415 4516 ex-

2852 4559 3311 4628 tremitatibus
3359 4580 3601 4628 eorum
3658 4554 4101 4646 consequitur
4154 4574 4237 4622 ea
4282 4551 4415 4621 ali-

2852 4662 3015 4754 quid
3047 4664 3131 4732 de
3160 4662 3407 4732 duritie
3445 4685 3841 4733 nervorum.

2939 4774 3259 4864 Amplius
3289 4784 3520 4842 autem
3550 4779 3711 4843 sunt
3736 4770 3872 4842 duo
3907 4767 4257 4862 panniculi
4292 4789 4415 4839 ce-

2854 4880 3128 4963 rebrum
3186 4882 3686 4972 cooperientes,
3753 4899 4051 4971 quorum
4098 4875 4413 4968 superior

2849 4991 2967 5083 qui
3008 4988 3096 5059 ad
3124 5013 3450 5060 craneum
3499 4988 3828 5068 elevatur,
3883 4993 3988 5056 est
4022 4983 4307 5077 spissior
4340 4990 4411 5052 et

2849 5094 3110 5183 durior,
3160 5103 3237 5164 ut
3284 5094 3551 5165 resistat
3600 5092 3872 5163 duritiei
3911 5088 4114 5171 ossis,
4155 5095 4224 5161 et
4253 5109 4412 5181 pro·

2842 5198 3084 5275 hibeat
3119 5208 3534 5272 nocumenta
3583 5222 3736 5292 quoe
3779 5197 3866 5267 ab
3923 5218 4078 5267 osse
4122 5196 4412 5267 veniunt

2846 5307 2936 5378 ad
2964 5308 3324 5379 cerebrum
3360 5309 3744 5402 pervenire,
3785 5314 3853 5378 et
3903 5312 4182 5399 propter
4216 5303 4414 5372 duri-

2848 5421 3016 5488 tiam
3048 5442 3245 5489 suam
3275 5428 3344 5491 et
3367 5429 3748 5490 maternam
3778 5414 4162 5487 custodiam
4193 5435 4403 5507 quam

2847 5526 3184 5619 impendit
3207 5526 3515 5608 cerebro,
3553 5523 3953 5618 excipiendo
3992 5525 4411 5595 nocumenta

2846 5636 3048 5717 ossis,
3090 5634 3273 5708 dura
3299 5647 3521 5706 mater
3547 5643 3856 5705 vocatur.
3888 5630 4249 5704 Secundus
4279 5650 4406 5723 au·

2843 5748 2986 5811 tem
3022 5742 3433 5832 panniculus
3459 5750 3564 5813 est
3595 5739 3867 5812 subtilis
3903 5736 4135 5811 mollis
4168 5733 4410 5826 adim*-
