4919 6371
1908 496 2079 566 LIB.
2133 497 2261 563 Vll
2312 496 2430 562 DE
2478 493 3074 573 ANIMALIBUS,
3124 496 3439 567 TRACT.
3495 500 3555 565 ll
4226 501 4355 568 403

1137 661 1364 742 etiam,
1424 663 1609 755 quod
1649 687 1787 732 non
1835 664 2183 732 invenitur
2225 665 2293 729 in
2339 671 2516 730 terra
2575 662 2688 728 illa
2799 662 2866 727 in
2926 660 3092 752 loeis
3156 664 3574 754 palustribus
3621 667 3912 734 multum
3992 668 4216 736 cibum
4289 678 4354 737 et

1132 793 1370 839 cervus
1409 771 1678 864 aliquiS,
1714 780 1829 839 aut
1893 794 2097 860 caper
2143 775 2441 862 agrestis·
2481 794 2685 863 quem
2796 770 3091 838 multum
3130 775 3570 840 nutrientem.
3606 772 3827 863 Lepus
3859 783 4085 843 autem
4116 784 4184 843 et
4229 776 4354 844 sil-

1129 901 1254 945 nos
1287 881 1524 947 ibic-em
1552 902 1906 946 vocamus.
1940 877 2118 947 Dicit
2141 881 2372 960 etiam,
2407 881 2590 972 quod
2611 881 2680 946 in
2791 877 3042 943 vestria
3073 886 3232 945 sunt
3267 881 3336 946 in
3369 879 3678 971 [Egypto
3700 902 3914 970 pauca
3938 888 4003 947 et
4032 904 4352 972 parva‚eo

1128 985 1318 1054 India
1354 1008 1490 1053 non
1523 986 1868 1053 invenitur
1905 1008 2179 1076 porcuS,
2205 1011 2330 1057 nec
2363 988 2683 1056 domesti-
2792 984 2977 1073 quod
3008 986 3285 1055 arbores
3319 1010 3456 1055 non
3485 985 3737 1056 habent
3793 988 3887 1056 ibi
3937 988 4187 1057 multos
4236 1012 4342 1058 ra-

1127 1116 1267 1171 cuS,
1313 1115 1532 1181 neque
1561 1093 1868 1183 agrestiS‚
1920 1118 2143 1187 neque
2174 1097 2380 1164 etiam
2412 1095 2673 1185 onagri,
2788 1097 3138 1163 musculos
3179 1118 3353 1186 quos
3391 1095 3753 1187 decerpant
3782 1096 3945 1164 talia
3973 1098 4294 1166 animalia
4324 1124 4339 1167 τ

1124 1203 1298 1269 sicut
1333 1201 1502 1270 dixit
1530 1224 1545 1268 ε
1573 1225 1728 1270 cum
1759 1213 1990 1272 tamen
2021 1205 2092 1272 in
2132 1213 2308 1274 terra
2338 1205 2451 1272 illa
2480 1203 2678 1271 valde
2787 1209 2854 1268 et
2898 1202 3157 1271 fructus
3216 1204 3540 1272 arborum
3602 1204 3782 1272 illius
3827 1206 4150 1296 regionis,
4204 1229 4343 1274 non

1121 1332 1370 1400 magna
1428 1311 1564 1378 sint
1600 1312 1924 1381 animalia
1976 1315 2383 1404 sanguinem
2425 1312 2677 1380 haben·
2782 1318 3072 1398 possunt
3103 1309 3348 1379 durare
3383 1312 3514 1379 nisi
3563 1334 3804 1403 parum
3840 1334 3855 1379 :
3896 1318 3962 1380 et
4000 1313 4151 1381 ideo
4192 1314 4344 1381 ani-

1119 1415 1253 1483 tia:
1301 1417 1418 1485 sed
1471 1416 1602 1486 hoc
1657 1427 1918 1487 certum
1970 1427 2095 1502 est,
2150 1418 2335 1510 quod
2385 1420 2455 1485 in
2503 1419 2674 1485 mari
2782 1416 2990 1482 malia
3027 1416 3366 1484 silvestria
3396 1419 3472 1516 in
3521 1415 3746 1485 hieme
3796 1440 3934 1485 non
3984 1420 4342 1487 inveniunt

1117 1523 1299 1593 illius
1331 1527 1630 1617 regionis
1671 1548 1810 1593 non
1849 1527 2197 1595 invenitur
2255 1550 2472 1618 genus
2523 1549 2675 1594 ma-
2781 1521 3033 1588 cibum.
3061 1520 3140 1589 ln
3171 1523 3338 1591 locis
3368 1533 3600 1593 autem
3635 1524 3870 1592 multis
3918 1534 4020 1593 est
4058 1527 4339 1616 opposi-

1115 1629 1353 1710 lachie,
1399 1655 1618 1723 neque
1650 1632 1928 1723 aliquod
1967 1633 2223 1702 animal
2254 1633 2442 1703 duras
2482 1643 2670 1703 testae
2778 1635 2924 1696 tum
2957 1629 3189 1720 hujtls·
3234 1632 3457 1701 Causa
3486 1655 3725 1701 eorum
3749 1656 3901 1725 quae
3943 1632 4120 1700 dicta
4149 1642 4332 1713 sunt,

1113 1741 1240 1807 nisi
1303 1742 1369 1806 in
1408 1741 1573 1808 loeis
1601 1740 1802 1809 valde
1830 1742 2088 1832 paucis.
2135 1742 2386 1812 Omnia
2442 1752 2667 1811 autem
2777 1745 2878 1805 est
2911 1738 3295 1828 complexio
3327 1741 3627 1832 regionis
3666 1743 3839 1808 sicut
3886 1743 3954 1807 in
4028 1741 4339 1831 Koykole

1113 1869 1264 1937 qum
1285 1855 1441 1913 sunt
1481 1849 1673 1916 testei
1712 1849 1902 1928 corii,
1939 1849 2136 1917 valde
2177 1872 2430 1939 magna
2496 1859 2656 1917 sunt
2775 1867 2925 1936 quae
2956 1854 3057 1914 est
3080 1869 3234 1936 pars
3263 1849 3766 1938 septentrioniS,
3824 1855 3888 1916 et
3919 1849 3987 1915 in
4008 1847 4332 1940 Enkyron

1110 1952 1179 2020 in
1220 1955 1391 2022 mari
1423 1953 1682 2023 Rubro.

1195 2063 1440 2134 Adhuc
1478 2074 1702 2134 autem
1729 2067 1799 2133 in
1837 2074 2017 2133 terra
2056 2065 2324 2145 Nubiae,
2362 2087 2514 2157 quae
2554 2074 2655 2135 est

1108 2176 1282 2237 terra
1310 2171 1688 2261 nigrorum,
1727 2192 1935 2261 quam
1955 2178 2208 2239 vocant
2231 2193 2415 2238 nunc
2471 2169 2661 2238 Mau-

1102 2278 1442 2357 ritaniam,
1477 2275 1730 2345 habent
1759 2300 1923 2346 oves
1952 2277 2124 2347 latas
2153 2279 2351 2348 valde
2381 2280 2654 2365 caudas,

1100 2387 1191 2453 ita
1220 2385 1400 2479 quod
1430 2387 1717 2456 latitudo
1747 2387 1984 2457 caudae
2017 2398 2118 2457 est
2168 2391 2237 2457 in
2279 2390 2654 2481 quantitate

1098 2493 1329 2562 cubiti.
1363 2493 1509 2586 Ego
1535 2502 1763 2564 autem
1796 2495 1940 2563 vidi
1969 2494 2200 2587 plures
2231 2519 2419 2576 oves,
2482 2520 2657 2588 qua-

1097 2624 1247 2669 rum
1305 2603 1376 2670 iu
1463 2603 1679 2672 cauda
1755 2603 2042 2673 latitudo
2120 2605 2245 2673 fuit
2313 2606 2654 2696 quantitas

1092 2709 1302 2800 palmi
1331 2718 1394 2780 et
1435 2712 1752 2803 amplius.
1801 2712 1885 2780 Et
1917 2713 2096 2781 inter
2149 2713 2488 2781 auriculas
2535 2738 2655 2782 ca-

1093 2841 1370 2908 prorum
1402 2829 1468 2887 et
1495 2843 1852 2910 caprarum
1885 2820 2069 2889 illius
2108 2830 2305 2889 terrm
2340 2829 2436 2890 est
2478 2845 2652 2913 qua-

1092 2927 1145 2992 si
1188 2925 1505 2993 distantia
1543 2926 1776 3017 palmi.
1824 2927 1906 2995 Et
1955 2928 2234 3020 quidam
2285 2951 2648 3020 caprorum

1090 3032 1338 3100 caudas
1369 3031 1622 3102 habeut
1678 3034 2052 3125 pendentes
2094 3057 2313 3127 usque
2361 3035 2443 3104 ad
2510 3044 2647 3104 ter-

1091 3165 1234 3210 ram
1270 3165 1286 3211 :
1331 3150 1396 3212 et
1429 3142 1748 3211 auriculae
1792 3166 2032 3214 eorum
2063 3145 2199 3214 fere
2231 3147 2515 3213 veniunt
2559 3144 2645 3214 ad

1088 3258 1359 3320 terram.
1415 3251 1498 3319 Et
1553 3254 1728 3320 tauri
1785 3252 1967 3322 illius
2034 3254 2336 3345 regionis
2394 3253 2645 3324 habent

1084 3356 1260 3447 pilos
1290 3380 1495 3449 super
1522 3358 1823 3449 spatulas
1855 3359 2030 3428 sicut
2052 3360 2321 3437 cameli,
2365 3370 2432 3428 et
2480 3370 2645 3429 ton-

1086 3463 1330 3533 dentur
1366 3467 1539 3534 sicut
1571 3490 1757 3535 oves.
1804 3466 1882 3535 ln
1931 3468 2170 3537 eadem
2211 3468 2437 3537 Nubia
2476 3493 2640 3538 oves

1081 3575 1351 3664 pariunt
1410 3597 1627 3667 agnos
1682 3585 2033 3645 cornutos.
2095 3575 2181 3645 Et
2255 3599 2511 3646 cornua
2569 3579 2638 3646 in

1080 3687 1260 3750 terra
1289 3680 1405 3749 illa
1435 3706 1575 3751 non
1606 3681 1864 3752 habent
1893 3689 2164 3753 tantum
2203 3683 2474 3765 arietes,
2516 3685 2634 3753 sed

1078 3788 1283 3856 etiam
1311 3809 1477 3857 oves
1497 3788 1817 3869 smminae,
1840 3788 2017 3857 sicut
2055 3788 2223 3858 dixit
2265 3785 2629 3859 Homerus,

1078 3893 1155 3962 In
1220 3903 1396 3965 terra
1479 3905 1711 3966 autem
1785 3897 2275 3988 septentrionis
2331 3898 2401 3965 in
2458 3907 2635 3967 terra

1076 4006 1349 4094 Koycor
1395 4005 1634 4074 accidit
1701 4007 2124 4076 contrarium
2182 4003 2413 4097 hujus,
2457 4031 2636 4098 quo-

1075 4114 1259 4181 niam
1300 4114 1391 4183 ibi
1435 4138 1654 4208 neque
1685 4139 1834 4184 mas
1864 4138 2088 4208 neque
2128 4114 2402 4185 l'oemina
2429 4115 2627 4185 habet

1076 4244 1356 4289 cornua.

1160 4329 1402 4400 Adhuc
1438 4339 1667 4400 autem
1707 4332 1776 4401 in
1816 4329 2124 4426 JEgypto
2155 4341 2310 4401 sunt
2363 4334 2631 4402 anima-

1072 4436 1161 4508 lia
1198 4439 1394 4509 valde
1435 4464 1711 4534 magna,
1757 4441 1932 4510 sicut
1963 4444 2173 4521 tauri,
2209 4450 2276 4511 et
2314 4466 2479 4512 oves
2514 4467 2531 4512 ε
2562 4453 2626 4514 et

1071 4548 1384 4639 quaedam
1415 4569 1650 4639 parva,
1682 4548 1859 4617 sicut
1877 4569 2106 4627 canes,
2140 4555 2206 4615 et
2235 4547 2405 4638 lupi,
2439 4559 2505 4617 et
2534 4547 2630 4619 le-

1069 4675 1291 4747 pores,
1333 4661 1400 4724 et
1455 4655 1719 4748 vulpes,
1765 4664 1833 4724 et
1875 4654 2089 4733 corvi,
2129 4660 2198 4724 et
2247 4653 2620 4747 accipitres.

1071 4758 1150 4829 Et
1181 4761 1426 4831 dicitur
1452 4785 1656 4832 causa
1693 4760 1900 4852 hujus
1929 4783 2076 4831 esse
2103 4761 2299 4830 cibus
2328 4764 2625 4855 regionis

1067 4865 1271 4934 illius.
1317 4866 1645 4949 Qua-,dam
1677 4870 1860 4937 enim
1920 4868 2245 4939 animalia
2295 4870 2364 4940 in
2402 4869 2625 4962 ,Egy-

1066 4983 1184 5066 pto
1239 4976 1533 5046 multum
1580 4977 1811 5047 cibum
1876 4977 2155 5057 hahent,
2204 4986 2272 5047 et
2311 4979 2622 5071 quaedam

1066 5084 1440 5167 modicum,
1475 5084 1650 5155 sicut
1678 5085 1848 5178 lupi,
1883 5094 1948 5157 et
1987 5087 2343 5179 accipitres
2378 5111 2393 5157 :
2426 5089 2621 5157 cibus

1064 5191 1249 5260 enim
1289 5192 1606 5262 animalis
1634 5192 2057 5264 comedentis
2086 5216 2363 5264 carnem
2394 5205 2495 5264 est
2527 5196 2618 5263 ibi

1063 5322 1342 5389 panc-ns.
1372 5304 1698 5392 quoniam
1730 5326 1957 5393 parvm
2018 5328 2175 5371 aves
2225 5312 2380 5371 sunt
2424 5304 2511 5370 ibi
2555 5314 2613 5371 et

922 5448 948 5470 .
1062 5412 1255 5477 sicca·
1296 5422 1363 5479 et
1428 5434 1672 5502 parum
1718 5413 2119 5482 nutrientes.
2173 5412 2259 5481 Et
2305 5412 2620 5482 similiter

1061 5524 1161 5585 est
1190 5517 1273 5586 de
1302 5542 1503 5588 carne
1532 5519 1667 5589 alia
1695 5543 1848 5612 qum
1883 5519 2086 5589 estin
2126 5517 2433 5614 sssgypto
2481 5522 2620 5592 ani·

1064 5623 1347 5695 malium
1389 5649 1542 5719 quae
1600 5629 1839 5699 venari
1894 5636 2186 5720 possunt
2226 5652 2267 5698 a
2297 5628 2478 5722 lupis
2507 5629 2617 5701 vel

1060 5734 1364 5804 canibus.
1424 5734 1703 5806 Animal
1754 5745 1985 5808 autem
2041 5760 2181 5807 non
2247 5739 2616 5809 comedens

1061 5864 1362 5927 carnem,
1394 5844 1733 5938 praecipue
1763 5844 2244 5929 domesticum,
2279 5844 2482 5917 habet
2503 5825 2612 5917 'ibi

2773 1962 2839 2021 et
2880 1956 2949 2021 in
3005 1954 3299 2048 lx'aleyta
3356 1967 3426 2025 et
3481 1958 3552 2024 in
3615 1956 3940 2041 Scenoki,
3983 1980 4138 2048 quae
4175 1964 4334 2027 sunt

2770 2065 2921 2133 loca
2960 2067 3186 2134 vicina
3253 2066 3773 2158 septentrionali
3834 2066 4020 2158 pole,
4055 2077 4330 2159 propter

2769 2175 3151 2242 maximum
3183 2176 3398 2267 frigus
3430 2198 3667 2244 eorum
3701 2198 3839 2242 non
3887 2176 4331 2244 inveniuntur

2767 2282 2835 2348 in
2867 2283 2964 2350 eis
3004 2307 3163 2351 aves
3220 2307 3448 2375 parvae
3497 2285 3828 2352 omnino:
3872 2284 3942 2350 in
4002 2285 4320 2352 omnihus

2764 2391 2947 2458 enim
2979 2389 3083 2458 his
3125 2391 3292 2460 locis
3333 2401 3602 2483 tempus
3670 2390 3963 2459 hiemale
3996 2400 4094 2460 est
4123 2391 4322 2461 valde

2764 2494 2962 2563 forle.

2849 2600 3095 2671 Adhuc
3124 2612 3354 2671 autem
3394 2603 3463 2669 in
3522 2609 3697 2671 terra
3738 2602 4003 2671 Arabiae
4053 2602 4314 2694 species

2759 2706 3025 2776 lacertae
3058 2733 3313 2799 parvm,
3361 2732 3513 2800 quae
3555 2710 3732 2800 apud
3784 2733 3909 2780 nos
3951 2718 4051 2778 est
4090 2732 4316 2801 quan-

2760 2816 2968 2885 titatis
3000 2818 3144 2885 sive
3164 2816 3612 2909 longitudinis
3642 2816 3880 2909 palmi,
3922 2827 3987 2886 et
4015 2819 4318 2886 accibras

2756 2928 3028 3015 proprie
3059 2934 3366 3002 vacatur,
3423 2926 3766 2993 invenitur
3793 2926 3860 2993 in
3892 2926 4316 3017 longitudine

2756 3033 2960 3100 cubiti
3008 3055 3023 3100 :
3062 3042 3123 3101 et
3159 3034 3425 3102 lacerta·
3495 3036 3865 3124 provinciae
3909 3058 4146 3102 versus
4189 3032 4316 3101 lli-

2755 3140 3063 3233 spaniam
3116 3149 3276 3208 sunt
3304 3139 3545 3209 breves
3586 3148 3647 3208 et
3690 3164 3956 3234 magna*
3997 3140 4192 3210 valde
4250 3148 4318 3210 et

2755 3245 3094 3315 malorum
3137 3271 3437 3327 morum,
3507 3248 3874 3340 aliquando
3936 3248 4308 3318 insilientes

2753 3354 2818 3419 in
2861 3354 3065 3422 facies
3105 3353 3492 3424 hominnm.
3538 3354 3621 3424 Et
3660 3355 3727 3422 in
3778 3363 3953 3424 terra
3985 3357 4112 3423 ista
4148 3366 4308 3424 sunt

2749 3484 2978 3529 mures
3007 3462 3204 3529 valde
3239 3466 3498 3554 magni,
3543 3465 3635 3531 ita
3692 3465 3875 3555 quod
3932 3465 4306 3532 anteriores

2745 3570 2953 3659 pedes
2982 3571 3130 3660 ejus
3167 3571 3490 3640 videntur
3516 3571 3886 3663 aliquando
3917 3595 4061 3641 esse
4102 3575 4305 3641 unius

2744 3675 2980 3765 palmi,
3014 3685 3082 3747 et
3110 3678 3521 3768 posteriores
3552 3678 3721 3747 forte
3779 3676 4032 3747 hahent
4077 3679 4308 3770 longi-

2746 3783 3050 3853 tudinem
3118 3786 3340 3878 digiti,
3430 3787 3756 3879 quoniam
3834 3810 3987 3856 mus
4053 3788 4302 3857 incedit

2744 3894 2935 3983 quasi
2979 3917 3183 3987 snper
3211 3903 3433 3964 totum
3466 3919 3621 3965 crus
3650 3897 4009 3987 posterius.

2832 4010 3075 4080 Adhuc
3105 4021 3336 4080 autem
3386 4013 3456 4080 in
3517 4013 3729 4104 Lybia
3797 4015 4137 4081 invenitur
4173 4038 4297 4106 ge-

2742 4139 2871 4184 nus
2899 4122 3319 4211 serpentium
3355 4121 3539 4212 quod
3578 4120 3890 4213 aplalom
3933 4122 4149 4189 Groeci
4193 4146 4299 4189 sa·

2740 4226 3002 4316 pientes
3030 4227 3373 4306 dixerunt,
3410 4252 3492 4297 eo
3532 4227 3715 4320 quod
3748 4239 3850 4298 est
3880 4230 4024 4297 sine
4056 4224 4293 4298 latitu-

2739 4332 2895 4400 ‹line
2936 4337 3449 4425 proportionata
3492 4334 3898 4426 longitudini
3933 4337 4186 4427 ipsius:
4231 4344 4298 4405 et

2738 4441 3055 4510 dixerunt
3095 4443 3374 4534 quidam
3416 4469 3486 4513 se
3517 4443 3792 4522 vidisse,
3829 4444 4012 4533 quod
4045 4446 4112 4511 in
4143 4465 4298 4512 ma—

2739 4551 2792 4617 ri
2833 4551 3186 4618 civitatum
3247 4550 3478 4641 Lybia-
3536 4551 3851 4618 viderunt
3891 4574 4045 4619 ossa
4083 4550 4289 4630 tauri,

2737 4675 2890 4745 quze
2923 4654 3365 4724 comederunt
3394 4665 3741 4745 serpentes
3772 4654 3954 4724 dicti.

2823 4762 3067 4831 Adhuc
3124 4770 3354 4831 antem
3414 4765 3483 4831 in
3534 4772 3710 4831 terra
3777 4763 4019 4856 (lriky,
4083 4786 4289 4855 quam

2740 4874 3234 4940 (bracenarum
3296 4879 3496 4939 vocat
3553 4871 3926 4949 Avieenna‚
3962 4881 4118 4938 sunt
4152 4872 4290 4961 lupi

2735 4981 2929 5051 multi
2996 4989 3062 5049 et
3129 4981 3441 5061 maximi,
3505 4982 3955 5072 quantitatem
4013 4978 4292 5047 leonum

2732 5092 3085 5173 habentes,
3119 5100 3187 5161 et
3224 5094 3526 5160 maxime
3565 5092 3633 5158 in
3663 5088 3830 5158 loeis
3887 5090 4002 5181 qui
4063 5087 4297 5157 dicun.

2730 5208 2843 5269 tur
2871 5199 3172 5278 Ostrom,
3203 5196 3515 5278 Achab0‚
3541 5195 3927 5289 Ornykom.

2820 5305 3059 5373 Adlmo
3125 5315 3349 5372 ana-m
3423 5303 3726 5396 leopardi
3792 5302 3985 5371 multi
4032 5310 4185 5369 snnt
4224 5302 4290 5370 in

2732 5412 2917 5491 Asia,
2949 5421 3016 5481 et
3061 5436 3200 5481 non
3240 5419 3403 5481 sunt
3460 5413 3530 5479 in
3589 5409 3888 5500 Europa,
3931 5420 3997 5479 et
4060 5417 4291 5477 tamen

2730 5518 3206 5589 universaliter
3280 5518 3516 5588 omnia
3595 5516 3920 5587 animalia
3995 5515 4292 5607 agrestia

2730 5635 2890 5697 sunt
2927 5629 2997 5698 in
3040 5626 3316 5719 Europa
3355 5625 3577 5719 magis
3604 5624 3944 5694 silvestria
3974 5630 4040 5693 et
4070 5623 4292 5714 magis

2732 5736 2932 5805 fortia
2973 5759 3182 5828 quam
3222 5735 3384 5819 alia,
3424 5742 3705 5828 propter
3735 5735 4015 5827 spiritus
4043 5740 4112 5801 et
4141 5751 4296 5797 san·

2728 5845 3034 5938 guinem,
3069 5867 3226 5937 quae
3258 5843 3802 5936 multiplicantur
3831 5845 3901 5910 in
3931 5843 4029 5911 cis
4057 5861 4143 5908 ax
4169 5835 4293 5906 ha·
