4919 6371
571 364 698 431 574

568 536 762 602 lirum
795 540 893 598 est
912 530 1285 598 necessario
1321 538 1595 620 propter
1626 555 1729 599 rcs
1763 533 1919 599 istas
1943 553 2111 622 quas

563 641 881 716 diximus,
926 660 1073 728 quae
1114 646 1273 705 sunt
1319 637 1540 707 forma
1588 649 1654 708 et
1693 641 1847 707 linis
1883 663 1896 706 :
1938 647 2004 706 et
2043 639 2110 704 id

564 748 745 839 quod
792 770 1112 815 vocamus
1160 751 1619 818 necessitatem
1672 753 1741 817 in
1781 748 2102 840 physicis,

566 852 855 919 ostendit
895 861 958 919 et
996 854 1356 945 significat,
1401 856 1583 944 quod
1615 854 1745 923 hoc
1794 853 1976 944 quod
2006 858 2107 917 est

562 962 631 1028 in
697 961 992 1052 physicis
1056 986 1196 1031 non
1236 971 1337 1032 est
1403 965 1532 1032 nisi
1570 971 1846 1054 propter
1885 959 2045 1051 quid
2081 980 2098 1024 ε

562 1069 718 1159 quia
740 1069 934 1138 aliter
964 1069 1221 1138 nullam
1253 1073 1535 1139 omnino
1568 1068 1845 1135 haberet
1875 1089 2104 1133 neces-

559 1180 846 1250 sitatem.
894 1181 1063 1250 illud
1109 1182 1314 1271 igitur
1352 1187 1625 1271 propter
1655 1177 1837 1268 quod
1867 1178 1993 1244 erit
2034 1176 2101 1243 id

559 1287 738 1379 quod
798 1289 870 1356 tit
923 1290 993 1355 in
1048 1287 1370 1377 physicis,
1407 1293 1507 1353 est
1537 1285 1855 1352 ultimum
1905 1308 2101 1352 com-

557 1394 974 1485 plementum
1014 1401 1081 1460 et
1120 1392 1296 1459 nnis.

639 1500 786 1568 Hoc
841 1500 1048 1588 igitur
1112 1499 1319 1567 modo
1385 1499 1670 1568 dicendo
1711 1502 2094 1568 necessario

553 1615 749 1675 erunt
793 1607 933 1674 istae
978 1630 1080 1675 res
1119 1607 1462 1675 naturales
1502 1608 1677 1677 sicut
1703 1617 1862 1676 sunt
1900 1610 1970 1675 in
2011 1610 2095 1675 n-

552 1716 736 1806 guris
791 1718 929 1782 suis
985 1724 1049 1783 et
1089 1717 1438 1784 materiis:
1503 1725 1567 1785 et
1613 1724 1879 1807 oportet
1909 1717 2094 1807 quod

550 1823 682 1889 sint
719 1822 1085 1890 secundum
1156 1821 1341 1890 illam
1398 1824 1708 1892 ultimam
1776 1831 2089 1891 naturam

547 1929 817 1998 finalem
848 1939 913 1998 et
969 1930 1322 1999 formalem
1382 1954 1517 2022 qua
1565 1940 1900 1999 naturatae.
1932 1939 2090 1999 sunt

544 2047 619 2106 ut
639 2041 772 2107 sint
811 2040 977 2107 tales
1012 2063 1025 2106 ε
1080 2040 1299 2109 forma
1330 2042 1516 2107 enim
1566 2049 1837 2109 naturat
1885 2064 2089 2109 omno

547 2149 728 2239 quod
773 2156 1128 2217 natm-atur
1201 2150 1270 2217 in
1326 2150 1626 2242 physicis
1682 2174 1698 2219 ε
1761 2154 2086 2243 quoniam

542 2258 757 2324 forma
787 2266 851 2326 et
891 2266 1077 2326 actus
1125 2281 1280 2349 quae
1326 2259 1569 2328 ultimo
1616 2260 2080 2340 intenduntur,

540 2366 795 2456 priores
832 2374 986 2434 sunt
1016 2369 1315 2458 potentia
1345 2372 1643 2438 materiae
1684 2391 1820 2437 non
1861 2370 2084 2438 solum

544 2474 799 2543 ratione
840 2485 903 2542 et
970 2474 1368 2555 substantia,
1413 2476 1531 2545 sed
1570 2478 1775 2545 ctiam
1814 2486 2088 2570 tempo-

540 2604 635 2660 re,
668 2583 836 2650 sicut
866 2581 1257 2674 praedictum
1297 2593 1399 2653 est
1441 2607 1456 2652 ε
1496 2593 1558 2653 et
1609 2586 1725 2654 illo
1766 2588 2087 2679 supposi-

539 2699 607 2759 to
633 2693 1025 2760 necessitate
1066 2694 1579 2783 suppositionis,
1624 2698 1750 2764 erit
1782 2719 2086 2764 necessa·

1563 354 1646 422 D.
1702 353 1898 421 ALB.
1954 349 2171 419 MAG.
2227 349 2432 419 ORD.
2491 353 2786 421 PRAED.

2223 527 2400 594 rium
2440 550 2645 596 omne
2677 526 2860 619 quod
2904 534 3003 594 est
3038 527 3102 591 in
3148 522 3470 614 physicis.
3511 521 3622 589 Sic
3664 546 3779 589 er-

2221 659 2307 725 go
2337 638 2718 705 necessario
2744 638 2811 705 in
2835 659 2981 705 esse
3014 631 3467 727 quorumdam
3510 633 3774 700 unium-

2217 743 2383 810 lium
2419 746 2696 812 intrabit
2725 746 2932 825 calor,
2961 755 3024 813 et
3055 743 3286 819 exibit,
3326 750 3390 809 et
3448 742 3770 809 introitus

2217 872 2353 917 non
2376 854 2504 919 erit
2553 855 2905 942 oppositus
2972 854 3054 919 ad
3102 855 3362 920 exitum
3416 854 3771 943 supposita

2213 957 2434 1025 forma
2463 959 2705 1027 ultima
2726 982 2874 1051 quae
2904 959 3110 1027 talem
3142 961 3498 1029 introitum
3531 968 3598 1027 et
3624 960 3766 1027 exi-

2210 1073 2358 1135 tum
2390 1069 2601 1159 exigit
2645 1076 2761 1136 :ct
2809 1068 3182 1137 secundum
3250 1067 3433 1136 hunc
3482 1068 3767 1136 modum

2209 1180 2322 1245 via
2360 1180 2535 1247 aeris
2575 1188 2639 1247 et
2680 1180 2994 1248 introitus
3045 1179 3190 1268 ejus
3222 1178 3305 1243 ad
3374 1178 3656 1244 interius
3698 1178 3768 1245 in

2209 1285 2586 1354 anhelitum
2601 1288 3051 1380 quorumdam
3067 1285 3489 1363 animalium,
3509 1284 3767 1374 indiget

2208 1396 2443 1463 eade-m
2484 1400 2906 1475 necessitato,
2950 1419 3030 1464 eo
3064 1396 3245 1486 quod
3288 1397 3545 1485 quietat
3575 1393 3766 1462 calo-

2207 1525 2348 1571 rem
2391 1504 2507 1594 qui
2541 1512 2640 1571 est
2705 1505 2771 1571 in
2815 1504 3115 1570 interiori
3159 1501 3383 1568 cordis
3418 1523 3434 1568 ε
3499 1509 3565 1568 et
3597 1501 3750 1569 ideo

2203 1610 2464 1701 indiget
2502 1610 2684 1702 quod
2724 1634 2838 1678 aer
2886 1610 2999 1700 qui
3043 1609 3246 1675 intrat
3293 1617 3357 1674 et
3398 1607 3758 1676 calefactus

2203 1727 2329 1798 est,
2363 1728 2584 1798 excat,
2616 1727 2676 1787 et
2717 1720 2898 1811 quod
2969 1720 3257 1786 introcat
3308 1740 3423 1783 aer
3470 1716 3755 1806 frigidus

2204 1828 2318 1918 qui
2349 1837 2451 1896 ost
2480 1837 2694 1906 extra,
2731 1830 2888 1919 quia
2918 1827 3114 1895 aliter
3168 1825 3418 1894 animal
3455 1828 3522 1893 in
3562 1848 3759 1894 com-

2200 1934 2547 2023 plemento
2578 1935 2682 2002 sui
2715 1958 2858 2003 esse
2901 1958 3038 2001 non
3068 1933 3390 2001 salvatur.

2290 2041 2438 2109 lloc
2478 2042 2685 2132 igitur
2708 2051 2803 2109 est
2838 2042 3185 2133 ingenium
3220 2063 3505 2108 summm
3536 2050 3602 2108 et
3633 2062 3753 2108 ca·-

2199 2148 2510 2238 pitularis
2549 2149 2958 2239 cognitionis
2991 2171 3213 2215 rerum
3270 2146 3686 2215 naturalium
3727 2168 3746 2215 τ

2200 2264 2264 2323 et
2294 2257 2668 2325 secundum
2701 2256 2828 2325 hoc
2877 2257 3101 2324 iicebit
3148 2257 3449 2346 accipere
3513 2278 3751 2325 causas

2198 2387 2438 2435 omnes
2481 2368 2574 2435 rei
2608 2367 2956 2443 naturalis,
3002 2368 3273 2457 quando
3332 2366 3589 2456 aliquid
3622 2389 3752 2432 na-

2197 2474 2522 2543 turalium
2554 2476 2980 2566 acquisiverit
3008 2483 3444 2565 pernaturam
3468 2473 3752 2565 aliquid,

2198 2583 2381 2673 quod
2404 2584 2489 2651 ad
2508 2583 3082 2674 complementum
3129 2591 3228 2651 est
3264 2582 3751 2650 necessarium.
