4919 6371
529 409 659 475 440
1521 401 1605 466 D.
1660 399 1862 468 ALB.
1915 401 2108 468 MAG

533 578 707 644 bene
734 572 1111 661 infiguntur
1147 571 1216 635 in
1257 570 1462 659 lignis
1503 569 1851 648 arborum,
1890 582 1951 639 et
1986 582 2089 640 te-

534 690 700 750 nent
727 700 923 745 avem
963 678 1401 745 scandentem
1434 677 1618 770 ligna
1634 688 1859 749 erecta
1885 704 1899 747 :
1928 705 2095 772 pro-

535 794 685 878 pter
704 782 885 874 quod
916 785 1119 851 etiam
1143 783 1833 876 aliquando'suhtiles
1865 811 2092 856 ramos

539 900 605 961 et
659 890 939 958 cortices
995 890 1319 959 arborum
1376 893 1724 984 perforant
1775 918 1931 961 cum
1962 918 2098 962 un-

544 997 792 1089 guibus
820 999 983 1066 suis.

624 1104 975 1181 Invenitur
995 1113 1222 1172 autem
1250 1128 1465 1171 unum
1489 1127 1708 1194 genus
1733 1104 1921 1171 durae
1955 1107 2098 1172 sive

536 1215 697 1304 pici,
777 1213 961 1305 quod
1032 1221 1317 1279 vocatur
1392 1211 1729 1277 kodurom
1838 1211 2093 1295 Graece,

540 1321 723 1413 quod
753 1320 1028 1412 quidam
1066 1326 1317 1386 vocant
1354 1317 1727 1406 hasralteos
1774 1318 2094 1398 ciboletlz,

542 1426 668 1496 sub
700 1447 835 1515 quo
864 1426 1067 1492 etiam
1107 1421 1711 1513 comprehenditur
1748 1424 1936 1492 aliud
1973 1447 2099 1516 ge-

493 1593 504 1602 .
541 1557 671 1601 nus
702 1532 886 1624 quod
921 1539 1205 1599 vocatur
1234 1532 1503 1611 rubam,
1567 1534 1753 1624 quod
1807 1533 2101 1601 visibili-

540 1650 642 1709 ter
678 1640 977 1731 perforat
1003 1639 1232 1730 ligna:
1270 1649 1338 1708 et
1374 1639 1525 1709 haec
1552 1649 1718 1708 sunt
1749 1642 1934 1733 apud
1973 1665 2099 1710 nos

542 1750 673 1816 tria
708 1769 960 1838 genera
986 1747 1297 1837 picorum
1325 1750 1678 1816 variorum
1725 1749 1991 1838 majora
2034 1757 2100 1817 et

545 1854 834 1932 minora,
885 1862 954 1922 et
1015 1852 1198 1920 aliud
1235 1877 1454 1944 genus
1493 1856 1627 1945 pici
1684 1857 1906 1944 majus
1940 1858 2092 1934 isto,

543 1960 728 2051 quod
766 1959 947 2051 apud
983 1982 1109 2027 nos
1138 1958 1359 2027 motol
1393 1968 1701 2038 vocatur,
1737 1970 1803 2028 et
1833 1959 1965 2029 hoc
1997 1963 2099 2030 ef-

541 2065 814 2133 ticacius
843 2072 946 2133 est
972 2065 1039 2131 in
1069 2064 1504 2153 perforand0,
1534 2066 1727 2154 cujus
1766 2068 2097 2157 garritum

539 2181 606 2241 et
631 2172 939 2240 volatum
989 2171 1354 2240 observant
1398 2194 1715 2263 augures.
1793 2174 2097 2243 Tertium

537 2287 767 2348 autem
807 2287 908 2346 est
946 2279 1124 2370 apud
1155 2302 1282 2348 nos
1304 2281 1579 2371 nigrum
1611 2282 1834 2371 majus
1866 2283 2099 2350 omni-

535 2384 663 2452 bus
728 2386 1091 2476 praedietiS‚
1155 2394 1221 2454 et
1287 2395 1392 2455 est
1449 2387 1800 2456 modicum
1870 2392 2097 2457 minus

539 2517 746 2586 quam
786 2495 1062 2585 gallina,
1092 2505 1158 2565 et
1187 2495 1321 2565 hoc
1342 2519 1614 2587 semper
1643 2499 1949 2568 nidificat
1975 2524 2098 2569 su-

538 2624 661 2692 per
698 2603 999 2683 arbore5‚
1036 2610 1102 2672 et
1161 2605 1501 2695 praecipue
1530 2630 1738 2699 super
1778 2609 1995 2676 olivas
2029 2613 2097 2678 in

543 2711 738 2777 terris
767 2710 884 2777 uhi
913 2719 1224 2779 crescunt
1254 2711 1476 2780 olivae.
1515 2712 1592 2780 In
1625 2716 1821 2782 terris
1861 2725 2092 2785 autem

537 2817 788 2884 nostris
851 2817 1083 2884 omnia
1145 2816 1296 2886 haec
1351 2841 1603 2910 genera
1644 2820 1994 2890 nidificant
2028 2823 2097 2890 in

533 2921 857 2989 arborum
884 2924 1446 3004 concavitatibuS,
1491 2935 1558 2993 et
1594 2928 1788 3016 picus
1819 2929 2094 3020 quidem

530 3030 756 3096 omnis
785 3031 964 3120 capit
992 3030 1311 3100 formicas
1352 3039 1421 3099 et
1448 3055 1721 3104 vermes
1762 3037 1880 3127 qui
1938 3046 2095 3105 sunt

533 3138 604 3206 in
635 3137 841 3230 lignis
879 3147 944 3208 et
974 3141 1338 3209 corticibus
1371 3141 1724 3224 arborum,
1769 3153 1839 3214 et
1869 3147 1938 3213 in
1976 3169 2096 3214 ca-

530 3246 784 3336 piendo
803 3245 1100 3337 perforat
1140 3248 1422 3318 arbores
1451 3250 1739 3331 fortiter,
1784 3254 1877 3320 ita
1909 3255 2096 3345 quod

532 3353 828 3422 exsiccat
884 3377 1111 3423 ramos
1170 3379 1410 3425 earum
1458 3359 1530 3425 in
1573 3368 1871 3439 tantum,
1907 3362 2091 3453 quod

536 3462 887 3531 Avicenna
949 3464 1134 3543 dicit,
1187 3467 1372 3558 quod
1455 3470 1648 3558 picus
1704 3471 1901 3561 niger
1963 3470 2095 3538 ali-

540 3571 813 3661 quando
870 3571 953 3639 ad
1009 3594 1222 3640 unum
1255 3576 1466 3642 ictum
1499 3577 1793 3645 exsiccat
1823 3600 2091 3647 ramum

541 3678 845 3749 arboris:
891 3687 1157 3748 tantum
1208 3682 1392 3750 enim
1450 3683 1722 3753 duritiei
1762 3683 1964 3754 babet
2024 3689 2091 3756 in

540 3794 785 3864 rostro,
816 3787 999 3878 quod
1027 3810 1273 3857 nucem
1303 3789 1629 3881 amigdali
1685 3794 1978 3883 positam
2020 3795 2090 3862 in

535 3892 868 3961 foramine
896 3892 1158 3962 arboris
1188 3896 1513 3988 perforat,
1547 3920 1705 3966 eum
1737 3901 1825 3968 sit
1861 3901 2091 3969 duris-

535 4000 733 4079 sima,
776 4009 842 4070 et
869 4001 1163 4071 eomedit
1183 4003 1501 4072 nucleum
1530 4027 1547 4073 :
1582 4014 1648 4073 et
1679 4005 1811 4077 hoc
1839 4009 2086 4100 saepius

533 4109 793 4197 experti
828 4130 1063 4177 sumus
1119 4111 1187 4177 in
1225 4111 1547 4200 ponendo
1577 4134 1823 4181 nucem
1862 4115 2090 4205 amig-

530 4212 664 4281 dali
705 4215 776 4280 in
804 4213 1134 4283 foramine
1179 4216 1365 4307 quod
1421 4216 1617 4288 fecit:
1662 4219 1862 4288 rediit
1899 4223 2081 4291 enim

529 4327 598 4387 et
661 4319 1028 4410 perforavit
1082 4345 1234 4391 eam
1310 4324 1511 4392 nobis
1546 4325 1964 4407 videntibus,
2015 4338 2081 4396 et

529 4428 861 4519 confregit
887 4431 1045 4510 cito,
1079 4440 1146 4500 et
1182 4433 1480 4501 comedit
1512 4434 1834 4505 nucleum
1876 4460 1892 4505 ε
1922 4462 2078 4505 cum

528 4545 758 4607 tamen
796 4561 935 4607 non
964 4550 1226 4632 quaerat
1249 4566 1461 4612 nuces
1499 4546 1828 4637 amigdali
1872 4548 1942 4615 in
1979 4550 2082 4617 ci-

522 4641 726 4712 bum:
758 4645 875 4713 sed
913 4669 1068 4714 cum
1117 4648 1496 4719 obstruitur
1543 4651 1854 4724 foramen
1894 4657 2078 4747 quod

522 4753 700 4832 fecit,
734 4753 931 4839 redit,
973 4763 1039 4823 et
1071 4757 1136 4824 in
1168 4757 1491 4828 aviditate
1531 4762 1880 4852 quaerendi
1920 4788 2080 4833 ver-

519 4883 665 4930 mes
706 4862 989 4932 devorat
1035 4864 1357 4935 nucleum
1416 4868 1769 4960 amigdali,
1842 4881 1908 4941 et
1949 4875 2076 4942 sub

517 4969 666 5058 ipso
696 4972 938 5061 quaerit
963 4994 1256 5042 vermes.

2193 400 2399 470 ORD.
2453 402 2752 471 PRAED.

2742 1427 3033 1496 CAPUT
3080 1425 3200 1493 lv,

2204 2187 2307 2252 De
2344 2182 2602 2251 astulia
2646 2182 2879 2248 avium
2927 2198 3343 2267 maynarum
3403 2176 3473 2241 in
3511 2173 3750 2240 ordine

2291 2289 2760 2363 excubiarum,
2808 2296 2872 2353 et
2898 2285 3277 2375 saque-itate
3318 2280 3613 2348 venandi
3648 2280 3752 2345 ci-

2290 2397 2451 2464 bum
2472 2406 2535 2463 et
2554 2395 2855 2485 eliqendi
2883 2393 3109 2461 Iocum
3139 2391 3572 2457 mansionum
3587 2410 3748 2454 sua-

2289 2527 2470 2573 rum.

2292 3352 2407 3418 Est
2448 3360 2674 3419 autem
2717 3346 2939 3416 adhuc
2976 3346 3164 3414 aliud
3203 3348 3272 3413 in
3320 3366 3455 3436 quo
3500 3343 3747 3433 depre-

2195 3457 2514 3527 henditur
2569 3456 2892 3525 naturalis
2948 3453 3399 3546 quorumdam
3471 3453 3744 3519 anima-

2195 3566 2361 3635 lium
2402 3567 2670 3635 astutia.
2705 3564 2922 3631 Grues
2951 3564 3134 3631 enim
3163 3560 3462 3654 quodam
3488 3581 3737 3651 genere

2195 3675 2712 3743 ordinatissimoe
2773 3671 3120 3763 sapientiae
3177 3677 3460 3737 utuntur
3498 3668 3568 3734 in
3605 3689 3737 3734 vo-

2195 3780 2423 3860 lando,
2458 3779 2730 3872 quando
2760 3801 2832 3848 se
2871 3775 3283 3845 transferunt
3320 3775 3401 3843 de
3446 3773 3614 3842 locis
3667 3773 3733 3840 in

2195 3889 2439 3980 quibus
2477 3897 2631 3956 sunt
2661 3887 2867 3979 longo
2895 3884 3129 3954 volatu
3152 3882 3239 3951 ad
3267 3882 3416 3951 loca
3443 3888 3732 3950 remota:

2191 4009 2351 4068 tune
2408 4001 2589 4067 enim
2644 4005 2919 4089 propter
2982 3994 3383 4063 continuum
3421 3990 3729 4060 volatum

2191 4105 2528 4174 lassantur
2564 4104 2854 4172 multum
2899 4111 2968 4172 et
3008 4100 3356 4169 dormiunt
3393 4095 3730 4188 profundo

2188 4234 2457 4291 somne,
2493 4212 2585 4279 ita
2648 4208 2831 4302 quod
2881 4207 2964 4276 de
3016 4204 3196 4274 facili
3235 4204 3382 4295 capi
3423 4210 3726 4294 possent,

2188 4322 2312 4388 nisi
2355 4342 2475 4410 per
2509 4317 2908 4409 sapientiam
2966 4313 3357 4383 ordinarent
3401 4308 3724 4379 excubias

2185 4428 2496 4519 vigilum,
2529 4436 2595 4494 et
2631 4423 2762 4491 alia
2791 4444 2997 4515 opera
3024 4420 3414 4489 ordinarent
3449 4418 3726 4509 sapien-

2187 4544 2309 4601 ter.
2350 4532 2425 4601 ln
2466 4532 2694 4601 volatu
2727 4531 2933 4621 igitur
2960 4526 3331 4597 ascendunt
3367 4524 3724 4602 altissime,

2184 4650 2258 4710 ut
2289 4642 2560 4710 videant
2602 4641 2749 4709 loca
2775 4638 2862 4707 ad
2921 4660 3074 4730 quae
3127 4634 3435 4713 tendunt,
3503 4640 3573 4699 et
3639 4632 3725 4700 ad

2185 4754 2330 4841 ipsa
2366 4750 2658 4841 dirigant
2686 4748 2991 4816 volatum
3030 4746 3177 4813 sine
3205 4764 3431 4812 errore
3462 4750 3527 4810 et
3602 4763 3722 4831 per

2180 4857 2660 4949 compendium
2695 4878 2712 4924 ε
2755 4863 2823 4923 et
2859 4854 2915 4921 si
2946 4852 3222 4921 obviam
3288 4848 3540 4918 babent
3595 4870 3723 4916 ne·-

2178 4965 2372 5033 bulas
2401 4965 2508 5032 vel
2541 4963 2752 5032 nubes
2788 4958 3112 5029 obscuras
3141 4967 3206 5027 et
3259 4956 3526 5049 pluvias
3580 4955 3720 5022 im-

2179 5074 2522 5165 pedientes
2550 5095 2633 5140 ne
2663 5092 2735 5138 se
2784 5068 3073 5136 invicem
3104 5067 3367 5158 possint
3410 5061 3723 5154 adspice-

2176 5206 2272 5267 re,
2306 5181 2672 5251 vociferant
2717 5185 2784 5246 et
2837 5174 3222 5267 percutiunt
3274 5192 3501 5240 aerem
3595 5168 3720 5238 alis

2170 5288 2453 5368 fortiter,
2488 5295 2562 5355 ut
2599 5309 2680 5353 ex
2710 5283 2945 5352 auditu
2973 5304 3111 5349 una
3139 5304 3212 5349 se
3235 5278 3479 5368 dirigat
3506 5277 3591 5346 ad
3613 5276 3720 5345 al-

2170 5406 2381 5465 teram
2425 5418 2442 5463 :
2478 5404 2544 5464 et
2572 5415 2721 5485 quae
2751 5390 2970 5482 magis
2997 5388 3171 5478 regit
3225 5385 3416 5465 alias,
3478 5393 3717 5477 poste-

2109 5534 2120 5545 ·
2166 5503 2373 5572 riorat
2398 5524 2494 5580 se,
2529 5509 2603 5569 ut
2639 5498 2902 5568 facilius
2928 5495 3016 5565 ab
3063 5493 3383 5563 omnibus
3438 5500 3712 5583 postre-

2162 5611 2293 5678 mis
2322 5610 2635 5678 audiatur
2666 5631 2683 5675 :
2716 5614 2783 5674 et
2820 5601 3094 5696 quando
3137 5600 3385 5670 cadunt
3437 5600 3705 5669 lassatae

2159 5724 2662 5807 superterram,
2697 5718 2920 5780 rector
2945 5730 3087 5778 non
3114 5707 3367 5778 dormit
3410 5727 3705 5796 cooper-
