4919 6371
579 408 707 474 280

580 601 727 645 rum
767 575 1036 665 pedum.
1093 571 1443 653 Contingit
1484 574 1712 634 autem
1764 564 2133 654 aliquando

578 682 707 750 hoc
752 678 998 746 animal
1045 678 1495 743 intumescere
1544 695 1700 741 cum
1751 673 2137 762 conceperit

580 810 653 855 ac
683 789 738 852 si
768 786 851 852 sit
891 791 1264 851 saturatum
1303 807 1317 850 ε
1379 783 1586 851 hahet
1642 783 1826 848 enim
1878 780 2135 848 orificia

584 893 888 984 quaedam
931 894 999 959 in
1040 893 1265 962 medio
1298 895 1401 962 sui
1453 891 1784 982 corporis,
1830 912 1954 979 per
1984 911 2134 978 quoe

580 1001 907 1093 corporali
947 1001 1349 1072 humiditate
1380 1001 1760 1093 ingreditur
1800 999 1869 1064 in
1912 1000 2134 1086 ipsum

578 1113 1089 1190 nutrimentum,
1169 1120 1235 1180 et
1292 1117 1583 1178 venatur
1665 1126 1871 1170 omne
1952 1100 2136 1192 quod

577 1221 809 1287 transit
870 1243 988 1310 per
1044 1221 1267 1309 ipsum
1329 1241 1413 1284 ex
1473 1211 1773 1304 piscihus
1833 1212 2056 1298 parvis
2114 1230 2127 1273 ;

580 1339 642 1397 et
669 1329 1002 1419 quoddam
1052 1350 1268 1416 genus
1317 1311 1529 1414 ipsius
1570 1321 1741 1387 adeo
1792 1318 1963 1385 forte
2006 1328 2127 1394 est,

581 1437 759 1527 quod
790 1434 1077 1503 comedit
1111 1433 1453 1509 hiricium‚
1499 1437 1564 1496 et
1604 1435 1907 1495 ostreum
1950 1427 2134 1517 quod

573 1550 801 1631 pecten
843 1545 1123 1605 vocatur
1166 1561 1178 1602 :
1217 1545 1284 1604 et
1311 1536 1463 1603 ideo
1513 1533 1827 1601 homines
1871 1555 2135 1598 venan-

580 1654 688 1713 tur
718 1647 937 1735 ipsum
978 1655 1041 1712 et
1071 1645 1464 1728 comeduut,
1501 1644 1661 1733 quia
1693 1663 1777 1707 ex
1807 1639 1956 1729 ipso
1998 1640 2135 1704 esi-

580 1753 733 1820 bilis
781 1754 852 1821 sit
897 1776 1053 1821 caro
1095 1756 1305 1844 ipsius
1361 1775 1375 1818 ε
1420 1760 1484 1818 et
1535 1748 1689 1814 licet
1736 1744 2135 1813 comedatur

583 1865 749 1930 sicut
779 1861 1028 1929 dictum
1061 1871 1185 1939 est,
1247 1868 1478 1926 tamen
1518 1876 1896 1944 numquam
1941 1854 2134 1919 inve-

586 1971 765 2037 nitur
801 1970 868 2035 iu
933 1991 1213 2059 corpore
1271 1968 1416 2054 ejus
1475 1964 1701 2052 aliqua
1761 1960 2132 2027 humiditas

587 2077 1061 2168 superfluitatis
1110 2075 1396 2161 alicujus
1451 2096 1465 2140 :
1511 2079 1577 2138 et
1635 2070 1764 2135 hoc
1806 2068 1957 2135 ideo
2003 2075 2126 2145 est,

588 2187 746 2276 quia
779 2206 909 2250 uon
942 2181 1144 2250 hahet
1177 2183 1304 2248 nisi
1337 2180 1680 2267 jejunum,
1733 2199 1772 2242 a
1822 2196 1959 2265 quo
2001 2197 2133 2239 nu-

583 2296 968 2360 trimentum
1005 2290 1294 2357 trahitur
1325 2309 1597 2380 purum,
1634 2294 1697 2350 et
1730 2283 1959 2349 statim
1993 2284 2129 2348 exit

581 2407 943 2494 impurum,
981 2411 1045 2469 et
1084 2402 1421 2490 praecipue
1468 2399 1535 2464 in
1570 2397 1812 2462 timore
1854 2393 2127 2484 quando

581 2521 841 2580 tenetur
899 2534 936 2576 a
985 2517 1335 2576 venatore.
1402 2506 1475 2571 ln
1536 2502 1665 2571 hoc
1725 2524 1889 2592 ergo
1947 2500 2130 2591 quod

580 2642 714 2685 nou
762 2615 958 2684 habet
1002 2615 1509 2690 humiditatem,
1556 2609 1972 2677 assimilatur
2020 2632 2132 2676 ar-

579 2726 856 2791 boribus
886 2725 947 2790 iu
982 2724 1228 2813 quihus
1269 2721 1434 2788 nihil
1468 2728 1566 2788 est
1607 2718 1965 2808 superfluae
1998 2716 2134 2783 hu-

583 2832 899 2899 miditatis
948 2828 1348 2917 rejiciendae,
1412 2837 1476 2894 et
1534 2826 1700 2892 lorte
1750 2846 1887 2890 nun
1930 2822 2129 2891 habet

590 2939 976 3005 intestinum
1044 2935 1347 3026 aliquod,
1418 2933 1534 2999 sed
1582 2939 1838 2998 tractus
1911 2932 2133 2996 nutri-

588 3046 791 3111 menti
825 3045 967 3130 ejus
1009 3051 1106 3109 est
1158 3063 1368 3131 purus
1414 3040 1586 3107 sicut
1617 3038 1866 3129 planta?
1912 3061 1951 3104 a
1994 3062 2130 3128 quo

585 3152 747 3222 nihil
779 3161 876 3220 est
914 3149 1379 3239 rejiciendum.

671 3260 744 3326 ln
767 3258 889 3326 hnc
923 3266 1148 3324 autem
1180 3279 1428 3346 genere
1458 3251 1777 3320 animalis
1806 3261 1962 3319 sunt
1993 3251 2130 3319 duo

581 3370 761 3436 modi
799 3392 813 3435 :
867 3375 928 3433 et
968 3389 1145 3432 unus
1185 3364 1460 3455 quidem
1501 3371 1601 3429 est
1643 3361 1832 3450 parvi
1884 3384 2133 3452 corpo-

580 3478 693 3558 ris,
736 3486 795 3541 et
838 3474 946 3540 ille
1002 3481 1102 3539 est
1151 3471 1427 3538 esibilis.
1490 3467 1687 3535 Alius
1742 3475 1970 3535 autem
2032 3477 2128 3534 est

579 3582 805 3671 magni
854 3587 918 3647 et
955 3578 1103 3645 duri
1154 3578 1484 3666 eorporis,
1545 3583 1611 3642 et
1669 3575 2017 3642 invenitur
2062 3574 2127 3641 in

586 3692 855 3779 regione
887 3688 1144 3754 llelsim
1174 3695 1443 3763 vocata,
1487 3706 1641 3776 qua·
1672 3704 1712 3748 a
1751 3681 1952 3749 nobis
1984 3682 2134 3749 Del·

581 3798 775 3889 phica
825 3794 1041 3862 insula
1087 3802 1371 3861 vocatur
1427 3814 1441 3858 :
1487 3800 1549 3857 et
1607 3812 1767 3858 caro
1806 3787 2013 3877 hujus
2062 3790 2130 3856 in

584 3904 824 3996 hyeme
876 3901 1151 3994 quidem
1182 3900 1351 3968 dura
1389 3908 1516 3977 est,
1560 3907 1622 3964 et
1666 3905 1831 3965 tuuc
1869 3899 2134 3988 capitur

580 4038 616 4079 a
648 4009 1111 4102 piscatoribus,
1155 4018 1219 4075 et
1250 4005 1655 4078 cnunc-ditur,
1699 4014 1766 4071 et
1802 4005 1871 4072 in
1901 4014 2131 4073 {estate

581 4128 679 4186 est
708 4118 946 4184 similis
972 4117 1155 4183 carni
1188 4114 1500 4206 putricloe,
1536 4122 1602 4180 et
1633 4121 1793 4179 tuuc
1826 4135 1947 4201 per
1978 4135 2136 4179 om-

583 4248 735 4293 nem
790 4233 1040 4291 tactum
1095 4221 1465 4311 dissipatur
1517 4227 1584 4287 et
1654 4219 2011 4286 marcescit
2064 4219 2134 4286 in

581 4332 772 4400 mari.
820 4328 1146 4397 Similiter
1182 4337 1410 4396 autem
1460 4329 1636 4396 intra
1677 4326 1935 4416 lapides
1979 4326 2141 4417 qui-

584 4442 706 4507 lius
738 4440 1023 4505 nullm-ret
1071 4449 1309 4515 tartus,
1353 4437 1700 4529 propriam
1740 4435 1992 4503 annuit
2022 4458 2135 4525 pn·

584 4558 922 4617 sitium-m.

673 4659 786 4725 Sic
832 4657 1036 4745 igitur
1072 4658 1219 4745 jam
1266 4657 1697 4723 narravimus
1737 4652 2137 4744 dispositio·

582 4788 736 4833 nem
783 4762 1136 4841 malachie,
1194 4772 1259 4830 et
1300 4761 1526 4830 mollis
1568 4767 1787 4833 testae,
1841 4769 1903 4827 et
1953 4760 2137 4829 dura>

584 4882 796 4948 testae,
837 4882 900 4937 et
930 4872 1156 4939 urticae
1190 4873 1420 4947 nitaris,
1458 4878 1525 4936 et
1556 4867 1865 4935 membra
1898 4892 2136 4937 eorum

583 4980 874 5045 diximus
907 4986 1046 5045 tam
1079 4977 1342 5046 occulta
1373 4999 1583 5068 qumn
1624 4974 2009 5043 manifesta.

666 5194 943 5282 Oportet
972 5201 1199 5260 autem
1245 5192 1442 5268 scire,
1486 5188 1672 5280 quod
1719 5188 1955 5255 omnia
1996 5185 2139 5256 lure

582 5301 824 5368 hahent
856 5300 1085 5389 aliquo
1115 5299 1323 5368 modo
1356 5307 1599 5367 testam
1650 5306 1770 5366 aut
1806 5297 1983 5365 intra
2021 5304 2141 5365 aut

582 5417 792 5485 extra,
843 5415 956 5475 aut
996 5408 1251 5499 aliquid
1298 5407 1860 5500 appropinquans
1898 5406 1983 5473 ad
2031 5414 2138 5475 te-

584 5526 782 5591 stam,
824 5514 993 5581 sicut
1040 5524 1140 5582 est
1185 5516 1448 5583 corium
1497 5512 1773 5591 «lurum,
1825 5520 1940 5579 aut
1980 5536 2137 5579 earo

587 5624 756 5692 dura
802 5642 887 5690 ex
925 5642 1059 5711 qua
1108 5622 1547 5713 componitur
1583 5616 1823 5686 urtica.
1868 5616 2140 5686 Scimus

587 5741 841 5811 autem,
883 5727 1068 5819 quod
1095 5731 1346 5797 creatio
1377 5736 1564 5798 testae
1594 5733 1695 5794 est
1725 5748 1809 5794 ex
1850 5723 2138 5795 humreo

1570 393 1653 459 D.
1711 391 1912 460 ALB.
1968 389 2184 459 MAG.

2242 389 2447 461 ORD.
2502 393 2799 462 PRAED.

2245 566 2513 634 viscoso
2546 567 2920 635 seeundum
2957 569 3307 635 materiam
3344 577 3406 636 et
3437 569 3799 661 coagulan-

2244 680 2308 740 te
2348 674 2566 741 calido
2600 683 2666 742 et
2696 677 2874 742 sicco
2905 675 3228 742 adurente
3261 684 3323 741 et
3357 687 3620 744 assaute
3649 699 3799 767 par-

2245 787 2344 846 tes
2402 780 2820 863 combustaS‚
2886 804 3037 871 quae
3115 790 3274 849 sunt
3331 784 3400 849 in
3457 784 3796 875 salsugine

2245 887 2451 953 maris
2492 897 2557 954 et
2586 888 2873 954 aliarum
2905 910 3263 977 aquarum,
3299 898 3365 955 et
3396 911 3475 955 ex
3508 890 3623 957 illo
3654 900 3798 958 ter-

2244 1012 2358 1056 reo
2391 992 2488 1057 sic
2516 990 2688 1057 bene
2728 988 3071 1068 defaecat0‚
3108 990 3489 1058 efficiuntur
3518 993 3791 1061 conchae

2243 1095 2472 1187 politae
2502 1104 2568 1164 et
2595 1099 2887 1165 nitentes
2918 1105 2983 1165 et
3012 1098 3181 1164 forte
3217 1098 3594 1167 redolentes
3624 1103 3798 1168 sieut

2244 1203 2549 1272 redolent
2585 1203 2833 1273 blacca=
2868 1205 3197 1273 bisantiae.
3233 1204 3546 1273 Exterius
3570 1218 3795 1276 autem

2243 1309 2610 1401 aliquando
2654 1321 2755 1380 est
2793 1313 3050 1404 aliquid
3104 1316 3606 1382 terrestreitatis
3658 1339 3795 1384 non

2242 1417 2605 1496 delaecata=‚
2661 1429 2725 1487 et
2773 1420 2924 1488 ideo
2979 1420 3346 1510 aliquando
3407 1430 3591 1489 extra
3640 1431 3798 1490 sunt

2241 1527 2451 1615 nigrae
2486 1534 2855 1594 terrestres.
2885 1526 3341 1596 Circumstant
3368 1537 3593 1596 autem
3625 1552 3798 1598 sem-

2243 1656 2387 1721 per,
2432 1655 2513 1700 eo
2566 1633 2749 1723 quod
2795 1657 2954 1724 pars
3001 1632 3310 1703 humoris
3360 1638 3622 1704 viscosa
3677 1660 3799 1705 ex-

2240 1739 2436 1831 pulsa
2479 1764 2517 1808 a
2555 1742 2780 1810 calore
2820 1742 3178 1833 digestivo,
3231 1767 3504 1835 semper
3533 1770 3604 1814 se
3632 1769 3801 1813 con-

2242 1849 2409 1915 tinet
2468 1850 2789 1926 exteriuS,
2860 1859 2925 1917 et
2981 1849 3167 1917 calor
3221 1851 3501 1918 interior
3564 1859 3796 1920 causat

2241 1980 2389 2024 eam
2437 1978 2451 2025 ε
2499 1965 2562 2024 et
2603 1957 2876 2048 quando
2907 1957 3182 2048 quidem
3232 1969 3330 2026 est
3363 1960 3651 2028 multum
3683 1961 3797 2027 vi-

2240 2087 2455 2142 scosa,
2500 2073 2564 2132 et
2593 2074 2789 2156 gyrat
2826 2089 2975 2133 eam
3010 2067 3078 2134 in
3126 2068 3406 2135 circuitu
3449 2069 3612 2135 sicut
3648 2071 3794 2159 spi-

2241 2196 2385 2240 ram
2444 2181 2510 2239 et
2565 2171 2941 2250 cochleam,
2995 2181 3060 2240 et
3108 2181 3267 2242 tunc
3324 2173 3609 2243 eflicitur
3655 2199 3788 2243 una

2238 2278 2496 2347 concha
2545 2288 2834 2347 tautum.
2880 2280 3168 2361 Quando
3217 2291 3443 2350 autem
3506 2308 3641 2351 non
3689 2295 3789 2352 est

2240 2389 2532 2456 multum
2555 2390 2845 2474 viscosa,
2874 2389 3199 2457 dividitur
3219 2392 3512 2459 exterius
3534 2393 3601 2459 in
3623 2392 3788 2459 duas

2238 2492 2561 2571 conchas,
2597 2516 2763 2583 quas
2792 2493 3067 2584 colligat
3092 2496 3433 2563 viscosum
3463 2495 3785 2586 ligamen,

2239 2603 2409 2669 sicut
2450 2625 2603 2668 ossa
2634 2600 3041 2692 colligantur
3081 2604 3146 2669 in
3188 2602 3591 2671 habentibus
3630 2629 3791 2671 sau-

2239 2709 2517 2798 guinem
2571 2731 2586 2776 ε
2640 2717 2707 2778 et
2744 2710 3020 2801 quando
3084 2711 3358 2801 quidem
3420 2721 3516 2780 est
3555 2721 3790 2779 acutus

2239 2825 2302 2884 et
2335 2817 2832 2906 aliquantulum
2865 2818 3082 2886 siccus
3111 2816 3382 2895 humor,
3421 2821 3792 2910 prolonga-

2239 2935 2347 2992 tur
2401 2925 2875 2993 culumnaliter
2926 2948 2940 2992 ε
2986 2935 3052 2994 et
3103 2928 3373 3018 quando
3438 2928 3793 3020 phlegma-

2238 3037 2412 3103 ticus
2471 3043 2594 3111 est,
2640 3035 2961 3103 dilatatur
2999 3039 3172 3104 sicut
3213 3038 3280 3104 in
3327 3040 3589 3127 pectine
3646 3061 3661 3105 ε
3723 3047 3789 3105 et

2238 3142 2514 3233 quando
2545 3143 2800 3211 mixtus
2829 3150 2930 3211 est
2967 3166 3048 3211 ex
3082 3142 3187 3212 his
3227 3144 3518 3226 duobus»,
3553 3169 3633 3215 ex
3675 3169 3791 3215 ro-

2243 3248 2455 3315 tundo
2506 3248 2744 3317 delluit
2797 3259 2863 3317 et
2919 3240 3239 3318 dilatatur
3293 3250 3786 3343 aliquantulum

2236 3356 2409 3423 sicut
2438 3356 2714 3424 conchae
2751 3379 3176 3425 communes.

2330 3473 2602 3541 Animal
2632 3482 2859 3543 autem
2891 3473 3022 3544 hoc
3041 3475 3406 3566 aliquando
3437 3479 3785 3568 spinosum
3842 3461 3851 3472 ¹

2238 3582 2528 3650 eflicitur
2582 3585 2650 3650 in
2706 3581 2965 3652 concha
3029 3605 3046 3651 τ
3113 3593 3179 3652 et
3253 3583 3384 3653 hoc
3457 3588 3786 3678 contingit

2237 3690 2513 3781 quando
2559 3699 2771 3758 acutae
2800 3698 2862 3758 et
2894 3700 3243 3761 terrestres
3267 3702 3490 3785 partes
3520 3696 3790 3762 immix-

2238 3806 2320 3863 ιω
2351 3805 2510 3863 sunt
2549 3796 2833 3864 viscosis
2870 3799 3106 3888 aqueis
3140 3820 3155 3865 ε
3202 3807 3359 3867 tunc
3397 3801 3575 3868 enim
3606 3801 3792 3869 calor

2238 3902 2456 3972 elevat
2486 3911 2856 3979 terrestres,
2892 3912 2956 3971 et
2999 3908 3179 3972 acuit
3209 3908 3401 3996 quasi
3439 3909 3505 3974 in
3535 3909 3787 3998 spinas.

2240 4012 2413 4078 Caro
2471 4020 2697 4078 autem
2760 4033 2910 4101 quae
2957 4022 3321 4101 generatur
3367 4015 3788 4090 intrinsecus,

2240 4127 2337 4186 est
2382 4120 2466 4185 de
2514 4118 2769 4210 puriori
2809 4128 2877 4187 et
2915 4119 3212 4189 molliori
3250 4129 3442 4212 parte
3489 4123 3792 4210 ejusdem

2242 4225 2570 4301 materiae,
2616 4248 2766 4315 quae
2801 4227 3021 4313 magis
3050 4229 3326 4296 recessit
3363 4252 3402 4296 a
3431 4232 3796 4298 contrarie-

2240 4341 2377 4400 tate
2409 4334 2929 4412 elementorum,
2963 4336 3135 4403 sicut
3164 4336 3373 4404 scitur
3395 4360 3478 4404 ex
3508 4337 3611 4403 his
3639 4361 3791 4427 quae
3851 4379 3860 4387 -

2245 4441 2490 4509 tradita
2519 4448 2676 4508 sunt
2710 4441 2775 4509 in
2815 4441 2965 4509 aliis
2997 4440 3184 4510 libris
3229 4444 3477 4510 nostris
3514 4452 3796 4511 natura-

2243 4546 2443 4613 libus.
2489 4545 2573 4613 Et
2610 4547 3090 4639 quodcumque
3131 4546 3376 4616 horum
3426 4552 3646 4640 magis
3691 4559 3792 4616 est

2242 4654 2589 4745 frigidum,
2659 4654 2949 4722 eflicitur
3012 4655 3362 4725 immobile
3441 4656 3792 4726 adhaerens

2243 4758 2582 4849 lapidibus
2625 4767 2735 4827 :et
2766 4758 3243 4851 quodcumque
3273 4764 3493 4854 magis
3539 4774 3636 4832 est
3676 4789 3794 4831 ca-

2248 4867 2488 4945 lidum,
2532 4866 2821 4937 efficitur
2858 4867 3115 4936 habens
3168 4880 3432 4939 motum
3483 4872 3795 4963 qualem-

2244 4998 2563 5068 cumque,
2607 4999 2689 5045 eo
2718 4978 2906 5069 quod
2935 4978 3167 5047 omnia
3207 4977 3351 5047 lna-r
3405 4981 3789 5072 imperfecta

2245 5091 2403 5150 sunt
2450 5084 2800 5168 animalia,
2849 5086 3024 5153 sicut
3068 5086 3138 5153 in
3195 5088 3632 5178 sequentibus
3670 5089 3798 5158 erit

2246 5191 2708 5259 manifestum.
2744 5189 2820 5260 Si
2851 5213 2985 5283 qua
3013 5201 3240 5261 autem
3281 5192 3527 5262 horum
3573 5205 3796 5286 partes

2245 5307 2602 5369 terrestres
2667 5308 2900 5369 acutas
2947 5310 3009 5369 et
3066 5302 3369 5370 viscosae
3419 5301 3668 5372 habent
3726 5307 3794 5371 in

2246 5405 2535 5476 humore
2565 5405 2821 5487 subtili,
2865 5407 2980 5476 illa
3032 5407 3415 5477 efficiuntur
3443 5407 3684 5490 hiricii,
3729 5422 3794 5480 et

2246 5516 2313 5582 in
2354 5516 2505 5585 loco
2535 5523 2751 5583 tactus
2787 5514 3096 5583 humoris
3135 5516 3408 5584 mobilis
3445 5519 3570 5588 erit
3598 5521 3792 5609 spina

2243 5646 2330 5692 ex
2377 5622 2661 5692 humido
2699 5630 2768 5692 et
2811 5622 3031 5692 calido
3084 5624 3610 5715 complexionali
3659 5648 3678 5695 :
3723 5636 3792 5696 et

2245 5727 2652 5797 utiturillud
2680 5727 2932 5797 animal
2978 5729 3191 5821 spinis
3233 5730 3463 5801 locum
3509 5731 3785 5824 pedum.
