4919 6371
2001 416 2169 482 LIB.
2224 413 2355 480 XII
2400 411 2523 479 DE
2568 409 3162 492 ANIMALIBUS‚
3212 412 3522 482 TRACT.
3575 411 3672 479 111

1185 610 1337 679 quae
1369 588 2008 662 determinavimu5‚
2046 593 2111 651 et
2141 605 2290 672 quae
2321 580 2544 649 adhuc
2608 604 2751 650 ma-

1187 697 1290 787 gis
1369 698 1545 764 infra
1600 691 2223 785 pertractabuntur,
2319 697 2563 757 natura
2612 712 2754 757 non

1187 806 1325 893 agit
1359 804 1487 871 nisi
1530 802 1826 891 optime:
1881 806 1947 866 et
1993 798 2143 865 ideo
2199 820 2580 889 numquam
2635 796 2752 864 dat

1190 933 1384 977 arma
1461 907 1546 975 ad
1614 906 2072 996 vigorandum
2141 905 2575 983 animalibus,
2620 902 2750 969 nisi

1190 1018 1295 1084 his
1336 1038 1487 1107 quae
1516 1015 1829 1106 indigent
1877 1015 2054 1084 illis:
2126 1014 2290 1083 talia
2336 1016 2520 1083 enim
2562 1032 2752 1079 arma

1187 1146 1540 1201 vocamuS,
1578 1145 1733 1214 quae
1764 1131 1926 1191 sunt
1981 1122 2155 1191 sicut
2192 1120 2491 1198 aculeuS,
2527 1126 2594 1186 ct
2622 1138 2751 1183 un-

1185 1256 1380 1323 gueS,
1425 1241 1492 1300 et
1558 1256 1840 1313 cornua,
1884 1241 1950 1301 et
1988 1231 2197 1301 culmi
2259 1228 2749 1320 prominentes,

1185 1348 1252 1408 et
1281 1338 1389 1408 his
1419 1340 1695 1408 similia.
1732 1339 1818 1407 Et
1847 1340 2009 1430 quia
2037 1334 2321 1404 masculi
2352 1332 2751 1401 animalium

1183 1454 1343 1513 sunt
1370 1447 1690 1516 fortiores
1737 1454 1807 1513 et
1862 1443 2336 1521 animosioreS,
2405 1440 2580 1508 forte
2638 1438 2754 1505 dat

1179 1563 1424 1622 natura
1481 1557 1610 1622 ista
1647 1575 1843 1621 arma
1911 1551 2215 1619 maribus
2255 1558 2569 1618 tantum:
2636 1553 2754 1614 aut

1183 1662 1240 1728 si
1270 1660 1386 1727 dat
1428 1661 1638 1729 etiam
1696 1659 2019 1741 foeminiS‚
2061 1657 2340 1726 fortiora
2377 1657 2494 1725 dat
2541 1655 2755 1722 mari-

1188 1766 1315 1834 bus
1345 1788 1556 1859 quam
1585 1766 1885 1835 foeminis
1921 1790 1937 1835 ε
1971 1774 2040 1834 et
2095 1765 2247 1833 ideo
2298 1787 2522 1833 mares
2572 1760 2756 1832 cervi

1189 1871 1446 1942 habent
1472 1897 1756 1952 cornua,
1790 1882 1860 1942 et
1905 1896 2046 1942 non
2084 1873 2401 1950 foeminae,
2467 1879 2533 1940 ct
2576 1869 2751 1938 tauri

1189 1977 1447 2047 habent
1483 1980 1770 2049 fortiora
1835 2001 2092 2048 cornua
2130 2001 2339 2070 quam
2385 1998 2651 2046 vaccae:
2687 1982 2754 2043 et

1189 2087 1243 2153 si
1285 2109 1481 2155 secus
1540 2086 1902 2178 contingit,
1971 2085 2103 2154 hoc
2142 2108 2225 2153 ex
2272 2086 2753 2155 terrestreitate

1188 2196 1419 2264 evenit
1469 2203 1756 2263 naturae.
1813 2194 2120 2263 Membra
2154 2202 2381 2264 autem
2414 2217 2566 2286 quae
2594 2204 2755 2264 sunt

1061 2314 1066 2317 “
1186 2304 1273 2372 ad
1299 2305 1463 2372 vitae
1519 2305 2021 2383 necessitatem,
2066 2304 2420 2395 aequaliter
2457 2313 2616 2372 sunt
2682 2305 2753 2372 in

1182 2410 1482 2479 foeminis
1521 2420 1590 2479 et
1626 2411 1698 2479 in
1738 2411 2070 2496 maribus,
2103 2410 2260 2479 licet
2307 2411 2579 2479 minora
2616 2411 2754 2479 sint

1179 2520 1591 2612 plerumque
1667 2520 1981 2589 membra
2037 2520 2473 2589 foeminarum
2543 2541 2750 2611 quam

1185 2629 1679 2697 masculorum.
1718 2628 1855 2697 Sed
1885 2628 2021 2697 alia
2059 2627 2306 2720 quibus
2372 2651 2511 2697 non
2570 2627 2754 2694 incli-

1186 2743 1350 2825 gent
1388 2735 1474 2803 ad
1505 2737 2010 2815 necessitatem,
2080 2735 2199 2803 scd
2254 2735 2334 2803 ad
2382 2757 2598 2813 arma,
2634 2743 2753 2803 aut

1190 2866 1332 2912 non
1360 2842 1620 2911 habent
1677 2843 1999 2925 foeminae,
2034 2851 2153 2911 aut
2186 2841 2577 2910 differenter
2621 2839 2752 2909 ha-

1188 2949 1353 3018 bent
1391 2973 1432 3018 a
1460 2951 1788 3020 masculis
1819 2972 1836 3020 ι
1880 2958 2158 3041 propter
2212 2950 2396 3042 quod
2426 2949 2752 3019 differen-

1187 3059 1282 3126 tia
1308 3059 1509 3128 estin
1541 3059 1866 3128 cornibus
1895 3067 2246 3128 taurorum
2285 3067 2352 3128 et
2387 3081 2750 3128 vaccarum

1184 3167 1563 3236 secundum
1630 3191 1836 3236 omne
1920 3190 2136 3259 genus
2218 3174 2616 3237 taurorum:
2686 3174 2753 3236 et

1184 3274 1570 3344 differentia
1600 3275 1671 3343 in
1700 3273 2024 3344 cornibus
2050 3275 2286 3343 ovium
2316 3275 2750 3345 foeminarum

1184 3391 1251 3452 ct
1297 3385 1634 3453 arietum:
1692 3393 1761 3453 et
1802 3384 2115 3452 similiter
2151 3392 2254 3453 est
2310 3387 2381 3453 in
2429 3386 2751 3454 cornibus

1186 3490 1537 3561 hircorum
1626 3501 1695 3561 ct
1758 3515 2160 3584 caprarum:
2221 3501 2290 3562 ct
2334 3494 2433 3563 sic
2498 3502 2602 3563 est
2680 3493 2751 3560 in

1191 3599 1520 3669 omnibus
1559 3600 1737 3669 aliis.

1278 3716 1537 3786 Dentes
1593 3725 1826 3787 autem
1880 3718 2188 3787 omnium
2236 3717 2526 3809 piscium
2573 3720 2754 3787 acuti

1190 3831 1350 3894 sunt
1378 3823 1605 3905 valde,
1657 3826 1960 3918 exceptis
2012 3825 2211 3896 valde
2257 3829 2493 3918 paucis
2538 3827 2609 3895 in
2645 3824 2755 3894 la-

1190 3934 1451 4003 teribus
1497 3934 1797 4026 gutturis
1839 3933 2270 4003 mandibulas
2316 3932 2751 4014 habentibus,

1188 4040 1366 4109 sicut
1394 4042 1616 4132 pisces
1644 4041 1960 4110 fluviales
1996 4063 2400 4133 magnarum
2431 4064 2754 4132 squama·

1189 4165 1369 4222 rum,
1441 4144 1621 4213 sicut
1659 4143 2030 4223 berbellus,
2090 4154 2157 4213 et
2213 4143 2618 4223 monachus,
2686 4153 2756 4213 ct

1187 4247 1304 4317 alii
1344 4248 1671 4341 quidam:
1707 4248 1779 4318 hi
1809 4250 1993 4319 enim
2024 4248 2276 4319 habent
2313 4250 2552 4320 dentes
2582 4248 2757 4319 latos

1186 4356 1696 4448 aliquantulum
1746 4357 1971 4450 magis
1998 4359 2084 4427 ad
2124 4358 2618 4428 conterendum
2655 4359 2760 4427 ci-

1188 4470 1356 4539 bum
1390 4494 1602 4562 quam
1631 4472 1719 4541 ad
1747 4472 2235 4542 dividendum:
2265 4482 2547 4566 propter
2572 4473 2757 4565 quod

1191 4580 1400 4648 ctiam
1433 4601 1679 4647 omnes
1724 4579 2040 4678 ‘aequales
2087 4590 2271 4650 sunt.
2316 4581 2401 4651 Et
2447 4580 2600 4651 idco
2629 4604 2760 4651 na-

1191 4693 1342 4755 tura
1402 4685 1748 4756 abscindit
1790 4709 1911 4758 eos
1958 4687 2028 4757 in
2071 4697 2370 4782 gutture,
2423 4698 2500 4758 ut
2525 4688 2758 4759 clauso

1190 4814 1309 4863 ore
1347 4816 1529 4886 aqua
1584 4817 1730 4864 non
1785 4793 2072 4866 suffocet
2135 4796 2576 4867 masticantes
2633 4796 2761 4867 hos

1191 4902 1435 4991 pisces.
1470 4900 1672 4970 Tales
1698 4909 1931 4973 autem
1961 4901 2526 4975 dentes'maxime
2553 4901 2761 4974 habet

1189 5006 1395 5099 piscis
1424 5007 1542 5099 qui
1567 5031 1778 5101 carpo
1802 5019 2109 5080 vocatur.
2143 5009 2281 5079 Alii
2294 5019 2521 5080 autem
2541 5012 2762 5104 pisces

1191 5114 1535 5205 praecipue
1567 5115 1842 5196 marini,
1878 5116 2113 5186 dentes
2142 5116 2397 5186 habent
2432 5119 2609 5187 sicut
2626 5141 2763 5188 ser·

1196 5244 1267 5290 ra
1314 5231 1567 5315 praeter
1611 5245 1830 5292 unum
1886 5223 2113 5294 solum
2169 5247 2386 5319 genus
2440 5228 2755 5318 piscium.

1194 5328 1417 5398 Causa
1449 5341 1683 5401 autem
1715 5334 2053 5401 acuminis
2081 5333 2392 5404 dentium
2421 5343 2550 5420 est,
2601 5337 2761 5427 quia

1195 5439 1417 5527 pisces
1473 5440 1867 5509 necessario
1905 5440 2243 5531 recipiunt
2295 5464 2546 5534 aquam
2602 5465 2764 5512 cum

1195 5545 1350 5614 cibo
1379 5569 1395 5615 :
1430 5556 1712 5640 propter
1739 5547 1926 5640 quod
1955 5548 2161 5617 etiam
2200 5550 2428 5619 subito
2461 5551 2647 5620 vadit
2676 5553 2759 5619 ci·

1196 5652 1325 5723 bus
1355 5653 1442 5723 ad
1472 5665 1814 5735 ventrem,
1858 5665 1927 5727 et
1964 5679 2104 5726 non
2141 5656 2261 5726 diu
2309 5681 2587 5728 manere
2605 5667 2767 5752 pot-

1200 5771 1303 5831 est
1357 5763 1430 5832 in
1496 5763 1778 5833 orificiis
1824 5786 2105 5835 eorum:
2157 5764 2320 5859 quia
2356 5765 2555 5837 aliter
2588 5789 2767 5861 aqua

4285 417 4413 484 653

2862 582 2934 648 in
2965 605 3203 650 eorum
3242 590 3512 649 ventres
3578 582 3884 661 intraret,
3938 590 4005 651 et
4063 583 4411 674 implendo

2865 697 3157 757 necaret.
3193 688 3358 755 Haec
3397 690 3577 755 enim
3618 697 3718 756 est
3740 711 3969 767 causa,
4004 713 4214 779 quare
4245 691 4416 760 den-

2863 804 2964 864 tes
3003 796 3312 862 omnium
3339 796 3625 885 piscium
3666 804 3826 864 sunt
3854 798 4032 865 acuti
4082 807 4148 866 et
4186 799 4410 879 multi,

2862 912 2941 973 ut
2967 904 3164 971 citius
3194 926 3278 972 ex
3305 904 3640 982 acumine,
3695 914 3761 973 et
3816 906 3885 972 in
3915 913 4139 996 partes
4168 908 4416 975 multas

2862 1032 2948 1079 ex
2978 1010 3412 1080 multitudine
3463 1012 3769 1079 dentium
3799 1012 4102 1081 incidant
4139 1013 4411 1082 cibum:

2863 1127 2930 1187 et
2953 1118 3096 1187 haec
3122 1117 3377 1187 habent
3406 1119 3555 1187 loco
3595 1118 4084 1188 masticationis
4115 1129 4183 1189 et
4209 1120 4418 1189 moli-

2861 1228 3092 1294 tionis.
3138 1225 3314 1294 Sunt
3344 1228 3545 1295 etiam
3576 1227 3907 1295 incurvati
3938 1235 4014 1295 ut
4040 1227 4229 1295 hami
4257 1228 4417 1296 den-

2864 1344 2966 1404 tes
3022 1335 3395 1403 multorum
3452 1336 3765 1426 piscium,
3828 1359 3908 1404 eo
3967 1336 4153 1429 quod
4218 1336 4417 1427 vigor

2865 1467 3104 1512 eorum
3144 1444 3228 1512 ad
3259 1444 3686 1513 retinendum
3718 1453 3819 1513 est
3846 1445 3916 1511 in
3951 1446 4071 1513 eiS.

2952 1550 3211 1619 Natura
3264 1550 3473 1642 igitur
3562 1551 3947 1619 communis
4015 1549 4414 1619 animalium

2862 1656 3176 1749 indigens
3214 1657 3409 1727 dictis
3464 1658 3998 1749 operationibuS,
4032 1658 4195 1727 facit
4220 1680 4418 1727 com-

2861 1765 3160 1834 muniter
3197 1765 3433 1834 dentes
3469 1766 3541 1833 in
3590 1766 3777 1857 ipsis,
3829 1766 4005 1834 sicut
4052 1773 4121 1834 et
4175 1773 4416 1833 natura

2864 1875 3249 1944 communis
3307 1897 3564 1966 organa
3608 1874 3921 1965 producit
3957 1873 4297 1943 anhelitus
4344 1875 4415 1941 in

2862 1981 2972 2051 his
3035 2005 3187 2073 quoe
3272 1980 3627 2049 ambulant
3689 1990 3756 2051 et
3827 1980 4085 2051 habent
4133 1981 4418 2073 sangui-

2861 2111 3021 2158 nem
3048 2111 3064 2158 ε
3099 2089 3315 2158 utitur
3341 2089 3524 2158 enim
3562 2098 3827 2168 natura,
3859 2090 4037 2156 sicut
4064 2087 4421 2180 praedeter-

2862 2197 3201 2265 minatum
3231 2205 3359 2283 est,
3392 2196 3625 2265 multis
3655 2196 3982 2265 membris
4011 2197 4083 2265 in
4112 2218 4418 2265 commu-

2862 2303 3063 2373 nibus
3116 2305 3628 2396 operationibus
3716 2304 4145 2385 animalium,
4242 2304 4416 2372 sicut

2859 2422 3046 2504 patet
3084 2414 3155 2482 in
3184 2436 3342 2484 ore:
3402 2437 3608 2484 omne
3646 2415 3829 2482 enim
3868 2412 4127 2482 animal
4184 2435 4412 2483 come·

2859 2518 2958 2590 dit
3004 2545 3145 2592 ore.
3206 2522 3423 2615 Vigor
3485 2545 3647 2593 vero
3720 2545 4071 2592 armorum
4140 2522 4413 2614 proprie

2857 2633 3182 2702 convenit
3220 2631 3630 2700 animalibus
3666 2629 4107 2724 quibusdam,
4149 2632 4323 2699 sicut
4350 2637 4422 2698 ct

2859 2739 3199 2809 anhelitus
3254 2761 3394 2808 non
3459 2737 3700 2808 eodem
3762 2737 3972 2808 modo
4031 2737 4416 2806 communis

2859 2857 2962 2917 est
2991 2847 3335 2917 omnibus.
3388 2848 3564 2916 Haec‘
3614 2855 3843 2916 autem
3893 2868 4102 2937 opera
4173 2852 4415 2914 natura

2859 2963 3138 3048 propter
3164 2955 3644 3047 compendium
3682 2961 4055 3045 congregat
4093 2953 4164 3021 in
4196 2975 4418 3020 mem-

2860 3064 2985 3133 bro
3015 3087 3181 3143 uno,
3213 3063 3399 3155 quod
3441 3072 3667 3133 tamcn
3715 3061 4128 3131 diversificat
4185 3082 4422 3130 secun·

2860 3171 3025 3242 dum
3077 3172 3422 3242 diversum
3487 3170 3770 3240 modum
3834 3168 4215 3262 specierum
4275 3167 4425 3237 sin·

2856 3279 3180 3375 gulorum
3218 3278 3662 3349 animalium:
3693 3286 3971 3369 propter
3999 3274 4185 3369 quod
4212 3275 4420 3344 etiam

2861 3387 3173 3481 quaedam
3230 3386 3548 3456 animalia
3650 3387 3841 3477 parvi
3907 3385 4048 3454 oris
4114 3392 4297 3462 sunt,
4356 3391 4424 3452 et

2859 3496 3172 3591 quaedam
3238 3499 3495 3590 magni.
3529 3497 3607 3566 ln
3653 3497 3845 3566 omni
3889 3496 4075 3566 enim
4140 3492 4423 3564 animali

2860 3629 2980 3677 ore
3009 3605 3095 3676 ad
3124 3606 3433 3698 vigorem
3463 3614 3533 3675 et
3558 3628 3861 3698 pugnam
3892 3601 4254 3698 indigenti,
4314 3608 4418 3671 est

2861 3735 2941 3782 os
2978 3712 3211 3804 magni
3241 3713 3470 3791 rictus.
3507 3713 3601 3780 ita
3627 3709 3812 3804 quod
3860 3709 4158 3780 multum
4196 3707 4415 3801 aperi·

2859 3827 2975 3888 tur
3007 3819 3252 3889 fissura
3278 3820 3460 3889 oris:
3509 3819 3670 3912 quia
3715 3816 3915 3887 aliter
3949 3839 4092 3888 non
4154 3814 4420 3886 fortiter

2861 3929 3423 4025 apprehenderet,
3457 3950 3677 4021 neque
3714 3923 4219 4020 apprehensum
4239 3922 4426 3994 forti-

2862 4048 2966 4110 ter
2990 4045 3274 4109 teneret.
3342 4035 3562 4130 Vigor
3604 4037 3786 4106 euim
3835 4034 4043 4126 hujus
4103 4031 4420 4103 animalis

2860 4148 3055 4217 estin
3092 4168 3211 4215 ore
3249 4152 3478 4215 totus:
3511 4152 3789 4237 propter
3815 4141 4002 4235 quod
4029 4140 4238 4210 etiam
4275 4161 4425 4208 om·

2860 4255 2978 4325 nia
3005 4251 3329 4323 animalia
3373 4258 3730 4320 acutorum
3757 4248 4070 4319 dentium
4135 4246 4418 4317 serrati-

2862 4364 3031 4434 lium
3062 4385 3216 4457 quae
3235 4383 3472 4432 carnes
3499 4358 3891 4438 comedunt,
3916 4379 3998 4427 os
4032 4354 4260 4449 ample
4279 4354 4425 4425 val·

2862 4472 2946 4541 de
2974 4472 3311 4563 aperiunt,
3345 4476 3420 4539 ut
3448 4467 3692 4539 melius
3718 4474 3787 4536 et
3811 4465 4058 4535 fortius
4085 4485 4253 4534 suus
4272 4486 4424 4556 per-

2861 4579 3129 4650 ficiatur
3155 4577 3630 4658 morsus,sicut
3657 4584 3938 4668 apparet
3956 4574 4027 4643 in
4057 4572 4408 4666 apertione

2863 4688 3002 4757 oris
3029 4685 3173 4780 lupi
3203 4695 3271 4756 et
3298 4687 3486 4756 canis
3529 4693 3599 4755 et
3639 4682 3886 4767 lconis,
3937 4702 4093 4773 quae
4148 4701 4426 4773 perma-

2862 4796 3049 4864 xima
3100 4814 3247 4862 csse
3310 4790 3752 4884 dignoscitur.
3816 4786 4153 4858 Similiter
4188 4793 4420 4854 autem

2865 4904 3154 4997 piscium
3175 4912 3531 4972 acutorum
3549 4900 3857 4971 dentium
3880 4906 3949 4969 et
3964 4919 4204 4968 carnes
4225 4917 4423 4965 com·

2866 5011 3214 5082 edentium
3280 5009 3540 5103 apertio
3590 5010 3727 5077 oris
3791 5014 3894 5077 cst
3932 5027 4187 5100 magna
4222 5001 4421 5072 valde

2867 5129 3174 5214 respectu
3206 5141 3487 5188 suorum
3519 5139 3907 5210 corporum.

2954 5230 3139 5298 Aves
3166 5235 3397 5297 autem
3425 5224 3680 5296 habent
3732 5233 3954 5295 rostra
4016 5220 4172 5292 loco
4209 5218 4426 5289 labio·

2870 5361 3022 5407 rum
3051 5346 3121 5407 et
3154 5335 3488 5416 dentium,
3521 5344 3589 5405 et
3625 5342 3846 5403 rostra
3900 5353 4137 5402 earum
4192 5328 4425 5399 diver-

2868 5454 3109 5514 santur
3142 5443 3517 5515 secundum
3554 5441 4026 5531 diversitatem*
4062 5438 4427 5509 necessita-

2870 5554 2957 5622 tis
2992 5562 3061 5622 et
3105 5551 3416 5621 utilitatis
3461 5550 3815 5642 ipsarum:
3879 5554 4161 5640 propter
4240 5541 4425 5636 quod

2870 5661 3076 5730 etiam
3149 5659 3381 5728 avium
3455 5656 3538 5726 de
3604 5656 3969 5726 venatione
4015 5652 4423 5729 viventium,

2870 5777 3034 5838 sunt
3112 5769 3464 5839 incurvata
3527 5774 3684 5836 ante
3750 5765 3930 5835 sicut
4000 5780 4263 5832 uncus:
4331 5760 4433 5830 sic
