4919 6371
556 415 684 481 274

553 579 736 672 quod
774 584 873 644 est
904 573 1184 663 quidam
1217 577 1460 646 tactus,
1506 574 1568 634 et
1601 574 1703 634 est
1756 564 1922 631 illud
1975 584 2112 629 non

551 713 708 758 vere,
740 682 1016 757 animal,
1053 680 1168 746 sod
1202 679 1506 745 medium
1540 676 1908 768 quoddam,
1943 673 2115 740 sicut

555 796 872 872 diximus,
908 799 971 856 ct
1003 810 1143 854 non
1183 784 1388 854 habet
1430 787 1731 853 animam
1762 782 1892 849 nisi
1943 781 2115 847 sicut

556 924 707 970 ossa
747 897 1149 965 animalium
1199 893 1457 964 habent
1504 896 1830 969 animam,
1874 895 2115 979 praeter

555 1011 683 1079 hoc
760 1008 941 1100 quod
1000 1006 1511 1097 aliquantulum
1576 1002 1893 1070 molliora
1959 1000 2117 1061 sunt

556 1120 819 1187 ossibus
888 1125 954 1184 ct
984 1117 1172 1183 testis
1209 1136 1222 1179 ε
1271 1121 1337 1181 ct
1387 1113 1517 1179 lioc
1561 1107 1820 1178 animal
1852 1126 1989 1171 non
2018 1102 2118 1167 vi-

559 1226 751 1293 detur
789 1224 1033 1290 habero
1100 1221 1181 1287 de
1240 1217 1687 1291 animalitate,
1753 1212 1880 1278 nisi
1935 1206 2115 1299 quod

556 1331 757 1398 debili
796 1327 1189 1395 dilatatione
1230 1347 1301 1390 se
1343 1323 1582 1389 dilatat
1612 1320 1696 1387 ad
1743 1318 2118 1385 nutrimen-

555 1449 721 1512 tum,
767 1437 948 1526 quod
980 1444 1044 1502 ct
1087 1432 1293 1500 debili
1326 1429 1813 1499 constrictione
1853 1450 1924 1494 sc
1956 1449 2116 1494 con·

553 1544 820 1632 stringit
862 1565 1015 1609 cum
1085 1540 1595 1630 appropinquat
1642 1538 1911 1604 nocenti
1956 1556 1969 1601 ε
2051 1539 2116 1600 et

553 1649 712 1716 talia
752 1649 961 1716 multa
1005 1657 1165 1715 sunt
1209 1651 1278 1715 in
1310 1649 1507 1726 mari,
1545 1670 1625 1714 eo
1685 1644 1867 1737 quod
1926 1663 2112 1709 marc

556 1757 775 1825 calore
842 1781 966 1825 suo
1029 1757 1284 1824 multos
1343 1758 1624 1825 suscitat
1687 1754 1988 1843 spiritus,
2051 1757 2116 1815 et

556 1888 692 1932 non
723 1872 1007 1954 possunt
1065 1864 1308 1931 nutriri
1356 1863 1484 1929 nisi
1555 1863 1624 1926 in
1675 1857 1957 1926 humido
2019 1856 2118 1921 in-

558 1974 805 2040 fluento.
862 1973 1208 2041 raritatem
1286 1992 1654 2060 corporum
1724 1988 1988 2042 eorum,
2051 1970 2119 2030 ct

558 2081 708 2150 ideo
740 2104 874 2150 non
909 2089 1063 2148 sunt
1099 2082 1166 2147 in
1207 2080 1414 2146 sicco.

645 2282 907 2348 Genera
956 2288 1184 2346 autem
1230 2277 1732 2345 conchiliorum
1801 2276 2004 2342 etiam
2045 2275 2113 2340 in

554 2398 720 2458 testa
755 2389 1184 2456 diversantur
1229 2410 1244 2455 :
1293 2389 1621 2478 quoniam
1679 2393 1868 2452 testae
1935 2406 2116 2474 quo-

559 2496 865 2564 rumdam
924 2504 1077 2562 sunt
1150 2494 1339 2562 lenes
1399 2502 1463 2560 et
1513 2492 1734 2583 planae
1804 2492 1984 2557 intus
2050 2497 2115 2556 ct

557 2613 768 2687 extra,
805 2611 982 2671 ntea
1032 2627 1181 2693 qum
1241 2610 1578 2668 vocantur
1630 2599 1854 2679 soliar,
1899 2606 1962 2664 et
2020 2599 2115 2664 sic

558 2723 707 2780 sunt
743 2714 917 2803 apud
952 2737 1076 2779 nos
1112 2720 1303 2779 testa·
1352 2712 1715 2778 rom-liales
1764 2708 2110 2798 oblongam

560 2843 708 2910 qum
753 2823 1046 2887 exterius
1104 2831 1259 2886 sunt
1330 2819 1549 2908 planae
1604 2819 2006 2907 superficiei,
2052 2825 2114 2882 ct

559 2930 891 3019 praecipue
924 2927 1053 2994 illae
1085 2950 1234 3017 quae
1294 2936 1455 2994 sunt
1495 2928 1562 2992 in
1603 2926 1916 2993 exteriori
1961 2948 2109 3000 sno,

561 3039 846 3103 nitorem
906 3035 1159 3102 lialwnt
1218 3037 1771 3118 margaritarum,
1841 3032 2011 3099 sicut
2050 3031 2115 3098 id

557 3143 740 3235 qnod
794 3152 1079 3211 vocatur
1136 3165 1391 3209 morem
1433 3149 1496 3207 et
1557 3140 1789 3230 byrca,
1834 3148 1898 3206 ct
1953 3139 2117 3207 ala-

558 3250 691 3316 ker.
739 3249 1065 3328 Qnaeclam
1134 3247 1389 3316 habent
1446 3255 1655 3314 testas
1716 3269 1988 3336 asperas
2046 3248 2114 3313 in

553 3358 894 3434 exteriori,
955 3378 1250 3448 quorum
1330 3354 1721 3445 superficies
1797 3354 1863 3419 in
1923 3377 2114 3443 quc

556 3488 689 3533 non
747 3467 1212 3555 porriguntur,
1276 3465 1445 3530 sient
1512 3463 1575 3529 id
1637 3463 1821 3553 qnod
1871 3462 2118 3529 «licitur

556 3584 891 3642 nea-stante
943 3582 1009 3641 et
1057 3572 1496 3664 cyrocleereem
1568 3595 1592 3639 .·
1624 3594 1916 3661 quorum
1983 3572 2118 3661 pri-

558 3703 746 3750 mum
829 3680 1031 3751 habet
1104 3681 1537 3772 superficiem
1612 3678 2109 3756 valliculosam,

558 3799 623 3857 et
680 3789 1049 3857 secundnm
1097 3790 1475 3878 spinosam.
1520 3787 1848 3866 Qua-«lam
1910 3788 2113 3854 ctiam

560 3896 809 3966 habent
857 3906 1060 3966 testas
1099 3897 1386 3965 lineatas
1419 3904 1494 3964 nt
1524 3895 1820 3965 karaliir.
1865 3905 1925 3963 ct
1962 3920 2119 3963 mo-

558 4003 684 4072 dus
712 4006 869 4089 ziza,
905 4015 968 4072 et
1028 4004 1172 4073 lia-c
1240 4015 1393 4072 sunt
1439 4002 1636 4071 multi
1705 4005 1971 4093 generis
2046 4005 2112 4072 in

555 4109 857 4176 maribus
887 4110 1159 4177 nostris.
1196 4107 1526 4187 Quaedam
1558 4116 1788 4175 autem
1831 4131 1966 4175 non
2000 4107 2116 4175 lia·

552 4213 708 4282 bent
741 4215 1024 4283 lineatas
1056 4223 1287 4293 testas,
1332 4223 1407 4281 ut
1455 4214 1522 4281 id
1592 4213 1774 4304 quod
1832 4223 2115 4281 vocatur

551 4319 746 4411 byne,
780 4331 844 4389 et
876 4328 976 4389 est
1008 4344 1298 4413 parvum
1340 4344 1559 4411 genua
1589 4323 1796 4388 ostrei
1830 4342 1846 4388 ε
1882 4330 2114 4390 etmo-

548 4427 676 4497 dus
712 4429 989 4499 concliae
1021 4432 1137 4520 qui
1167 4439 1458 4497 vocatur
1484 4429 1754 4496 cae-laea.
1782 4428 2111 4497 Differen-

550 4536 677 4600 tias
713 4538 917 4604 etiam
962 4537 1213 4604 lualwnt
1247 4546 1433 4603 testa·
1469 4539 1532 4603 in
1567 4536 2003 4626 spissitudine.
2043 4551 2103 4608 et

546 4642 921 4731 gracilitate
980 4644 1121 4710 sivi·
1183 4644 1514 4711 tenuitate
1564 4653 1682 4711 :et
1745 4645 1917 4712 l'nrte
1983 4647 2102 4714 vrit

545 4750 669 4819 ista
702 4751 1082 4820 differentia
1140 4751 1517 4821 secundum
1579 4760 1792 4819 totam
1834 4761 2102 4835 testam,

545 4859 633 4924 ita
674 4859 855 4949 quenl
899 4883 1030 4927 una
1067 4869 1204 4927 tota
1238 4869 1334 4926 cst
1372 4860 1679 4949 spissior,
1717 4869 1784 4929 ct
1805 4859 1934 4928 alia
1965 4871 2104 4930 tuta

541 4974 640 5033 cst
696 4967 1012 5056 gracilior
1081 4970 1223 5036 sive
1290 4967 1566 5035 tenuior
1606 4988 1622 5034 :
1662 4977 1725 5036 et
1764 4968 1934 5036 forte
1994 4969 2104 5037 illa

541 5075 663 5140 orit
720 5074 1098 5144 differentia
1139 5078 1205 5143 in
1265 5075 1496 5165 aliqua
1530 5084 1745 5166 parte,
1790 5077 1881 5145 ila
1920 5080 2100 5168 qumi

537 5181 706 5249 sorte
748 5185 813 5252 in
847 5186 1073 5253 medio
1104 5193 1205 5253 est
1233 5185 1543 5275 spissior,
1577 5187 1737 5253 etin
1779 5187 2105 5255 extremi-

539 5298 672 5358 tato
721 5295 1012 5369 tenuior,
1084 5295 1257 5362 sicut
1326 5291 1568 5359 accidit
1623 5301 1848 5361 ostreo
1915 5294 2096 5385 quod

538 5396 740 5467 habet
775 5400 943 5469 «linas
975 5411 1198 5493 partos
1231 5403 1425 5469 fissas
1459 5402 1523 5469 in
1571 5399 1770 5468 labiis
1818 5402 2094 5472 concha·

536 5531 699 5588 suae,
734 5511 826 5578 ita
863 5513 1048 5602 quod
1079 5521 1369 5604 utraque
1420 5510 1719 5579 tindatur
1742 5511 1826 5580 ab
1857 5511 2092 5594 altera,

535 5626 603 5687 et
626 5617 1006 5689 cohaercant
1075 5622 1144 5689 in
1216 5622 1367 5689 loco
1398 5621 1645 5710 spisso,
1684 5618 1796 5687 nbi
1838 5628 1938 5688 est
1977 5645 2098 5690 os-

539 5733 757 5795 treum
795 5750 811 5795 :
856 5730 1183 5821 quoniam
1235 5727 1550 5820 quaedam
1612 5726 1889 5797 conchae
1938 5739 2097 5798 sunt

1556 397 1640 463 D.
1696 393 1894 462 ΑΕΒ.
1949 387 2164 457 MAG.

2222 385 2425 456 ORD.
2480 388 2771 457 PRAED.

2224 561 2489 628 subtilis
2528 571 2592 630 et
2661 563 2878 632 tenuis
2944 561 3099 627 labii
3170 561 3236 626 in
3278 566 3585 626 extremo
3653 558 3770 624 uhi

2222 671 2747 760 conjunguntur,
2786 679 2859 736 ut
2888 669 2952 735 id
2986 669 3165 758 quod
3199 676 3479 734 vocatur
3510 690 3772 734 musra-

2223 776 2408 853 rahe,
2486 785 2552 844 et
2608 786 2708 845 est
2769 777 3219 844 communiter
3277 775 3630 842 inventum
3700 775 3768 839 in

2226 884 2524 951 maribus
2548 894 2613 950 et
2641 886 2860 952 fluviis
2891 894 2954 952 ct
2996 887 3060 951 in
3101 883 3403 951 lacubus,
3442 883 3770 962 Quaedam

2225 996 2448 1055 antem
2509 988 2752 1055 habent
2814 989 3066 1055 labium
3145 991 3212 1055 in
3274 1012 3409 1079 quo
3495 987 3774 1057 conchae

2225 1095 2726 1184 conjunguntur
2755 1095 2949 1162 valde
2981 1097 3299 1184 spissum,
3347 1097 3521 1163 sicut
3567 1096 3630 1162 id
3691 1095 3774 1162 cle

2227 1227 2360 1294 quo
2410 1204 2581 1271 liunt
2628 1205 2907 1272 monilia
2944 1213 3006 1271 ct
3049 1204 3407 1271 manubria
3459 1203 3777 1272 cultello-

2227 1334 2398 1377 rum.

2311 1421 2623 1510 Amplius
2663 1423 2862 1488 etiam
2904 1423 2970 1488 in
3013 1419 3137 1487 hoc
3188 1421 3530 1498 dill'erunt,
3586 1419 3771 1509 quod

2225 1529 2530 1618 qnaedam
2567 1537 2926 1596 moventur
2955 1528 3034 1592 de
3076 1528 3222 1595 loco
3255 1551 3378 1595 suo
3412 1527 3496 1594 ad
3542 1526 3769 1594 locum

2224 1635 2458 1718 aliurn,
2493 1643 2566 1702 ut
2597 1637 2779 1712 asiis,
2824 1642 2888 1701 ct
2910 1635 3078 1701 sicut
3108 1633 3373 1701 testudo
3416 1632 3596 1723 apud
3620 1655 3768 1709 nOS,

2225 1749 2289 1807 et
2326 1741 2535 1807 limax
2583 1765 2596 1807 ε
2640 1749 2704 1809 et
2731 1751 3003 1831 propter
3035 1739 3161 1807 lior
3213 1749 3629 1831 putaverunt
3658 1739 3780 1807 ali-

2224 1849 2338 1939 qui
2389 1850 2672 1939 decepti,
2744 1850 2923 1940 quod
2991 1851 3149 1916 asiis
3204 1850 3447 1917 volat:
3511 1857 3576 1916 ct
3638 1848 3771 1917 hoc

2222 1980 2436 2043 genus
2478 1980 2610 2022 non
2651 1957 2807 2025 facit
2835 1958 3086 2024 coitum
3135 1982 3149 2024 :
3192 1958 3350 2048 quia
3408 1980 3546 2023 non
3603 1980 3775 2024 con-

2222 2066 2384 2155 cipit
2426 2089 2644 2157 ncque
2677 2067 3179 2157 impraegnatur,
3215 2074 3279 2133 et
3331 2074 3559 2134 tamen
3638 2066 3776 2133 exit

2222 2198 2258 2241 a
2291 2197 2414 2241 suo
2445 2198 2601 2242 vase
2641 2176 2910 2265 quando
2943 2179 3205 2265 capitur
3273 2198 3391 2265 per
3453 2177 3776 2242 venatio-

2224 2306 2375 2349 nem
2409 2291 2468 2350 et
2516 2283 2782 2350 recedit.
2827 2285 3150 2362 Quaedam
3191 2292 3414 2351 antem
3462 2307 3598 2350 non
3626 2306 3774 2349 mo·

2219 2399 2529 2459 ventura
2571 2391 2718 2459 loeo
2767 2414 2889 2458 suo
2937 2393 3044 2458 cni
3097 2390 3543 2481 applicantur,
3597 2391 3772 2457 sicut

2220 2498 2288 2566 id
2321 2499 2504 2589 quod
2540 2506 2823 2566 vocatur
2857 2500 3080 2589 lamio,
3136 2498 3318 2589 quod
3351 2522 3491 2566 non
3540 2498 3768 2590 pasci-

2222 2617 2331 2675 tur
2370 2606 2494 2673 nisi
2549 2607 2615 2672 in
2674 2607 2820 2674 loco
2880 2606 2990 2672 ubi
3052 2606 3448 2697 applicatur.
3521 2605 3766 2673 Omnia

2220 2736 2381 2781 vero
2413 2736 2560 2803 qua?
2601 2714 3057 2781 assimilantur
3085 2714 3414 2780 astatinor
3454 2720 3517 2779 et
3549 2719 3768 2779 testu-

2221 2821 2386 2898 dini,
2456 2820 2800 2886 ambulant
2861 2828 2920 2887 et
2999 2828 3387 2909 pascuntur,
3462 2821 3634 2886 sicut
3704 2819 3770 2886 id

2222 2928 2398 3018 quod
2464 2935 2743 2993 vocatur
2809 2927 3032 3018 [μ’-μω·
3073 2950 3087 2993 :
3157 2937 3214 2992 et
3318 2927 3440 2993 iste
3521 2925 3766 2992 modus

2221 3031 2494 3125 cuncliae
2539 3043 2602 3100 et
2658 3033 2965 3123 quaedam
3013 3032 3145 3100 alia
3202 3032 3524 3099 animalia
3583 3031 3768 3099 duroe

2221 3147 2409 3208 testa·
2451 3140 2734 3220 marina,
2768 3147 2921 3208 sunt
2954 3139 3121 3206 lenis
3153 3151 3212 3207 et
3255 3141 3473 3231 plana·
3523 3163 3770 3230 super-

2223 3249 2392 3315 ficiei
2418 3249 2484 3315 in
2525 3256 2713 3317 testa.
2753 3248 2925 3317 Caro
2965 3257 3186 3316 autem
3232 3247 3413 3315 modi
3465 3248 3611 3335 ejus
3649 3249 3765 3338 qui

2222 3354 2420 3423 habet
2477 3379 2677 3424 unam
2743 3365 3030 3449 portam.
3112 3367 3224 3424 aut
3284 3356 3451 3422 duas
3508 3364 3762 3446 portas,

2223 3465 2607 3555 frequenter
2642 3473 2740 3532 est
2789 3465 3249 3554 conglutinata
3305 3472 3372 3531 et
3430 3462 3766 3555 applicata

2223 3581 2430 3649 tester,
2476 3572 2567 3640 ita
2596 3570 2775 3663 qnod
2801 3594 2938 3639 non
2969 3579 3186 3663 potest
3215 3570 3387 3637 solvi
3430 3569 3514 3637 ab
3545 3593 3625 3638 ea
3667 3569 3768 3637 ni·

2223 3681 2278 3747 si
2308 3680 2685 3749 difficulter.
2720 3681 2891 3749 Caro
2943 3687 3166 3747 autem
3215 3679 3400 3747 modi
3453 3680 3599 3765 ejus
3647 3678 3762 3770 qni

2221 3791 2554 3857 aslnviom
2583 3798 2884 3867 vocatur,
2928 3797 2991 3856 et
3040 3788 3418 3865 testudinis,
3454 3795 3550 3854 est
3579 3812 3771 3881 sepa·

2223 3908 2360 3968 rata
2392 3922 2432 3966 a
2457 3907 2655 3984 tiata,
2688 3907 2750 3967 et
2782 3901 2869 3966 ita
2901 3899 3038 3967 exit
3068 3898 3152 3965 ali
3183 3920 3287 3967 ea.
3332 3895 3580 3965 Omnia
3636 3921 3766 3964 au-

2221 4015 2355 4074 tem
2395 4014 2615 4074 ostrea
2657 4003 2988 4075 conchilia
3036 4007 3447 4073 conveniunt
3490 4006 3559 4072 in
3603 4004 3758 4082 linc,

2220 4113 2399 4203 «pind
2440 4112 2689 4181 habent
2719 4121 2956 4183 testam
3006 4136 3088 4180 cx
3119 4113 3260 4179 suis
3291 4113 3530 4204 primis
3558 4135 3766 4201 gene·

2218 4220 2523 4288 rantibus
2578 4218 3012 4287 materialiter
3083 4226 3146 4284 et
3215 4218 3634 4286 eflicit-nter:
3694 4227 3763 4288 et

2217 4335 2545 4418 quantum
2578 4337 2674 4395 est
2705 4328 2785 4394 de
2824 4335 3060 4394 natura
3103 4326 3434 4393 astaviom
3485 4327 3602 4417 qui
3650 4351 3764 4394 se-

2216 4444 2555 4526 paratura
2593 4433 2880 4520 concha,
2942 4434 3169 4525 incipit
3229 4445 3459 4502 motus
3517 4435 3663 4525 ejus
3721 4459 3761 4504 a

2216 4543 2480 4621 dextro,
2514 4543 2677 4611 sicut
2709 4550 2775 4611 et
2805 4541 3090 4610 aliorum
3131 4540 3530 4609 animalium
3559 4564 3574 4609 τ
3600 4542 3762 4632 quia

2213 4652 2527 4717 dextrum
2568 4656 2668 4717 est
2699 4648 2876 4716 unde
2905 4656 3131 4715 motus
3168 4655 3294 4726 est,
3338 4649 3507 4715 sicut
3575 4647 3762 4715 dixi-

2216 4781 2366 4822 mns
2399 4758 2465 4824 in
2500 4756 2670 4824 libro
2701 4756 2782 4823 «le
2818 4755 2999 4823 Cer-Io
3029 4767 3092 4822 e!
3129 4755 3417 4824 Mundo.
3454 4753 3758 4824 Membra

2211 4874 2434 4928 auu-m
2500 4866 2814 4929 inti-nima
2871 4862 3172 4952 ipsorum
3239 4860 3549 4928 omnium
3619 4859 3755 4927 fere

2208 4978 2361 5038 sunt
2394 4969 2665 5045 similia,
2717 4977 2784 5038 et
2842 4971 3137 5037 maxime
3186 4969 3254 5036 in
3313 4971 3755 5060 generatione

2208 5077 2538 5145 astaviom
2569 5076 2710 5144 sive
2739 5076 3116 5144 testudinis.
3179 5075 3259 5143 Et
3301 5077 3366 5142 in
3428 5074 3755 5142 membris

2208 5185 2482 5276 quidem
2522 5207 2658 5253 non
2705 5193 2808 5253 est
2874 5206 3120 5275 magna
3169 5183 3526 5250 diversitas
3580 5181 3758 5250 inter

2208 5289 2465 5359 liabens
2504 5313 2706 5357 unam
2764 5297 3027 5381 portam
3078 5289 3217 5356 sive
3264 5285 3627 5367 concham,
3687 5295 3752 5354 et

2208 5397 2383 5469 inter
2410 5394 2667 5465 liabens
2697 5396 2865 5465 duas
2902 5405 3132 5488 portas
3162 5396 3303 5461 siv·-
3333 5391 3656 5463 conchas.

2295 5622 2429 5691 Sed
2461 5645 2704 5714 magna
2761 5630 2862 5690 est
2915 5620 3271 5689 diversitas
3310 5622 3488 5689 inter
3533 5623 3752 5688 testu-

2202 5731 2456 5811 dinem,
2492 5738 2559 5799 et
2586 5730 2652 5797 id
2682 5729 2865 5822 quod
2916 5753 3053 5798 non
3109 5735 3427 5798 movetur
3484 5752 3525 5798 a
3591 5726 3745 5797 loco
