4919 6371
1021 1132 1489 1352 DE
1677 1097 4108 1342 ANIMALIBUS

1690 1659 2350 1823 LIBER
2500 1640 3505 1814 DECIMUS.

1413 2092 1589 2191 DE
1688 2078 2629 2186 lMPEDIMENTlS
2732 2057 3728 2174 GENERATIONIS.

1190 2884 2720 3033 TRAGTATUS
2893 2864 3944 3091 PRIMUS.

1500 4536 1809 4608 CAPUT
1860 4534 1916 4603 1.

904 5106 1008 5175 De
1047 5092 1649 5197 disposilionibus
1706 5088 2038 5161 matricis
2094 5107 2253 5181 quae
2306 5082 2539 5176 impc-

1372 5206 1585 5276 de‘unt
1617 5211 2063 5296 conceptum.

2648 3732 2887 3792 tamen
2919 3722 3230 3817 exceptis
3251 3742 3410 3815 quae
3425 3717 3641 3789 nimis
3662 3729 3873 3791 arctae
3904 3731 4095 3794 sunt.
4118 3725 4274 3796 Viri

2645 3848 2881 3909 autem
2924 3838 3216 3934 quidam
3277 3835 3440 3905 licet
3507 3836 3650 3904 sint
3710 3836 4143 3931 impotentes
4203 3853 4274 3914 et

2646 3952 2823 4022 sorte
2856 3976 2944 4022 ex
2987 3949 3217 4021 calido
3248 3954 3718 4019 consumente
3752 3946 4134 4024 humidum
4157 3963 4280 4025 aut

2645 4061 2980 4156 frigidum
3014 4059 3207 4156 quod
3239 4059 3613 4130 materiam
3659 4063 4128 4159 constringit:
4177 4076 4279 4137 ta-

2645 4198 2809 4244 men
2841 4173 3125 4254 mulier,
3172 4173 3338 4266 quia
3367 4193 3512 4241 non
3566 4194 3855 4268 semper
3891 4177 4035 4247 coit
4072 4178 4284 4249 emit·

2647 4286 2887 4375 tendo,
2932 4287 3055 4357 sed
3085 4286 3301 4357 etiam
3332 4283 3510 4355 alias
3540 4281 3756 4356 habet
3797 4288 4028 4359 coitus
4078 4290 4278 4362 dele-

2647 4402 3016 4482 ctationesr,
3061 4422 3344 4492 semper
3382 4407 3630 4493 parata
3675 4407 3781 4470 est
3823 4400 3911 4470 ad
3963 4403 4279 4475 coitum:

2651 4516 2719 4584 in
2760 4513 2872 4585 his
2903 4515 3096 4583 enim
3128 4512 3417 4606 patitur,
3464 4519 3533 4581 et
3567 4534 3713 4582 non
3748 4515 3897 4608 agit
3927 4538 3943 4584 z
4008 4523 4079 4588 et
4122 4514 4280 4589 ideo

2647 4627 2905 4697 virtute
2938 4633 3193 4718 agente
3228 4648 3372 4695 non
3415 4624 3713 4718 indiget.
3761 4623 4114 4709 Quamvis
4153 4656 4285 4702 au·

2649 4751 2789 4812 tem
2821 4741 2924 4809 sic
2953 4738 3144 4808 coire
3173 4737 3560 4808 conveniat
3614 4745 3764 4808 tam
3823 4740 3998 4810 viris
4067 4766 4287 4838 quam

2649 4851 3092 4929 mulieribus,
3129 4857 3371 4920 tamen
3412 4871 3557 4920 non
3590 4873 3883 4946 semper
3909 4855 4294 4949 consequi-

2647 4978 2764 5039 tur
2791 4964 3156 5060 generatio
3186 4970 3481 5057 propter
3515 4963 3962 5036 sterilitatem
4012 4968 4290 5038 utrius-

2649 5107 2786 5177 que
2854 5082 2990 5152 viri
3041 5088 3112 5149 et
3172 5078 3516 5159 mulieris,
3563 5086 3690 5149 aut
3755 5077 3941 5150 forte
3991 5079 4291 5153 alterius

2650 5219 2941 5267 eorum:
2979 5202 3048 5264 et
3079 5203 3251 5263 tunc
3281 5192 3496 5262 etiam
3529 5191 3587 5261 si
3645 5191 3958 5264 multum
3990 5203 4293 5267 utantur

2650 5310 2866 5386 coitu,
2914 5317 3154 5377 tamen
3201 5327 3346 5374 non
3386 5301 3881 5398 generabunt:
3927 5313 3999 5376 et
4039 5330 4282 5392 causa,

2647 5422 2827 5491 sicut
2865 5417 3203 5498 diximus,
3238 5422 3344 5484 est
3374 5412 3762 5507 aliquando
3793 5436 3883 5484 ex
3946 5423 4284 5511 utroque.

2650 5538 2714 5599 et
2766 5524 3150 5622 aliquando
3182 5546 3272 5594 ex
3336 5520 3607 5592 altero:
3644 5529 3939 5616 propter
3968 5525 4166 5620 quod
4208 5526 4284 5597 in

2652 5641 2773 5712 tali
2804 5640 2978 5710 vitio
3025 5638 3224 5733 prius
3272 5632 3792 5705 consideranda
3846 5627 3962 5716 (exi
4019 5639 4288 5710 matrix
4397 5640 4412 5653 '

2654 5751 2960 5822 imminae
2999 5773 3015 5819 ε
3061 5757 3131 5819 et
3170 5746 3229 5815 si
3259 5766 3474 5815 causa
3523 5726 3917 5819 sterilitatis
3935 5729 4160 5819 ‘fuerit
4199 5771 4291 5817 ex

999 5882 1252 5956 Coitus
1282 5887 1527 5950 autem
1560 5884 1667 5948 est
1717 5897 1830 5945 res
1890 5894 2052 5968 quae
2104 5867 2360 5940 accidit
2396 5876 2544 5936 tam
2656 5867 2977 5948 matrice,
3012 5872 3182 5933 tunc
3212 5865 3495 5954 oportet
3523 5881 3659 5930 nos
3698 5884 4112 5933 succurrere
4164 5884 4316 5957 perr

907 5999 1082 6070 viris
1144 6016 1365 6093 quam
1434 5988 1859 6063 mulieribus
1909 5981 2272 6069 omnibus,
2302 5978 2548 6077 paucis
2659 5977 3086 6051 medicinam
3127 5970 3468 6043 matricis.
3508 5968 3587 6042 Si
3616 5979 3861 6044 autem
3892 5994 4111 6043 causa
4140 5994 4290 6044 non
