4919 6371
1858 294 2030 363 LIB.
2084 292 2246 359 vul
2293 291 2413 358 DE
2458 288 3047 378 ANIMALIBUS,
3097 294 3405 362 TRACT.
3463 295 3519 361 V

4138 293 4269 361 479

1825 1307 3180 1451 TRAGTATUS
3367 1317 3497 1442 V

1913 1919 2060 2012 De
2109 1918 2543 2013 moribus
2602 1921 3381 2048 quadrupedum.

1608 3590 1907 3660 CAPUT
1954 3590 2011 3658 1.

1007 4339 1114 4406 De
1176 4338 1482 4406 oneribus
1550 4340 1793 4419 leonis,
1857 4340 2038 4432 lupi,
2109 4350 2175 4408 et
2237 4340 2572 4407 animalis

1354 4447 1547 4540 quod
1572 4448 1879 4517 bonacus
1909 4459 2216 4517 vocatur.

1088 5305 1371 5398 Oportet
1411 5317 1644 5377 autem
1684 5308 1881 5386 scire,
1917 5306 2099 5398 quod
2149 5307 2345 5375 multi
2402 5317 2562 5375 sunt

2703 2732 2769 2790 et
2799 2723 3022 2794 furore
3054 2737 3120 2795 et
3148 2726 3296 2797 aliis
3329 2729 3783 2820 passionibus,
3818 2732 4066 2822 quibus
4095 2757 4253 2803 cau·

2700 2839 2937 2900 santur
2974 2833 3219 2903 diversi
3254 2861 3476 2905 mores
3506 2861 3768 2906 eorum.

2789 2939 2912 3007 1!ae
2961 2943 3145 3010 enim
3184 2942 3578 3012 differentiae
3627 2967 3764 3012 non
3804 2946 4250 3018 inveniuntur

2697 3051 2959 3112 tantum
3021 3049 3092 3115 in
3164 3049 3569 3117 animalibus
3633 3050 4048 3132 domesticis»,
4128 3054 4248 3123 sed

2696 3154 2899 3220 etiam
2949 3157 3018 3223 in
3074 3157 3472 3248 agrestibus.
3527 3158 3661 3227 Leo
3717 3160 3900 3228 enim
3949 3159 4105 3231 licet
4160 3165 4249 3233 sit

2693 3266 3305 3334 communicativus
3352 3268 3600 3358 praedae
3657 3277 3724 3337 et
3770 3267 4092 3350 liberalis,
4136 3280 4248 3340 ta-

2692 3392 2850 3438 men
2879 3375 3153 3464 quando
3184 3384 3285 3444 est
3312 3376 3683 3456 famelicus,
3718 3387 3819 3445 est
3856 3378 4053 3448 valde
4093 3403 4248 3449 ma-

2688 3472 2796 3542 lus
2825 3487 2889 3546 et
2914 3501 3112 3570 asper
3148 3489 3214 3549 et
3243 3481 3602 3550 iracundus
3636 3506 3652 3551 :
3689 3483 3975 3574 quiescit
4011 3495 4242 3555 autein

2693 3584 2885 3674 quasi
2929 3595 3322 3655 mansuetus
3360 3588 3468 3666 sit,
3510 3588 3781 3678 quando
3812 3589 4133 3670 comedit,
4176 3599 4246 3660 et

2687 3691 2960 3783 quando
2991 3717 3129 3762 non
3167 3692 3369 3764 babet
3401 3695 3672 3763 famem.
3719 3695 4083 3767 Passiones
4123 3722 4245 3768 au-

2686 3808 2823 3867 tem
2863 3801 3114 3868 animae
3170 3800 3335 3869 tales
3399 3801 3627 3881 habet,
3680 3802 3865 3894 quod
3921 3804 4242 3874 videlicet

2685 3914 2786 3975 est
2813 3907 3034 3975 audax
3072 3908 3444 3977 secundum
3489 3934 3685 3991 suam
3717 3921 4062 3992 naturam,
4096 3935 4237 3980 non

2683 4014 2767 4083 de
2833 4014 3007 4084 facili
3069 4017 3338 4093 timens,
3396 4027 3463 4085 et
3527 4018 3714 4087 vadit
3769 4017 3856 4087 ad
3921 4018 4241 4089 homines

2681 4145 2838 4191 cum
2868 4123 3115 4215 quibus
3163 4126 3370 4192 crevit
3407 4148 3422 4193 ε
3456 4128 3614 4216 quia
3663 4125 3857 4195 facile
3900 4126 4238 4197 domesti-

2680 4240 2872 4299 catur
2898 4233 3043 4300 sine
3076 4233 3200 4311 ira,
3236 4233 3543 4323 quinimo
3575 4256 3880 4303 amorem
3913 4234 4119 4305 habet
4148 4236 4237 4305 ad

2677 4336 2992 4406 homines
3028 4362 3185 4407 cum
3225 4340 3471 4431 quibus
3515 4342 3892 4419 consuevit,
3937 4351 4005 4412 et
4053 4366 4238 4435 prze-

2677 4446 2870 4537 cipue
2900 4469 3057 4514 cum
3096 4447 3542 4516 nutritoribus
3592 4448 3759 4529 suis,
3793 4456 3860 4517 et
3888 4449 4087 4520 valde
4127 4451 4238 4520 di-

2673 4552 2824 4645 ligit
2859 4552 3093 4623 ludere
3128 4576 3145 4622 ε
3181 4553 3300 4624 sed
3335 4554 3478 4623 ludi
3506 4556 3608 4623 sui
3655 4555 4050 4649 frequenter
4077 4581 4237 4630 ma-

2671 4662 2817 4731 lum
2864 4662 3239 4729 sortiuntur
3274 4664 3557 4742 exitum,
3618 4686 3745 4734 nec
3793 4663 4078 4735 dimittit
4121 4666 4238 4735 lu-

2673 4771 2838 4840 dum
2893 4779 3050 4841 ante
3114 4792 3441 4863 magnum
3498 4782 3791 4864 tempus.
3848 4773 4232 4843 venatores

2671 4886 2900 4948 autem
2955 4878 3231 4969 quando
3287 4887 3389 4947 est
3424 4879 3782 4960 silvestris,
3834 4903 3976 4949 non
4033 4880 4232 4951 facile

2669 4983 2866 5075 rugit,
2934 4982 3054 5053 sed
3126 5008 3253 5054 nec
3307 4987 3545 5055 timere
3605 4986 3899 5055 videtur.
3957 4984 4094 5055 Sed
4169 4988 4229 5056 si

2670 5091 2868 5161 multi
2898 5101 3058 5162 suut
3083 5104 3608 5185 coangustantes
3655 5095 3908 5186 ipsum,
3943 5092 4228 5164 discedit

2671 5199 2755 5269 ab
2785 5200 2882 5267 eis
2912 5199 3239 5292 paulatim
3280 5199 3662 5279 ambulans,
3706 5209 3770 5269 et
3802 5224 3955 5270 raro
3986 5201 4229 5293 aspicit

2671 5306 2740 5374 in
2785 5305 2946 5398 fuga
2975 5314 3365 5374 retrorsum.
3415 5304 3486 5372 Si
3538 5314 3766 5374 autem
3808 5305 4228 5398 multiplica-

994 5413 1181 5481 modi
1214 5413 1757 5483 differentiarum
1799 5413 2207 5483 animalium
2240 5412 2568 5483 diss'eren-
2668 5415 2854 5483 bitur
2898 5436 3224 5481 numerus
3274 5422 3703 5493 venatorum,
3772 5423 3999 5484 curret
4062 5416 4226 5507 qui-

993 5519 1168 5588 t'ium
1222 5544 1435 5613 penes
1501 5545 1732 5592 mores
1774 5544 1792 5593 :
1838 5522 2170 5614 quoniam
2210 5520 2563 5590 diversan-

993 5637 1108 5699 tur
1131 5629 1203 5698 in
1231 5628 1519 5700 audacia
1547 5639 1617 5701 et
1644 5630 1895 5702 timore
1944 5639 2014 5702 et
2041 5628 2563 5699 mansuetudine

2670 5520 2826 5590 dem
2862 5521 3154 5612 fugiens,
3196 5519 3315 5588 sed
3360 5543 3500 5589 non
3536 5520 3811 5592 saltabit
3848 5522 4028 5592 sicut
4072 5521 4223 5591 aliae

2666 5628 2902 5699 bestiae
2963 5627 3221 5697 faciunt
3269 5627 3543 5721 quando
3598 5630 3871 5724 fugiunt
3902 5629 4222 5722 :fugiens
