4919 6371
1999 394 2169 464 LIB.
2220 393 2251 460 1
2296 392 2418 460 DE
2465 391 3052 473 ANlMALlBUS,
3100 394 3411 463 TRACT.
3468 392 3496 458 Ι
4280 401 4348 466 11

1150 576 1296 645 haec
1321 571 1505 640 enim
1536 565 1862 634 animalia
1887 572 2191 655 tempore
2218 564 2563 655 pullorum
2592 587 2697 632 se·

1149 680 1441 773 paratim
1471 672 1731 752 volant,
1760 675 1916 741 etin
1944 671 2189 765 hyeme
2220 683 2698 765 aggregantur.

1146 790 1249 856 De
1290 781 1707 851 animalibus
1737 790 1966 851 autem
2014 782 2310 851 solitarie
2358 779 2704 847 manenti-

1146 896 1276 961 bus
1315 889 1598 981 aliquod
1627 899 1729 959 est
1757 892 2172 968 civitatense,
2216 886 2400 977 quod
2430 888 2500 952 in
2530 885 2704 953 civi-

1149 998 1407 1067 tatibus
1445 997 1809 1069 hominum
1865 1002 2097 1065 manet
2160 1017 2175 1060 ε
2235 1001 2301 1060 et
2358 992 2701 1082 quoddam

1148 1113 1381 1173 manet
1420 1107 1491 1173 in
1519 1101 1874 1195 pago,hoc
1903 1107 2027 1179 est,
2069 1099 2139 1166 in
2169 1099 2463 1181 deserte,
2494 1099 2605 1166 vel
2631 1098 2703 1165 in

1146 1213 1364 1298 silviS,
1415 1221 1484 1281 et
1528 1212 1706 1300 fugit
1752 1208 2116 1277 hominum
2179 1205 2697 1286 habitationem,

1146 1320 1323 1388 sicut
1369 1316 1691 1386 struthio.
1775 1314 1957 1382 Aves
2015 1322 2239 1382 autem
2286 1337 2442 1382 cum
2502 1316 2703 1383 sociis

1143 1434 1531 1503 manenteS,
1598 1446 1737 1490 non
1784 1430 2065 1491 manent
2109 1446 2262 1491 cum
2334 1421 2511 1501 aliis,
2570 1423 2700 1489 nisi

1143 1533 1396 1625 quibus
1425 1529 2035 1598 communicantia
2072 1550 2343 1619 genere,
2376 1530 2553 1595 sicut
2579 1550 2706 1617 pa-

1140 1638 1388 1717 lumbi,
1438 1644 1513 1717 ¹et,
1564 1659 1795 1728 grueS,
1828 1645 1897 1705 et
1948 1637 2093 1703 avis
2137 1657 2289 1724 quae
2318 1633 2530 1702 Graeci
2557 1634 2706 1703 col-‘i

1140 1754 1431 1817 vocatur
1488 1767 1506 1814 ε
1554 1752 1656 1813 est
1712 1751 1942 1812 autem
1980 1742 2160 1832 apud
2214 1763 2340 1809 nos
2396 1750 2698 1809 sturnus.

1141 1857 1328 1926 Aves
1363 1863 1597 1924 autem
1630 1876 1782 1944 quae
1810 1850 2067 1921 habent
2100 1851 2399 1925 aduncos
2427 1860 2505 1920 et
2541 1873 2706 1920 acu-

1138 1971 1246 2032 tos
1275 1982 1571 2053 ungues,
1605 1981 1746 2027 non
1793 1967 2083 2049 possunt
2120 1957 2518 2027 cohabitare
2545 1980 2703 2026 cum

1132 2067 1484 2160 aliquibus
1512 2068 1857 2136 sociorum
1891 2089 2174 2135 suorum
2203 2073 2490 2158 propter
2529 2068 2702 2133 iram

1133 2186 1201 2245 et
1239 2175 1665 2244 ferocitatem
1711 2197 1932 2241 suam.
1985 2172 2135 2242 Hoc
2171 2181 2401 2242 autem
2433 2195 2704 2243 conve-

1066 2273 1075 2282 ’
1136 2280 1235 2352 nit
1270 2279 1511 2351 multis
1541 2278 1909 2370 generibus
1945 2278 2235 2369 piscium
2279 2300 2295 2345 ε
2329 2277 2492 2368 quia
2529 2286 2597 2346 et
2625 2278 2706 2349 il-

1133 2389 1367 2458 lorum
1393 2387 1606 2479 aliqui
1650 2396 2178 2480 congregantur,
2206 2395 2298 2473 ‚et
2341 2386 2552 2478 aliqui
2601 2410 2702 2456 se·

1134 2503 1536 2587 gregantur.
1600 2480 2118 2587 congregantur
2192 2493 2469 2586 quidem
2528 2495 2704 2565 sicut

1135 2601 1443 2688 allec„et
1494 2600 1824 2692 delphini,
1865 2610 1933 2672 et
1968 2601 2155 2694 quod
2198 2602 2442 2672 dicitur
2492 2600 2702 2671 Grece

1143 2709 1500 2793 domoder,
1544 2717 1612 2779 et
1639 2709 1934 2791 colaubi,
1965 2708 2346 2789 lamodech,
2375 2718 2445 2778 et
2471 2732 2695 2801 amya.

1138 2816 1379 2887 lIomo
1416 2825 1653 2893 autem
1676 2815 1845 2889 ,licet
1891 2815 1980 2887 sit
2007 2815 2401 2886 naturaliter
2443 2815 2701 2885 animal

1138 2920 1420 3014 gregale
1448 2927 1515 2991 et
1543 2920 1768 3002 civile,
1800 2929 2028 2990 tamen
2059 2928 2325 2993 exercet
2342 2928 2702 3012 utramque

1140 3029 1643 3119 operationem.
1686 3026 2078 3118 Aliquando
2118 3035 2221 3097 est
2263 3026 2451 3097 solus
2488 3049 2703 3118 prop-

1142 3142 1247 3204 ter
1273 3131 1669 3204 felicitatem
1705 3132 2298 3226 contemplationis
2329 3154 2347 3203 ε
2382 3132 2702 3224 aliquan-

1140 3241 1229 3309 do
1277 3248 1514 3309 autem
1564 3263 1720 3309 cum
1788 3239 2022 3310 multis
2070 3242 2140 3309 in
2194 3241 2493 3321 civitate,
2552 3242 2698 3310 sine

1139 3349 1390 3442 quibus
1414 3407 1419 3412 .
1444 3372 1590 3420 non
1655 3350 2032 3441 acquiritur
2099 3350 2379 3420 felicitas
2449 3350 2693 3421 civilis.

1140 3455 1349 3527 Solus
1411 3455 1692 3549 quidem
1747 3455 1999 3548 gaudet
2031 3454 2241 3542 ‚bono
2303 3456 2565 3539 divino,
2627 3458 2697 3526 in

1139 3565 1413 3655 civitate
1478 3573 1713 3636 autem
1746 3564 1993 3659 bono,
2021 3562 2327 3635 humano
2398 3564 2690 3636 laetatur.

1143 3669 1556 3744 Civitateme
1614 3679 1851 3756 ¹autem
1886 3670 2140 3743 animal
2174 3680 2485 3756 vocatur,
2512 3672 2697 3764 quod

1140 3777 1226 3847 ad
1278 3778 1739 3864 imitationem
1800 3777 2153 3848 civitatum
2204 3778 2440 3851 omnia
2487 3801 2694 3871 opera

1141 3908 1265 3958 sua
1292 3884 1502 3958 refert
1533 3884 1639 3964 ad¹
1662 3907 1906 3968 unum,
1943 3892 2010 3955 et
2046 3885 2432 3978 agitunam
2474 3887 2696 3956 actio-

1141 4014 1301 4078 nem
1347 3990 1437 4063 ad
1480 4014 1848 4080 commune
1875 3989 2134 4062 bonum
2170 3992 2623 4085 pertinentem
2671 4014 2687 4061 ε

1141 4122 1266 4171 nec
1317 4108 1554 4169 tamen
1607 4120 1815 4190 omne
1870 4098 2124 4169 animal
2185 4097 2458 4192 gregale
2535 4123 2691 4170 cum

1141 4207 1346 4278 sociis
1383 4227 1698 4287 manens,
1748 4203 1958 4276 talem
2009 4204 2168 4274 facit
2221 4206 2691 4296 operationem

1141 4312 1213 4380 in
1252 4333 1473 4384 unum
1501 4308 1846 4382 collatam.
1966 4397 1973 4402 ,

1154 4489 1167 4496 ,
1227 4417 1332 4489 De
1376 4415 1495 4506 his,
1525 4423 1758 4489 autem
1795 4439 1948 4510 qua}
1978 4419 2049 4487 in
2090 4440 2307 4506 unum
2326 4417 2695 4498 ,conferunt

1142 4511 1603 4620 operationes,
1633 4533 1737 4597 est
1761 4523 2000 4610 homo,
2030 4527 2201 4617 apis,
2251 4533 2318 4597 et
2361 4549 2597 4619 vespa,
2625 4535 2694 4596 et

1141 4633 1455 4713 formica,
1488 4641 1557 4702 et
1599 4655 1787 4726 grus.
1838 4631 1977 4704 Sed
2029 4635 2102 4701 in
2134 4632 2419 4727 gruibus
2463 4634 2694 4703 minus

1143 4748 1247 4812 est
1271 4737 1715 4810 manifestum
1744 4761 1954 4831 quam
1978 4741 2050 4810 in
2086 4739 2277 4811 aliis:
2311 4741 2473 4833 quia
2490 4764 2694 4833 grues

1144 4869 1287 4916 non
1323 4844 1686 4916 conferunt
1710 4846 1785 4913 in
1824 4868 2038 4916 unum
2094 4845 2392 4939 aliquam
2448 4870 2692 4940 opera-

1145 4953 1432 5036 tionem,
1491 4952 1624 5021 nisi
1679 4951 1916 5022 curam
1963 4952 2215 5045 vigilioe
2252 4961 2320 5023 et
2381 4954 2691 5025 ordinem

1141 5057 1415 5129 volatus
1457 5078 1475 5127 :
1546 5057 1681 5128 alia
1741 5066 1973 5129 autem
2022 5057 2342 5130 animalia
2384 5060 2686 5142 inducta,

1143 5165 1504 5250 conferunt
1549 5164 1766 5233 multa
1813 5165 1890 5233 in
1944 5188 2159 5235 unum
2205 5168 2692 5239 communitate

1146 5272 1581 5364 negotiorum
1608 5278 1680 5339 et
1712 5268 2045 5351 ciborum,
2087 5294 2173 5342 ex
2208 5272 2456 5364 quibus
2502 5297 2693 5343 com-

1146 5377 1349 5463 muni,
1378 5376 1758 5447 consulitur
1802 5377 2100 5447 utilitati.
2149 5378 2416 5449 Horum
2462 5389 2691 5452 autem

1120 5507 1298 5576 quaa
1325 5483 1435 5558 sic,
1463 5485 1997 5567 communicant,
2029 5484 2339 5576 quoedam
2362 5488 2546 5578 regit
2570 5512 2693 5559 rex

1133 5595 1256 5664 acui
1283 5590 1642 5672 obediunt,
1674 5593 1848 5665 sicut
1883 5616 2109 5687 grues,
2142 5601 2210 5666 et
2241 5617 2431 5687 apes,
2463 5603 2533 5665 et
2549 5595 2696 5674 ,ho-

1148 5702 1393 5771 mines.
1425 5697 1569 5769 Ista
1593 5698 1779 5768 enim
1813 5698 2071 5772 babent
2095 5723 2324 5793 regem
2352 5710 2421 5772 et
2446 5704 2695 5794 princi-

2808 588 2963 654 pem
3032 564 3396 632 sollicitum
3463 562 3640 629 circa
3696 585 3767 630 se
3805 572 3870 631 et
3926 565 4008 632 de
4067 565 4355 635 utilitate

2808 672 3180 737 communi.
3271 667 3599 748 Quaedam
3674 677 3900 738 autem
3974 672 4354 762 gregalium

2808 801 2947 846 non
2986 778 3241 848 habent
3270 803 3526 871 regem,
3562 781 3737 848 sicut
3773 780 4094 860 formicae,
4141 790 4207 850 et
4250 782 4361 850 lo-

2807 894 3039 964 custae,
3075 909 3225 975 quae
3263 910 3386 978 per
3422 896 3681 955 turmas
3718 888 4160 977 egrediuntur
4188 913 4361 957 con-

2808 994 3121 1072 corditer,
3175 996 3348 1063 sicut
3398 999 3764 1088 unicuique
3811 1018 4049 1067 eorum
4106 1021 4227 1089 per
4282 1022 4355 1067 se

2808 1101 3172 1170 commissa
3207 1102 3295 1170 sit
3350 1125 3512 1170 cura
3549 1106 3933 1173 communis
3962 1113 4029 1173 et
4068 1104 4355 1172 urbani-

2808 1216 2934 1276 tas.
2972 1207 3086 1308 Sic
3116 1217 3182 1277 et
3226 1210 3402 1277 inter
3446 1207 3759 1278 homines
3807 1220 3910 1279 est
3947 1211 4199 1302 duplex
4238 1236 4360 1279 ur-

2807 1313 3070 1381 banitas
3111 1316 3326 1407 regni,
3360 1314 3673 1383 videlicet
3711 1338 3860 1405 quae
3907 1319 4358 1386 committitur

2808 1420 2926 1485 uni
2951 1420 3418 1510 gubernanda,
3461 1428 3528 1489 et
3563 1421 3982 1489 aristocratia
4010 1430 4077 1489 et
4115 1424 4358 1491 demo-

2807 1527 3040 1604 cratia,
3094 1550 3245 1618 quae
3291 1536 3451 1595 sunt
3496 1527 3916 1595 urbanitates
3973 1531 4356 1600 commissae

2807 1632 3137 1721 pluribuS,
3180 1655 3302 1724 per
3339 1655 3508 1723 quas
3546 1634 4034 1723 gubernantur.

2894 1739 3139 1808 Adhuc
3166 1748 3395 1808 autem
3423 1739 3743 1808 differunt
3770 1741 4093 1809 animalia
4122 1742 4191 1809 in
4224 1740 4359 1811 hoc

2807 1847 2991 1937 quod
3021 1847 3333 1937 quaedam
3357 1848 3779 1916 manentium
3809 1870 3964 1915 cum
3986 1850 4191 1916 sociis
4210 1850 4353 1917 suis

2805 1955 2933 2023 sibi
2989 1957 3061 2023 in
3109 1958 3334 2046 specie
3388 1954 3880 2035 conformibuS,
3934 1964 4218 2026 manent
4280 1959 4351 2025 in

2806 2063 3199 2153 regionibus
3236 2066 3376 2131 suis
3416 2065 3602 2132 omni
3641 2071 3948 2155 tempore
3975 2065 4354 2135 secundum

2804 2193 3019 2238 unum
3085 2179 3153 2241 et
3213 2171 3534 2240 eumdem
3606 2171 3914 2251 modum,
3974 2172 4151 2240 sicut
4212 2171 4346 2248 leo,

2804 2301 3067 2359 cervus,
3102 2287 3169 2350 et
3196 2301 3453 2369 passer,
3487 2285 3553 2346 et
3580 2277 3831 2367 aquila.
3874 2275 4205 2355 Quaedam
4237 2300 4354 2345 au-

2804 2394 2940 2456 tem
2978 2387 3405 2458 abscondunt
3459 2408 3531 2454 se
3585 2408 3706 2476 per
3752 2384 4032 2475 aliquod
4078 2394 4351 2476 tempus

2802 2497 2989 2577 anni,
3033 2501 3100 2563 et
3134 2502 3291 2584 post
3315 2492 3484 2560 illud
3521 2492 3609 2559 ad
3646 2491 3797 2561 loca
3832 2514 3956 2560 sua
3995 2500 4354 2562 revertun-

2801 2614 2936 2684 tur,
2976 2606 3152 2675 sicut
3196 2602 3518 2685 hirundo,
3559 2625 3782 2682 ursus,
3831 2609 3899 2671 et
3941 2602 4229 2688 ciconia,
4285 2610 4353 2673 et

2848 2710 2957 2780 lis.

2801 2736 2847 2804 g
2888 2820 3070 2887 Aves
3099 2824 3329 2886 autem
3358 2815 3580 2887 adhuc
3608 2813 3929 2885 differunt
3955 2815 4027 2884 in
4064 2815 4352 2906 regimi-

2799 2949 2888 2997 ne
2925 2928 3030 2995 sui
3060 2924 3218 3005 cibi,
3262 2927 3436 2995 sicut
3462 2933 3533 2994 et
3568 2922 3701 2992 alia
3738 2923 4061 2993 animalia
4099 2945 4116 2992 ε
4170 2945 4354 3014 quo-

2800 3034 2984 3103 niam
3042 3032 3354 3123 quaedam
3420 3030 3789 3100 comedunt
3847 3052 4111 3114 carnes,
4176 3030 4354 3100 sicut

2800 3140 3054 3234 aquila,
3086 3147 3155 3210 et
3190 3137 3424 3210 vultur
3457 3160 3474 3207 ε
3507 3136 3818 3229 quaedam
3854 3145 4084 3209 autem
4115 3159 4356 3208 come-

2799 3246 2970 3319 dunt
3005 3269 3245 3339 grana,
3303 3247 3479 3314 sicut
3531 3243 4007 3313 columbarum
4066 3266 4348 3335 genera,

2799 3362 2866 3422 et
2901 3376 3144 3444 equus,
3176 3361 3246 3421 et
3272 3352 3505 3420 asinus
3538 3373 3557 3418 ε
3598 3349 3907 3441 quaedam
3952 3359 4186 3419 autem
4228 3372 4347 3420 co·

2798 3460 3084 3530 madunt
3117 3467 3510 3549 utrumque,
3563 3459 3739 3527 sicut
3782 3479 4054 3537 corvus,
4088 3465 4156 3528 et
4192 3479 4350 3526 cor-

2799 3566 2942 3646 nix,
2973 3575 3042 3634 et
3085 3566 3260 3657 pica.
3295 3562 3622 3644 Quaedam
3667 3570 3898 3633 autem
3942 3561 4347 3632 animalium

2798 3670 3048 3742 babent
3104 3669 3441 3763 gustabile
3512 3669 3893 3761 proprium,
3951 3669 4129 3739 sicut
4198 3670 4348 3759 apis

2797 3802 2948 3871 quae
2993 3786 3221 3871 gustat
3274 3778 3414 3847 mel
3454 3785 3525 3846 et
3568 3775 3826 3868 aliquid
3872 3775 4069 3845 dulce
4123 3774 4348 3846 simile

2796 3888 3008 3971 melli,
3065 3895 3135 3956 et
3187 3909 3440 3957 aranea
3491 3907 3644 3977 qum
3697 3892 3925 3976 gustat
3980 3882 4343 3955 humorem

2796 4015 3185 4062 muscarum
3215 4000 3282 4062 et
3308 3991 3601 4060 aliorum
3636 3991 4002 4060 vermium.
4035 3989 4123 4059 Et
4148 4011 4345 4081 quae-

2794 4103 2952 4173 dam
2987 4104 3234 4171 vivunt
3266 4099 3350 4169 de
3380 4101 3743 4169 venatione
3777 4098 4343 4190 parvissimorum

2792 4213 3083 4304 piscium
3128 4218 3192 4279 et
3232 4215 3486 4301 sugunt
3521 4206 3699 4276 illos.
3743 4206 4068 4287 Quaedam
4114 4213 4343 4275 autem

2793 4317 3117 4389 animalia
3176 4315 3554 4386 secundum
3614 4315 3919 4406 regimen
3991 4334 4133 4383 sum
4185 4315 4346 4382 vitae

2792 4423 2955 4497 suut
2979 4427 3302 4498 venantia
3330 4423 3560 4495 cibum
3587 4444 3710 4516 per
3739 4421 4023 4492 insidias
4049 4421 4344 4491 aliorum

2793 4533 3219 4613 animalium,
3258 4540 3378 4603 aut
3404 4553 3526 4622 per
3559 4528 3954 4599 violentiam
3992 4552 4199 4621 quam
4229 4529 4346 4597 in-

2790 4642 3018 4713 ferunt
3062 4640 3220 4718 illis,
3262 4638 3382 4708 sed
3429 4659 3569 4707 non
3615 4635 4040 4727 providentia
4075 4635 4208 4706 sibi
4258 4635 4341 4706 de

2795 4772 2876 4820 eo
2916 4746 3101 4839 quod
3165 4746 3443 4837 capiunt
3498 4745 3568 4812 in
3618 4743 3950 4812 futurum.
4013 4741 4342 4823 Quaedam

2795 4863 3024 4925 autem
3069 4850 3497 4943 providentia
3562 4849 3856 4941 quadam
3910 4847 4344 4918 accumulant

2791 4963 2925 5033 sibi
2961 4960 3192 5032 cibum
3228 4958 3644 5028 sufficienter
3685 4958 3754 5026 in
3793 4956 4127 5037 futurum,
4168 4959 4346 5029 sicut

2791 5070 3099 5144 formica,
3160 5073 3229 5134 et
3283 5088 3437 5135 mus
3489 5072 3879 5142 montanus,
3928 5086 4089 5133 cum
4126 5063 4260 5134 alia
4306 5087 4343 5135 e

2791 5196 3125 5247 converso
3154 5171 3327 5241 nihil
3343 5170 3769 5263 provideant,
3799 5171 3973 5240 sicut
3993 5170 4248 5254 cicada,
4276 5179 4345 5241 et

2792 5305 3127 5455 paladii-uc
3151 5390 3382 5453 autem
3425 5383 3735 5475 quaedam
3779 5380 4038 5452 habent
4071 5381 4344 5454 habita-

2794 5492 2970 5574 cula,
3030 5493 3102 5561 in
3156 5489 3405 5581 quibus
3459 5512 3599 5559 non
3654 5487 3879 5560 solum
3930 5489 4338 5580 pulliticant,

2791 5597 2913 5670 sed
2941 5597 3146 5667 etiam
3176 5595 3578 5665 continuum
3615 5591 3870 5663 habent
3897 5595 4339 5665 commodum

2791 5708 2948 5776 vitae
2983 5712 3142 5795 post
3174 5702 3483 5772 laborem
3518 5702 3921 5790 venationis,
3952 5701 4129 5772 sicut
4156 5702 4342 5794 talpa
