4919 6371
578 352 707 417 272

578 537 672 590 sc,
710 535 917 603 quam
957 532 1113 576 ossa
1167 507 1456 573 marium
1493 525 1507 568 :
1546 525 1668 570 nec
1714 511 1871 569 sunt
1909 502 2131 594 appli-

577 629 725 689 cata
756 619 887 686 sibi
916 618 1089 683 sicut
1124 636 1278 680 ossa
1308 613 1622 679 marium.
1659 611 1743 679 Et
1772 611 1899 679 hoc
1937 612 2131 678 simi-

575 729 729 794 liter
756 723 1000 792 accidit
1029 722 1325 789 l'oeminis
1359 719 1635 788 karabo.

664 832 827 897 Haec
909 829 1117 919 igitur
1183 829 1357 896 dicta
1414 836 1571 895 sunt
1620 828 1700 896 de
1795 827 2124 895 dictorum

574 936 811 1004 mollis
849 944 1033 1003 leslae
1059 935 1461 1003 animalium
1504 936 1873 1002 anatomia.

1125 1896 1417 1966 CAPUT
1463 1895 1582 1962 111.

574 2652 676 2717 De
704 2657 961 2715 natm-a
989 2657 1054 2714 et
1070 2646 1511 2737 dispositione
1537 2645 1953 2712 animalium
1974 2669 2125 2736 quae

660 2756 987 2822 dicuntur
1043 2755 1227 2821 durae
1276 2762 1487 2833 testae,
1531 2777 1679 2843 quae
1715 2765 1874 2821 sun!
1902 2764 2121 2820 ostrea

655 2860 1022 2930 conchilia.

633 3709 742 3778 Ad
771 3708 1199 3801 loquendum
1240 3716 1470 3777 autem
1519 3705 1602 3774 de
1641 3705 1749 3775 his
1787 3705 2109 3776 animali-

548 3815 674 3884 bus
703 3838 855 3907 quae
881 3813 1066 3884 durae
1106 3821 1309 3883 textoe
1348 3814 1673 3892 existunt,
1705 3811 1976 3881 difficile
2006 3822 2106 3881 est

544 3933 822 4017 propter
868 3923 1157 3994 multam
1216 3945 1453 3992 eorum
1508 3923 1997 4002 diversitmmn,
2039 3932 2103 3990 et

544 4032 906 4100 nominum
936 4053 1175 4099 eorum
1220 4029 1675 4120 ignorantiam
1717 4052 1733 4097 ε
1781 4038 1846 4096 et
1874 4032 1930 4097 si
1972 4052 2106 4122 qua

540 4163 778 4210 eorum
851 4138 1111 4209 habent
1159 4138 1468 4220 nomina,
1522 4136 1976 4206 diversimode
2036 4139 2102 4204 in

539 4248 825 4316 diversis
863 4246 1174 4315 maribus
1201 4242 1652 4337 appellantur.

628 4356 1026 4425 Differ-entia
1068 4363 1297 4424 autem
1327 4354 1631 4446 ipsorum
1663 4353 2000 4443 principue
2032 4354 2100 4420 in

1581 340 1663 405 D.
1718 337 1916 402 ALB.
1971 336 2186 404 MAG.
2239 339 2444 407 ORD.
2499 340 2793 407 PRAED.

2238 504 2439 572 beant
2505 506 2583 573 de
2625 515 2864 573 natura
2920 506 3333 595 ma1·gm·itae.
3381 506 3459 571 ln
3524 509 3792 574 conchis

2234 638 2421 694 vere,
2458 617 2616 706 quia
2665 614 3076 683 concharum
3121 614 3252 681 alia
3292 624 3395 682 est
3460 617 3686 695 unica,
3723 625 3789 683 et

2237 725 2383 792 aliae
2414 733 2573 792 sunt
2601 725 2747 791 duae
2773 725 2976 790 unius
3002 733 3068 792 et
3087 724 3393 812 ejusdem
3425 723 3739 790 animalis
3769 746 3782 790 :

2234 834 2346 900 sed
2370 833 2547 900 ultra
2567 832 2731 899 duas
2771 833 3037 899 nullum
3077 836 3363 901 omnino
3386 831 3639 900 animal
3674 832 3789 898 ha-

2232 940 2388 1006 bere
2417 940 2779 1006 invenitur.
2809 939 2892 1004 Et
2923 940 3169 1006 iterum
3201 941 3335 1008 alia
3366 949 3466 1008 est
3496 939 3788 1008 rotunda

2234 1045 2423 1134 quasi
2456 1042 2731 1111 cochlea
2759 1043 3051 1132 spiraliS‚
3087 1053 3151 1111 et
3191 1047 3325 1112 alia
3359 1054 3460 1115 est
3489 1045 3787 1135 oblonga

2233 1150 2423 1240 quasi
2489 1147 2750 1239 sphaera
2793 1170 3181 1239 compressa
3249 1159 3315 1217 et
3353 1160 3692 1240 protracta
3725 1158 3790 1216 et

2232 1265 2576 1325 attenuata
2599 1258 2666 1324 in
2705 1257 3014 1336 circuitu,
3041 1265 3109 1324 et
3145 1257 3276 1323 alia
3305 1265 3406 1324 est
3426 1259 3788 1325 columna-

2233 1364 2335 1442 lis,
2381 1366 2550 1431 sic-ut
2591 1372 2690 1431 est
2721 1364 2787 1429 in
2837 1372 3061 1431 ostreo
3103 1363 3291 1455 quod
3323 1364 3669 1432 invenitur
3721 1366 3783 1429 in

2232 1473 2397 1538 mari
2432 1470 2661 1547 ltaliae,
2696 1471 2880 1561 quod
2909 1479 3194 1538 vocatur
3249 1494 3472 1537 canna
3512 1480 3788 1561 propter

2230 1601 2366 1646 suae
2395 1575 2671 1645 conchae
2711 1576 3227 1645 similitudinem
3277 1577 3363 1645 ad
3427 1601 3744 1646 cannam.

2313 1683 2555 1752 Adhuc
2593 1692 2815 1751 autem
2865 1683 3284 1751 concharum
3342 1685 3658 1775 quaedam
3688 1692 3790 1752 est

2229 1793 2469 1882 spissa,
2539 1802 2605 1860 et
2659 1792 2971 1883 quaedam
3040 1793 3289 1875 tenuis,
3352 1801 3418 1859 et
3473 1793 3788 1883 quaedam

2231 1898 2298 1965 in
2356 1899 2579 1967 medio
2637 1898 2751 1965 ubi
2803 1909 2906 1967 est
2978 1907 3310 1977 ostreum,
3386 1907 3491 1967 est
3545 1899 3785 1990 spissa,

2230 2011 2294 2074 et
2361 2007 2427 2073 in
2495 2007 2741 2073 tinibus
2806 2005 2922 2072 ubi
2971 2005 3335 2089 clauditur,
3368 2015 3470 2074 est
3530 2006 3785 2087 tenuis,

2229 2113 2399 2180 sicut
2466 2122 2703 2181 ostrea·
2776 2110 3051 2181 conchae
3100 2135 3252 2202 quae
3329 2113 3398 2179 in
3472 2111 3785 2204 pluribus

2220 2221 2415 2308 juxta
2443 2220 2628 2288 lacus
2658 2228 2723 2288 et
2754 2221 3032 2287 llumina
3092 2220 3561 2288 inveniuntur.

2317 2325 2557 2393 Adhuc
2611 2334 2836 2393 autem
2897 2325 3209 2416 quaedam
3279 2333 3379 2393 est
3437 2324 3666 2414 plana,
3718 2332 3782 2390 et

2227 2433 2536 2525 quaedam
2583 2443 2683 2503 est
2734 2456 2997 2524 aspera,
3041 2441 3106 2501 et
3166 2432 3479 2523 quaedam
3534 2432 3783 2500 lineata

2230 2539 2429 2607 radiis
2467 2541 2655 2631 quasi
2725 2541 2805 2607 de
2860 2563 2998 2607 uno
3030 2548 3264 2607 centro
3323 2538 3441 2607 ubi
3481 2547 3782 2606 ostreum

2216 2646 2398 2734 jacet
2426 2647 2852 2716 exeuntibus.
2899 2646 2982 2713 Et
3024 2647 3270 2714 iterum
3323 2639 3638 2736 quaedam
3679 2653 3775 2712 est

2223 2755 2402 2835 alba,
2435 2764 2501 2822 et
2566 2755 2871 2845 quaedam
2927 2753 3161 2833 rubea,
3206 2763 3271 2821 et
3321 2754 3638 2844 quiedam
3672 2754 3782 2819 ni-

2219 2883 2365 2949 gra,
2400 2870 2467 2927 et
2504 2859 2813 2949 qua-dam
2861 2857 3063 2925 habet
3097 2857 3536 2950 splendorem
3602 2880 3779 2923 mar-

2217 2967 2451 3057 garita·
2492 2976 2558 3034 et
2613 2968 2790 3034 intus
2819 2975 2884 3035 et
2947 2974 3164 3034 extra.
3199 2966 3285 3033 Et
3340 2966 3573 3035 multae
3626 2965 3772 3033 aliae

2216 3080 2375 3142 sunt
2434 3072 2846 3142 concharum
2921 3072 3374 3141 diversitates.

2312 3179 2625 3271 Amplius
2679 3189 2904 3248 autem
2954 3180 3272 3271 qua-dam
3303 3187 3529 3249 ostrea
3582 3201 3770 3270 egre·

2215 3292 2494 3360 diuntur
2535 3292 2616 3358 de
2645 3291 2785 3357 suis
2814 3287 3122 3366 conchiS‚
3155 3298 3225 3357 et
3268 3287 3582 3380 quaedam
3614 3310 3768 3355 ma-

2216 3408 2375 3468 nent
2416 3399 2483 3466 in
2514 3400 2632 3464 eis.
2676 3397 2759 3464 Et
2798 3396 3224 3465 manentium
3275 3394 3591 3487 quaedam
3631 3416 3775 3460 nm·

2214 3514 2376 3574 nent
2440 3503 2881 3572 immobiliter
2945 3501 3369 3572 adhaerentia
3434 3501 3777 3593 lapidibus

2213 3615 2282 3681 in
2302 3611 2552 3704 quibus
2568 3621 2957 3691 nascuntur,
2973 3619 3040 3677 et
3061 3610 3381 3702 qua-dam
3400 3608 3779 3679 extendunt

2209 3720 2518 3789 membra
2579 3719 2891 3811 quiedam
2958 3728 3151 3787 extra
3192 3715 3558 3798 concham,
3619 3716 3772 3792 licet

2211 3851 2347 3897 non
2378 3830 2444 3896 in
2482 3836 2627 3895 toto
2664 3827 3124 3918 egrediantur.
3178 3824 3519 3894 Similiter
3546 3832 3772 3892 autem

2209 3938 2524 4031 quaedam
2555 3958 2928 4025 numquam
2963 3936 3282 4025 aperiunt
3310 3931 3671 4011 concham,
3713 3939 3778 3999 et

2217 4044 2535 4136 qua-dam
2565 4042 2890 4111 claudunt
2926 4051 2990 4108 et
3023 4044 3367 4132 aperiunt.
3402 4039 3485 4106 Et
3525 4037 3771 4107 horum

2206 4151 2519 4245 quaedam
2585 4148 2923 4218 claudunt
2984 4157 3055 4216 et
3108 4149 3427 4238 aperiunt
3485 4146 3557 4212 in
3641 4167 3778 4212 una

2204 4268 2392 4349 parte
2422 4265 2714 4335 tantum,
2748 4253 3061 4347 quoedam
3094 4261 3324 4321 autem
3382 4254 3447 4321 in
3482 4262 3771 4344 utraque

2207 4376 2416 4459 parte.
2451 4365 2768 4434 ostreum
2803 4365 2989 4432 enim
3026 4361 3213 4454 quod
3244 4362 3492 4430 dicitur
3520 4383 3767 4435 conseo,

536 4474 834 4557 quatuor
869 4463 1270 4543 attenditur,
1313 4464 1382 4531 in
1430 4461 1805 4529 substantia
1858 4461 2104 4530 videli-
2205 4473 2384 4565 quod
2418 4483 2516 4540 ρει
2549 4470 2962 4545 columnale,
3008 4470 3227 4560 aperit
3284 4476 3353 4536 et
3390 4466 3649 4535 claudit
3705 4468 3771 4532 in

538 4571 1012 4653 0⁰¹8¹¹3¹1¹813⁸‚
1054 4580 1121 4641 0¹
1153 4572 1356 4640 1110ἆο
1387 4568 1665 4637 0011011ῐὲ
1696 4571 1762 4637 ῑῐὶ
1804 4592 1940 4662 ‘1²¹ss
1970 4579 2094 4648 ⁰⁸¹,
2203 4581 2485 4649 circuitu
2520 4580 2586 4647 in
2629 4588 2914 4668 utraque
2954 4598 2969 4643 :
3007 4574 3127 4642 sed
3199 4572 3367 4643 illud
3435 4571 3620 4664 quod
3673 4580 3775 4639 est

538 4688 605 4749 et
636 4680 706 4748 in
738 4679 945 4748 modo
1007 4688 1261 4759 motus,
1302 4686 1368 4745 et
1400 4678 1470 4745 in
1520 4676 1725 4744 modo
1773 4676 2097 4744 clausurae
2201 4689 2370 4755 sicut
2410 4686 2581 4753 alvei
2613 4685 2748 4753 du«.
2787 4684 3177 4773 conjuncti,
3210 4704 3352 4750 nou
3392 4680 3609 4773 aperit
3640 4678 3769 4747 nisi

537 4796 603 4853 et
660 4786 1058 4875 apertionis.
1096 4785 1169 4853 111
1230 4783 1619 4851 substantia
1675 4783 1949 4874 quidem
1991 4785 2099 4874 ip·
2202 4795 2268 4861 in
2310 4802 2498 4883 parte
2529 4816 2687 4861 una.
2726 4791 2803 4858 Et
2844 4792 2990 4858 ista·
3050 4812 3295 4856 omnes
3341 4787 3768 4856 diversitates

536 4894 680 4960 sius
755 4891 1069 4961 animalis
1138 4914 1156 4960 ἓ
1224 4892 1550 4982 quonlam
1636 4889 1913 4981 aliquod
1994 4899 2095 4959 ⁰⁸1
2196 4908 2351 4969 sunt
2394 4907 2639 4992 przeter
2696 4897 3161 4965 diversitatem
3216 4896 3586 4963 anatomia?
3648 4915 3773 4959 eo-

536 5001 768 5076 molle.
825 5008 894 5069 et
948 4998 1230 5092 aliquod
1285 5008 1388 5068 est
1415 4998 1692 5079 durum,
1728 5008 1795 5067 et
1816 4998 2093 5090 aliquod
2197 5032 2372 5077 mm,
2444 5007 2579 5077 Sed
2643 5006 2757 5074 illa
2812 5014 2914 5073 est
2980 5026 3217 5095 parva,
3292 5006 3455 5095 quia
3545 5007 3762 5093 pauca

535 5108 795 5187 album,
829 5114 896 5174 ¹·ss
926 5106 1203 5199 aliquod
1235 5107 1531 5196 nigrum,
1568 5115 1629 5175 et
1677 5105 1954 5197 aliquod
1984 5129 2094 5175 ru·
2195 5114 2498 5184 membra
2565 5112 2812 5181 habent
2869 5111 3182 5180 distincta
3265 5117 3550 5201 propter
3607 5108 3761 5175 vita*

532 5215 765 5292 heum,
827 5222 893 5282 et
950 5213 1230 5307 aliquod
1293 5214 1604 5305 longum,
1673 5223 1739 5281 Μ
1812 5213 2089 5306 aliquod
2189 5244 2330 5289 sua·
2407 5216 3012 5311 imperfectionem.
3066 5216 3164 5284 lle
3221 5212 3552 5282 omnibus
3591 5235 3761 5303 ergo

532 5320 761 5398 breve·
824 5329 891 5390 el
945 5320 1227 5416 aliquod
1300 5343 1612 5413 parvum,
1675 5328 1741 5388 et
1812 5321 2088 5413 aliquod
2190 5327 2294 5397 his
2354 5348 2845 5419 prosequemur
2936 5326 3348 5393 sonu-utiam
3415 5321 3760 5412 Antiquo-

529 5452 886 5521 magnum,
930 5438 998 5498 et
1042 5430 1323 5523 aliquod
1359 5428 1617 5498 habens
1683 5428 1751 5496 in
1797 5453 1869 5497 se
1900 5453 2089 5499 mar·
2190 5460 2365 5513 rum,
2408 5443 2474 5504 et
2505 5432 2955 5523 adjungemus
2976 5455 3218 5500 causas
3249 5427 3592 5522 physicas.
3632 5427 3750 5495 Sic

526 5537 847 5629 garitam,
908 5545 974 5606 et
1039 5536 1314 5630 aliquod
1382 5560 1519 5605 non
1588 5534 1848 5604 habens
1906 5538 1973 5606 in
2012 5564 2084 5609 se
2186 5540 2469 5611 enimin
2507 5537 3250 5607 scientiaAnienulinm
3305 5542 3406 5603 est
3447 5532 3750 5626 philoso-

527 5667 704 5725 eam,
768 5643 922 5714 licet
990 5641 1271 5713 conchae
1328 5665 1568 5711 omnes
1631 5641 1889 5735 aliquid
1962 5643 2083 5714 ha-
2182 5645 2555 5739 phandum.
