4919 6371
352 400 485 470 552

353 580 459 642 est
495 565 813 639 revoluta
862 589 874 632 :
923 572 993 634 et
1034 562 1195 633 ideo
1252 563 1646 633 effunditur
1696 562 1768 633 id
1801 560 1997 657 quod

349 692 448 752 est
495 683 562 749 in
607 679 779 771 ipsa.
848 674 1153 758 Quando
1218 684 1459 747 autem
1520 684 1659 748 stat
1700 675 1991 747 mulier,

353 792 756 862 extenditur
781 790 1066 872 matrix,
1088 791 1690 885 etconstringitur
1707 814 1786 859 os
1813 789 1871 882 ej
1884 812 1989 867 uS,

357 914 608 975 utnon
638 903 926 999 recipiat
970 927 985 973 :
1047 913 1117 975 et
1171 907 1231 976 si
1286 905 1561 999 recipit,
1608 902 1998 974 effunditur

360 1028 644 1112 propter
718 1018 1240 1090 extensionem.
1309 1017 1681 1089 Posterius
1754 1023 1995 1085 autem

360 1132 639 1225 cognita
697 1131 953 1201 mulier
1013 1154 1162 1201 non
1203 1128 1456 1222 recipit
1510 1148 1781 1205 semen,
1852 1124 1989 1194 nisi

366 1244 548 1315 inter
576 1243 763 1315 labia
791 1244 1024 1314 vulvae
1052 1266 1067 1312 :
1099 1242 1269 1337 quia
1300 1238 1683 1334 spissitudo
1717 1238 1995 1309 natium

363 1357 655 1451 impedit
691 1356 947 1427 veretri
990 1376 1217 1448 usque
1249 1351 1339 1422 ad
1371 1375 1451 1423 os
1485 1352 1798 1422 matricis
1835 1375 2000 1446 por·

360 1468 767 1539 rectionem.
804 1467 1159 1536 Praeterea
1183 1473 1355 1535 tunc
1377 1466 1641 1534 matrix
1674 1471 1781 1534 est
1800 1485 1999 1533 ever-

361 1590 538 1667 sata‚
583 1589 651 1650 et
681 1603 825 1650 non
855 1580 927 1648 in
959 1580 1101 1649 situ
1156 1579 1493 1662 naturali,
1529 1587 1599 1649 et
1646 1576 1804 1648 ideo
1847 1600 1995 1648 non

361 1692 560 1764 facile
602 1716 843 1762 semen
865 1692 1144 1788 accipit.

455 1805 668 1876 Error
708 1813 947 1877 autem
1008 1814 1113 1877 est
1174 1805 1392 1878 etiam
1465 1808 1540 1877 in
1612 1804 1995 1876 emissione

366 1921 614 2002 coituS‚
651 1920 706 1989 si
750 1944 934 1989 unus
967 1920 1362 2014 conjugum
1396 1941 1680 2014 semper
1709 1918 1878 2001 cito,
1928 1925 1999 1989 et

369 2030 543 2101 alter
608 2054 889 2124 semper
929 2028 1126 2100 tarde
1171 2030 1473 2100 emittat.
1524 2027 1670 2099 Sed
1710 2026 1797 2099 de
1857 2026 1996 2099 hoc

371 2144 539 2212 satis
572 2146 643 2212 in
674 2140 1099 2211 antehabitis
1132 2139 1400 2212 dictum
1438 2150 1567 2212 est.

467 2254 682 2324 Error
710 2255 920 2323 etiam
955 2252 1342 2349 aliquando
1374 2261 1481 2323 est
1509 2261 1671 2348 post
1695 2254 1991 2337 coitum,

372 2373 449 2434 ut
509 2364 567 2433 si
635 2364 892 2435 mulier
969 2367 1208 2435 statim
1252 2366 1481 2460 surgit
1521 2373 1589 2435 et
1630 2372 1988 2447 movetur,

368 2477 480 2547 vel
522 2477 751 2558 saltat,
844 2486 966 2548 aut
1033 2479 1249 2549 etiam
1293 2478 1554 2574 mingit
1620 2476 1991 2549 retinendo

365 2593 642 2663 urinam
683 2593 863 2664 infra
895 2591 1084 2663 labia
1121 2591 1385 2676 vulvae‚
1423 2602 1494 2664 et
1522 2590 1846 2664 faciendo
1878 2592 1995 2686 ip-

366 2729 515 2775 sam
548 2730 826 2777 sursum
890 2705 1287 2777 redundare
1349 2705 1440 2776 ad
1481 2730 1562 2777 os
1620 2704 1983 2776 matricis:

364 2826 531 2887 tunc
561 2821 748 2889 enim
787 2817 1183 2890 lubricitate
1218 2841 1349 2889 sua
1379 2842 1662 2913 sperma
1693 2818 1992 2889 commi-

364 2940 616 3011 scetur,
653 2941 715 3001 et
752 2932 919 3001 exit.

456 3043 613 3113 Non
646 3054 750 3115 est
797 3044 1513 3138 praetermittendum,
1571 3042 1762 3140 quod
1806 3042 1989 3138 llip-

362 3166 682 3251 pocrates
713 3157 903 3240 dicit,
942 3156 1135 3253 quod
1167 3155 1500 3229 videlicet
1540 3180 1687 3227 non
1733 3165 1840 3228 est
1877 3156 1988 3227 vir

363 3271 658 3341 omnino
682 3271 979 3342 muliere
1011 3270 1341 3364 superior
1370 3271 1442 3340 in
1483 3269 1985 3364 complexione

362 3383 844 3455 membrorum
887 3382 1419 3479 principalium,
1455 3385 1617 3454 etin
1659 3381 1986 3477 comple-

364 3497 573 3566 xione
614 3520 743 3567 sua
774 3498 1003 3591 prima
1032 3497 1382 3592 corporis,
1428 3504 1499 3567 et
1545 3497 1619 3566 in
1661 3495 1989 3590 comple-

362 3612 573 3680 xione
613 3612 987 3705 spermatis
1018 3611 1128 3681 sui
1171 3612 1353 3693 sani,
1419 3610 1555 3681 nisi
1605 3607 1880 3681 accidat
1911 3609 1986 3679 in

362 3722 907 3795 accidentalibus
937 3722 1297 3819 aliquibus
1326 3721 1772 3794 variantibus
1791 3744 1988 3794 com·

360 3836 787 3930 plexionem.
874 3835 1260 3907 Sciendum
1321 3843 1428 3906 est
1476 3834 1718 3918 etiam,
1788 3832 1984 3929 quod

362 3951 617 4021 mulier
646 3949 948 4020 multum
974 3950 1259 4044 pariens
1300 3958 1404 4021 est
1438 3950 1701 4029 sanior,
1740 3958 1809 4019 et
1839 3949 1981 4019 cito

362 4063 439 4132 sst
470 4087 673 4146 anus,
705 4072 773 4134 et
813 4064 1019 4134 citius
1050 4062 1377 4133 moritur.
1431 4061 1709 4133 Sterilis
1741 4069 1981 4132 autem

364 4185 439 4244 ut
473 4177 541 4245 in
576 4176 919 4270 pluribus,
965 4175 1279 4270 plurium
1313 4184 1419 4246 est
1445 4174 1979 4270 aegritudinum,

364 4287 484 4358 sed
527 4288 647 4359 diu
687 4295 1090 4383 perseverat
1137 4286 1507 4382 juvenilis,
1581 4295 1651 4359 et
1716 4286 1984 4358 diutius

360 4403 561 4473 vivit.

456 4515 766 4588 Fuerunt
825 4517 1040 4589 etiam
1092 4515 1384 4612 quidam
1436 4515 1562 4611 qui
1620 4513 1978 4595 dixerunt,

362 4629 551 4726 quod
581 4631 639 4701 si
680 4631 1119 4725 accipiantur
1183 4630 1327 4702 dno
1394 4636 1756 4725 spermata
1796 4626 1987 4698 duo-

359 4769 516 4814 rum
556 4744 944 4838 conjugum
977 4766 1123 4815 non
1172 4744 1699 4839 generantium,
1753 4751 1825 4815 et
1868 4741 1987 4813 di-

355 4857 565 4926 visim
624 4856 1089 4950 projiciantur
1127 4856 1201 4926 in
1272 4877 1536 4952 aquam
1598 4855 1977 4951 frigidam:

362 4980 429 5041 et
458 4968 648 5065 quod
715 4971 917 5064 cujus
982 4992 1267 5066 sperma
1334 4967 1632 5052 natabit,
1698 4968 1815 5040 ille
1876 4976 1984 5041 est

357 5104 566 5151 causa
599 5080 1033 5153 sterilitatis:
1073 5090 1143 5153 et
1201 5083 1260 5152 si
1338 5078 1554 5153 ambo
1602 5079 1979 5163 natabunt,

356 5191 567 5264 ambo
607 5202 771 5265 sunt
799 5194 1096 5265 steriles.
1150 5193 1296 5266 Alii
1337 5199 1578 5266 autem
1616 5193 1977 5277 dixerunt,

357 5305 548 5400 quod
577 5304 855 5377 duobus
904 5306 1384 5401 spermatibus
1414 5312 1725 5402 ungatur
1761 5307 1983 5403 stipes

357 5416 469 5486 vel
502 5417 747 5489 folium
780 5417 1113 5490 lactucae:
1151 5429 1224 5492 et
1266 5417 1470 5512 cujus
1501 5440 1785 5513 sperma
1814 5443 1984 5491 are-

355 5529 519 5602 facit
546 5529 914 5615 lactucam,
962 5530 1080 5603 ille
1122 5540 1234 5604 est
1281 5553 1496 5603 causa
1544 5528 1979 5605 sterilitatis:

358 5652 426 5715 et
465 5639 522 5713 si
553 5642 765 5714 ambo
807 5641 945 5717 hoc
981 5644 1277 5728 faciunt,
1311 5641 1528 5715 ambo
1568 5650 1739 5715 sunt
1764 5645 1983 5717 steri·-

355 5756 482 5830 les.
528 5755 618 5828 Et
646 5756 764 5829 alii
808 5758 1163 5841 dixerunt,
1230 5756 1424 5855 quod
1478 5758 1541 5829 si
1607 5766 1986 5832 sumantur

356 5880 624 5968 septem
656 5892 879 5966 grana
916 5872 1133 5944 tritici
1164 5881 1238 5944 et
1284 5877 1564 5972 septem
1616 5866 1872 5944 hordei
1913 5882 1986 5945 et

357 5995 629 6084 septem
659 5984 867 6072 fabae,
903 5993 974 6057 et
999 5994 1365 6081 ponantur
1394 5986 1468 6057 in
1490 6006 1666 6098 yase
1699 5991 1976 6058 testeo:

1402 383 1491 455 D.
1546 383 1756 455 ALB.
1814 379 2044 453 MAG.
2102 375 2692 453 ORD.PRAED.

2111 569 2179 633 et
2210 585 2395 633 unus
2455 563 2729 658 mingat
2769 560 3071 657 desuper
3126 569 3399 655 septem
3450 557 3723 638 diebus,

2110 680 2179 743 et
2206 672 2384 744 alter
2415 675 2488 743 in
2520 672 2661 745 alio
2687 696 2854 744 vase
2893 672 3258 744 similiter:
3315 679 3385 741 et
3423 668 3557 741 sub
3598 693 3731 740 cu-

2101 784 2220 875 jus
2260 787 2470 855 urina
2499 809 2719 879 grana
2757 794 3145 858 nascuntur
3202 794 3270 856 et
3326 782 3727 879 germinare

2108 901 2256 968 sive
2299 897 2649 992 pullulare
2679 899 3051 994 incipiunt,
3089 900 3203 971 ille
3241 923 3386 971 non
3420 908 3526 970 est
3553 908 3761 970 cau-‘

2107 1034 2185 1081 sa
2217 1010 2628 1082 sterilitatis.
2676 1012 2843 1084 Haec
2911 1020 3149 1083 autem
3208 1014 3454 1083 omnia
3517 1010 3726 1081 nobis

2108 1122 2416 1221 absurda
2444 1147 2598 1196 esse
2626 1123 2980 1196 videntur.
3027 1123 3283 1195 Verius
3342 1133 3581 1195 autem
3623 1130 3732 1195 est

2107 1244 2177 1306 et
2234 1237 2541 1307 vicinius
2590 1235 3070 1332 probabilitati
3151 1235 3345 1332 quod
3395 1219 3782 1306 dixerunt‘

2106 1350 2253 1435 alii,
2300 1351 2497 1446 quod
2526 1352 2856 1424 videlicet
2895 1352 3017 1422 fiat
3057 1351 3544 1447 suffumigatio
3576 1373 3733 1419 mu-

2105 1461 2261 1534 lieri
2285 1487 2374 1534 ex
2404 1463 2868 1548 aromatibus,
2914 1472 2983 1535 et
3013 1463 3356 1558 dirigatur
3382 1461 3623 1532 fumus
3647 1459 3735 1530 ad

2107 1578 2481 1648 matricem
2513 1602 2676 1649 cum
2736 1578 3183 1670 traJectorio:
3230 1583 3299 1646 et
3356 1577 3415 1645 si
3475 1573 3738 1645 mulier

2110 1692 2415 1762 senserit
2465 1690 2757 1763 odorem
2798 1692 3348 1763 aromaticorum
3393 1691 3467 1760 in
3498 1712 3624 1760 ore
3664 1697 3737 1759 et

2108 1826 2312 1885 nas0‚
2353 1806 2641 1899 signum
2681 1807 2851 1875 satis
2881 1811 3154 1876 certum
3185 1811 3317 1885 est,
3354 1800 3548 1897 quod
3581 1802 3734 1895 ipsa

2108 1938 2258 1986 non
2298 1922 2405 1987 est
2437 1915 2752 2012 oppilata
2807 1916 3014 1987 malis
3079 1914 3531 1985 humoribus.
3586 1912 3731 1982 Aut

2109 2029 2324 2099 etiam
2357 2029 2417 2099 si
2447 2028 2694 2100 allium
2729 2027 3230 2101 decorticatum
3277 2034 3589 2123 ponatur
3655 2026 3728 2094 in

2105 2140 2323 2212 vulva
2374 2139 2720 2224 mulieris,
2776 2151 2845 2213 et
2905 2140 3426 2237 superdormiat
3472 2162 3488 2209 :
3545 2146 3614 2208 et
3672 2136 3732 2207 si

2105 2263 2267 2352 post
2298 2279 2633 2328 somnum
2667 2255 2960 2328 odorem
3019 2255 3162 2326 allii
3205 2256 3275 2325 in
3321 2279 3441 2326 ore
3483 2263 3556 2326 et
3595 2277 3733 2325 na-

2105 2367 2303 2437 ribus
2333 2366 2632 2452 invenit,
2667 2364 3094 2462 significabit
3122 2365 3730 2459 exoppilationem

2104 2480 2445 2550 matricis,
2493 2479 2667 2552 llaec
2695 2488 2934 2552 autem
2975 2479 3116 2550 dno
3147 2478 3351 2573 signa
3393 2500 3538 2550 non
3570 2476 3730 2548 suf-

2103 2591 2422 2665 ficienter
2461 2617 2888 2689 cognoscere
2929 2593 3193 2664 faciunt
3221 2615 3471 2664 causas
3512 2590 3726 2664 steri-

2101 2704 2363 2777 litatis:
2402 2708 2745 2801 quoniam
2775 2708 2834 2778 si
2885 2730 2973 2779 ex
3023 2706 3161 2777 alia
3222 2729 3435 2777 causa
3507 2727 3724 2801 quam

2100 2841 2190 2890 ex
2251 2819 2691 2914 oppilatione
2739 2820 3053 2891 matricis
3111 2828 3234 2889 aut
3260 2819 3541 2889 viarum
3565 2839 3725 2913 quae

2099 2932 2518 3027 pertingunt
2546 2931 2635 3002 ad
2666 2932 3056 3014 matricem,
3091 2931 3180 3002 sit
3210 2952 3424 3001 causa
3461 2928 3728 3001 sterili-

2099 3044 2291 3126 tatis,
2327 3067 2476 3115 non
2507 3052 2974 3140 cognoscetur
3002 3066 3128 3139 per
3184 3042 3353 3115 talia
3404 3044 3719 3138 ingenia.

2099 3154 2587 3253 Quaecnmque
2618 3165 2856 3228 antem
2887 3155 3144 3228 mulier
3170 3164 3333 3253 post
3374 3156 3730 3228 emunda-

2095 3270 2369 3341 tionem
2411 3278 2941 3342 menstruorum
2982 3269 3210 3341 adhuc
3235 3279 3551 3341 remanet
3585 3268 3730 3341 hu-

2096 3384 2308 3456 midae
2338 3385 2598 3472 vulvae,
2634 3385 2784 3459 haec
2812 3384 3103 3457 lubricae
3135 3394 3239 3457 est
3281 3387 3622 3468 matricis,
3658 3395 3727 3457 et

2096 3496 2507 3592 frequenter
2543 3506 2653 3571 est
2698 3499 2980 3570 sterilis.
3027 3498 3287 3569 Grossa
3327 3505 3569 3568 antem
3621 3497 3727 3569 ni·

2093 3611 2232 3681 mis
2273 3622 2343 3683 et
2382 3611 2675 3685 declivis
2716 3613 2973 3684 matrix
3002 3614 3303 3684 sentitur
3343 3612 3531 3683 intra
3578 3609 3723 3683 col-

2093 3724 2245 3795 lum
2284 3723 2523 3798 vnlvae
2553 3727 2612 3797 si
2661 3748 2743 3797 os
2786 3726 2939 3820 ejus
2977 3725 3237 3798 directe
3268 3724 3453 3798 collo
3485 3723 3723 3797 vulvae

2095 3837 2186 3907 sit
2217 3838 2654 3934 oppositum.
2693 3837 2770 3909 Si
2803 3847 3040 3910 autem
3089 3847 3194 3910 est
3231 3837 3601 3911 declinans
3632 3836 3722 3908 ad

2093 3971 2313 4020 unam
2335 3958 2641 4046 partem,
2664 3958 2835 4022 tnnc
2864 3974 3008 4022 non
3040 3949 3401 4022 descendit
3431 3951 3716 4032 matrix,

2093 4070 2165 4134 et
2204 4062 2492 4136 loeditur
2519 4064 2778 4136 mulier
2806 4065 2882 4137 in
2921 4068 3138 4148 coitu,
3171 4074 3243 4137 et
3272 4065 3393 4136 vix
3414 4065 3721 4137 sustinet

2094 4176 2358 4272 ipsum,
2394 4187 2467 4249 et
2504 4200 2663 4250 raro
2691 4179 3023 4275 concipit.
