4919 6371
584 376 712 442 650

584 543 844 612 duabus
904 537 1420 630 operationibus
1470 560 1638 629 quas
1694 538 2013 613 diximus
2059 558 2138 603 ea

580 651 832 719 scilicet
862 671 1012 739 quae
1046 657 1150 715 est
1191 648 1259 714 in
1300 670 1504 714 sensu
1538 645 1882 738 gustandi,
1930 654 1996 711 et
2056 666 2135 709 ea

583 783 736 850 quae
767 765 869 826 est
896 758 966 824 in
990 757 1550 847 interpretatione
1572 741 1934 821 sermonis.
1959 751 2134 816 Gus-

579 876 687 935 tus
707 869 886 935 enim
906 888 1044 934 non
1061 865 1410 955 perficitur
1429 863 1573 929 sine
1596 868 1778 926 tactu
1800 858 2096 949 quodam
2117 880 2131 923 :

586 985 859 1046 constat
892 981 1121 1042 autem
1163 972 1350 1063 quod
1379 974 1449 1039 in
1483 969 1671 1037 molli
1705 976 1772 1034 et
1811 966 1948 1032 lato
1981 967 2138 1031 saci-

581 1085 709 1152 lius
740 1081 990 1149 humor
1017 1078 1424 1146 diffunditur
1463 1075 1578 1166 qui
1615 1081 1715 1140 est
1755 1071 2132 1160 subjectum

581 1213 924 1281 saporum.
993 1187 1221 1256 Mollis
1287 1192 1518 1251 autem
1568 1189 1636 1248 et
1702 1178 2011 1247 absoluta
2070 1185 2136 1243 et

579 1297 714 1365 lata
751 1298 1073 1374 existens,
1146 1302 1249 1362 est
1326 1289 1534 1358 etiam
1587 1288 2003 1356 conveniens
2050 1285 2134 1353 ad

577 1405 909 1472 sermonis
948 1399 1586 1492 interpretationem
1632 1417 1647 1462 ε
1701 1394 1894 1463 facile
1952 1394 2133 1461 enim

579 1513 850 1581 extendi
871 1522 937 1581 et
973 1512 1153 1581 trahi
1186 1518 1254 1579 et
1284 1506 1779 1598 circumgyrari
1807 1511 2027 1594 potest
2049 1503 2132 1571 ad

575 1619 1070 1687 elementorum
1121 1618 1310 1686 vocis
1368 1613 1883 1683 formationem.
1969 1610 2134 1700 Sig-

574 1748 740 1793 num
779 1734 1005 1794 autem
1048 1728 1197 1816 ejus
1230 1722 1418 1816 quod
1449 1721 1774 1797 diximus,
1815 1717 1996 1809 quod
2025 1718 2136 1782 vi-

574 1831 811 1901 delicet
840 1832 1072 1925 lingua
1111 1833 1250 1901 lata
1292 1829 1523 1899 mollis
1561 1829 1648 1895 sit
1676 1835 1836 1916 apta
1882 1825 1964 1892 ad
2013 1825 2128 1892 be-

573 1964 658 2009 ne
706 1941 1153 2033 loquendum,
1198 1949 1301 2009 est
1341 1937 1529 2030 quod
1575 1935 1645 2002 hi
1697 1936 1812 2026 qui
1864 1933 2130 2024 linguas

578 2049 815 2141 ligatas
888 2049 1166 2129 babent,
1234 2045 1518 2123 trabali,
1582 2051 1701 2112 aut
1757 2042 1951 2123 blesi,
2018 2051 2134 2109 aut

566 2157 731 2224 alias
762 2159 1159 2225 occasiones
1191 2154 1449 2223 babent
1480 2151 1565 2220 ad
1598 2149 1777 2219 male
1808 2151 2132 2239 interpre-

567 2263 874 2341 tandum,
923 2266 1096 2332 sicut
1128 2264 1434 2331 diximus
1474 2261 1545 2327 in
1586 2257 1955 2325 anatomia.
1995 2257 2131 2323 Ac-

566 2371 725 2439 cidit
755 2380 986 2440 autem
1035 2370 1169 2439 hoc
1216 2371 1305 2438 ad
1345 2367 1915 2459 impedimentum
1956 2386 2132 2455 qua-

566 2478 874 2545 rumdam
918 2477 1299 2546 litterarum
1353 2496 1610 2564 magna
1640 2481 1706 2541 et
1737 2473 2123 2562 inspissata,

564 2593 680 2652 aut
716 2607 967 2676 magna
997 2594 1063 2653 et
1094 2584 1381 2654 dilatata
1415 2582 1651 2672 lingua
1693 2579 1779 2647 ad
1817 2601 2130 2669 pronun-

567 2694 878 2760 tiandum
911 2691 1379 2784 indigentibus
1425 2712 1441 2757 ε
1487 2691 1661 2756 sicut
1713 2686 1893 2777 apud
1943 2686 2130 2753 Lati-

569 2822 693 2866 nos
741 2807 919 2870 estn
962 2809 1031 2868 et
1080 2823 1113 2866 s
1170 2822 1186 2867 :
1248 2827 1278 2864 ι
1337 2818 1627 2888 parvum
1684 2795 1866 2862 euim
1915 2802 2014 2861 est
2061 2796 2127 2860 in

570 2929 848 2998 magno,
892 2909 1067 2976 sicut
1108 2907 1282 2974 dixit
1311 2903 1772 2997 Pythagoras,
1818 2911 1884 2970 et
1921 2926 2058 2969 nou
2090 2926 2126 2970 e

566 3032 898 3081 converso
958 3035 1290 3104 magnum
1333 3013 1403 3079 in
1453 3032 1694 3101 parvo.
1754 3034 1787 3073 ι
1841 3009 2128 3099 Propter

568 3121 750 3212 quod
780 3121 987 3189 etiam
1019 3121 1164 3189 avis
1194 3118 1352 3188 latoe
1384 3125 1452 3187 et
1481 3116 1814 3185 absolutae
1845 3115 2121 3208 lingum,

570 3238 790 3320 potest
826 3253 1070 3298 sonare
1108 3230 1493 3298 litterarum
1538 3227 1803 3319 aliquas
1842 3248 2128 3315 compo-

565 3338 845 3404 sitiones
866 3339 1086 3429 magis
1111 3359 1323 3429 quarn
1356 3336 1505 3403 avis
1535 3335 1844 3402 strictam
1868 3332 2126 3401 babens

569 3443 900 3534 linguam.

650 3560 922 3629 Animal
963 3568 1193 3628 autem
1224 3558 1619 3652 quadrupes
1652 3555 1915 3626 habens
1963 3579 2128 3624 san-

568 3668 847 3759 guinem
887 3675 954 3736 et
991 3686 1333 3759 generans
1370 3664 1505 3734 sibi
1534 3664 1786 3743 simile,
1820 3687 1961 3732 non
2009 3662 2127 3732 ba·

566 3774 679 3840 bet
720 3795 960 3842 vocem
1000 3770 1416 3840 divisibilem
1475 3778 1540 3839 et
1578 3768 2005 3861 figurabilem
2058 3771 2125 3838 in

573 3883 825 3949 formas
863 3880 1272 3963 litterarum,
1309 3902 1431 3947 nec
1469 3878 1674 3947 babet
1716 3879 2126 3947 mutationes

574 4014 930 4072 sonorum,
1011 3992 1138 4059 nisi
1203 4013 1450 4083 parum
1537 3988 1735 4058 valde
1770 4011 1786 4057 ε
1822 3988 2125 4080 linguam

570 4100 756 4166 enim
790 4099 955 4167 talia
986 4098 1230 4168 duram
1261 4097 1517 4166 babent
1551 4119 1690 4166 non
1713 4097 2121 4178 absolutam,

568 4208 884 4299 quamvis
931 4207 1106 4278 forte
1164 4208 1487 4299 quaedam
1540 4228 1785 4275 eorum
1832 4203 2126 4274 habeant

567 4316 731 4383 satis
788 4314 1019 4383 latam.
1095 4313 1278 4384 Aves
1351 4337 1519 4381 vero
1577 4336 1830 4406 parvae,
1892 4313 2123 4381 multae

571 4432 727 4493 sunt
765 4425 1170 4504 vocationis,
1225 4433 1292 4493 et
1330 4422 1588 4493 babent
1632 4446 1882 4491 vorum
1930 4422 2129 4490 ‹litl'e-

571 4534 820 4600 rentias
856 4554 870 4599 :
907 4532 999 4600 ita
1031 4533 1238 4600 etiam
1270 4530 1458 4622 quod
1489 4554 1655 4600 suos
1685 4529 1940 4598 multus
1970 4530 2126 4598 ass'e·

569 4646 716 4707 ctus
745 4638 999 4707 doloris
1047 4636 1157 4707 vel
1209 4638 1444 4731 gaudii
1485 4646 1908 4730 cognoscunt
1949 4659 2130 4730 quae-

570 4745 727 4813 dam
767 4746 834 4812 in
868 4745 1075 4814 modo
1111 4745 1498 4814 vocationis
1525 4767 1789 4813 earum.
1835 4742 1917 4811 Et
1947 4742 2129 4812 vide·

568 4860 702 4930 tur,
759 4851 942 4942 quod
982 4873 1224 4921 omnes
1272 4873 1436 4920 aves
1482 4848 1615 4920 boc
1683 4851 1769 4918 ad
1835 4851 2126 4919 invicem

569 4960 974 5052 percipiunt,
1008 4961 1168 5030 licet
1195 4962 1266 5029 in
1297 4959 1431 5029 hoc
1460 4956 2005 5029 diversiticentur
2031 4984 2132 5028 se-

571 5067 868 5136 cundum
902 5069 1120 5160 magis
1157 5076 1223 5137 et
1255 5069 1487 5136 minus
1544 5090 1561 5137 z
1613 5077 1681 5137 et
1720 5068 1874 5138 ideo
1924 5071 2129 5138 etiam

572 5183 927 5265 expertum
958 5183 1085 5258 est,
1109 5175 1296 5267 quod
1327 5173 1642 5267 quaedam
1676 5174 2125 5253 addiscentes,

572 5283 926 5351 imitantur
1003 5305 1208 5352 voces
1265 5282 1526 5351 alienas
1584 5280 1944 5350 bominum
2018 5292 2128 5348 aut

571 5388 861 5458 aliorum
923 5388 1353 5470 animalium,
1440 5394 1617 5459 sicut
1700 5400 2005 5470 sturnus,
2067 5401 2133 5460 et

570 5499 746 5588 pica,
790 5505 858 5566 et
886 5520 1158 5577 corvus
1189 5507 1258 5568 et
1288 5499 1591 5568 maxime
1629 5499 1982 5590 psittacus.

661 5605 943 5698 Lingua=
993 5614 1225 5675 autem
1274 5606 1681 5676 animalium
1731 5605 2132 5676 habentium

573 5714 982 5805 sanguinem
1022 5709 1490 5805 gressibilium
1531 5716 1676 5783 sive
1717 5711 2133 5805 reptibilium

1584 363 1668 429 D.
1723 361 1921 428 ALB.
1978 360 2197 429 MAG.
2254 361 2457 431 ORD.
2514 363 2804 433 PRAED.

2257 560 2404 626 quae
2436 549 2665 606 ovant.
2702 543 2887 630 quasi
2934 541 3096 608 nihil
3137 543 3502 631 proliciunt
3539 546 3618 611 ad
3665 570 3793 612 vo-

2251 646 2540 712 candum
2578 671 2592 712 :
2637 661 2788 715 sunt
2821 652 2999 717 enim
3032 652 3217 718 dume
3261 652 3456 719 valde
3510 663 3577 720 et
3625 654 3791 743 liga-

2252 761 2357 829 tae,
2397 765 2462 819 et
2493 753 2575 819 ad
2615 755 2833 822 solum
2882 767 3156 847 gustum
3189 761 3579 849 proliciunt.
3628 759 3786 828 Ser-

2249 860 2549 948 pentium
2597 884 2756 929 vero
2798 874 2857 930 et
2900 865 3301 933 lacertarum
3361 868 3585 958 longae
3627 870 3785 959 qui-

2248 965 2400 1031 dem
2450 976 2601 1033 sunt
2654 976 2711 1034 et
2769 971 2961 1046 fissae,
3016 972 3185 1038 duos
3229 996 3454 1040 ramos
3487 978 3786 1042 anterius

2249 1073 2572 1141 babentes
2635 1099 2649 1144 :
2705 1086 2766 1143 et
2822 1076 3021 1165 liujus
3083 1081 3354 1170 signum
3413 1091 3537 1159 est,
3603 1085 3788 1172 quod

2248 1179 2614 1269 aliquando
2656 1181 2795 1250 baec
2835 1184 3155 1252 animalia
3187 1186 3388 1277 longe
3430 1188 3629 1255 valde
3680 1212 3794 1255 ex·

2246 1288 2533 1355 tendunt
2580 1291 2843 1382 linguas
2893 1301 3044 1361 ante
3114 1316 3188 1360 os
3235 1318 3249 1362 ε
3312 1304 3376 1363 et
3443 1296 3790 1365 bifurcatae

2246 1395 2561 1463 videntur
2613 1420 2627 1463 ε
2693 1408 2758 1465 et
2814 1408 3025 1467 acuta}
3074 1410 3299 1490 partes
3361 1402 3638 1494 linguae,
3700 1407 3794 1472 ita

2247 1504 2428 1593 quod
2470 1510 2920 1575 extremitates
2961 1533 3194 1577 earum
3236 1519 3395 1578 sunt
3442 1513 3617 1580 sicut
3672 1512 3790 1602 pili

2246 1621 2481 1679 tenues
2525 1634 2539 1677 :
2594 1623 2657 1680 et
2704 1638 2904 1705 sapor
2947 1618 3013 1684 in
3067 1618 3609 1686 extremitatibus
3657 1619 3789 1687 illis

2244 1721 2534 1787 sentitur
2573 1722 2638 1788 in
2672 1722 2932 1791 duabus
2984 1726 3289 1814 partibus
3338 1736 3614 1817 propter
3663 1728 3790 1795 lin-

2246 1854 2396 1922 guoe
2426 1831 2851 1901 divisionem.
2888 1833 3215 1901 Similiter
3243 1844 3472 1902 autem
3532 1835 3787 1904 animal

2244 1961 2479 2006 carens
2510 1941 2859 2029 sanguine.
2896 1942 3276 2009 membrum
3310 1940 3510 2010 habet
3535 1942 3787 2034 linguae

2243 2048 2680 2124 conveniens.
2726 2071 2843 2137 per
2880 2048 3061 2139 quod
3092 2050 3296 2117 sentit
3344 2048 3788 2118 humiditates

2240 2164 2303 2222 et
2345 2176 2645 2244 sapores

2331 2262 2640 2352 Amplius
2680 2271 2903 2329 autem
2937 2264 3212 2353 quidam
3243 2267 3460 2353 pisces
3490 2274 3557 2332 et
3598 2288 3783 2356 quai-

2241 2370 2396 2437 dam
2463 2370 2771 2460 aquatica
2819 2368 3067 2437 babent
3118 2394 3388 2439 carnem
3440 2371 3638 2440 valde
3688 2373 3788 2439 vi-

2239 2501 2504 2546 scosam
2553 2478 2700 2545 loro
2735 2478 3004 2568 linguae,
3064 2502 3184 2569 per
3238 2502 3445 2569 quam
3502 2489 3781 2571 gustant

2239 2584 2561 2652 humores
2609 2594 2669 2651 et
2729 2583 3184 2663 liumiditateS‚
3239 2588 3413 2654 sicut
3457 2588 3770 2667 tencbea‚

2238 2702 2302 2759 et
2349 2692 2648 2782 anguilla
2698 2693 2985 2760 fluvialis
3040 2695 3120 2761 de
3168 2718 3346 2785 aqua
3396 2694 3601 2762 dulci.
3658 2695 3776 2764 list

2236 2809 2462 2867 autem
2497 2800 2772 2890 ligatum
2806 2800 2933 2867 boc
2974 2801 3357 2870 membrum
3391 2805 3459 2870 in
3490 2803 3779 2872 tenebea

2239 2910 2318 2976 aa
2370 2908 2666 2977 inferius.
2720 2932 2796 2977 ea
2837 2910 3016 3001 quod
3066 2911 3531 2979 mandibulam
3563 2934 3778 3002 supe-

2240 3018 2486 3085 riorem
2519 3016 2716 3085 babet
2749 3018 3093 3086 mobilem.

2328 3126 2400 3193 ln
2430 3124 2831 3217 quibusdam
2865 3135 3088 3195 autem
3129 3127 3414 3221 ligatum
3447 3137 3550 3198 est
3568 3152 3785 3221 prop-

2233 3242 2336 3302 ter
2378 3256 2652 3302 causam
2699 3237 3139 3316 necessitatis,
3192 3260 3272 3304 eo
3305 3237 3489 3328 quod
3528 3239 3583 3304 si
3619 3261 3778 3304 mo-

2236 3350 2529 3418 veretur,
2588 3341 3041 3409 ‹lc-strueretur
3099 3365 3113 3409 :
3178 3366 3258 3410 eo
3324 3345 3508 3435 quod
3577 3345 3769 3413 locus

2235 3448 2370 3516 oris
2411 3449 2477 3513 in
2527 3445 2771 3514 talibus
2816 3448 3222 3516 animalibus
3270 3450 3465 3518 valde
3508 3460 3611 3518 est
3637 3452 3775 3542 spi-

2234 3575 2469 3632 nosus,
2518 3554 2683 3621 sieut
2734 3564 3008 3645 apparet
3057 3556 3123 3622 in
3164 3558 3347 3647 pisce
3388 3557 3502 3648 qui
3547 3557 3774 3625 lucius

2232 3660 2627 3750 appellatur.
2691 3660 2922 3753 Neque
2989 3665 3169 3730 enim
3239 3673 3341 3731 est
3405 3665 3773 3732 necessitas

2235 3777 2459 3837 motus
2490 3768 2689 3859 liujus
2727 3771 3010 3838 membri
3059 3775 3125 3840 in
3167 3771 3414 3840 talibus
3460 3774 3773 3841 animali·

2235 3878 2384 3959 bus,
2417 3901 2653 3946 sensus
2701 3882 2881 3948 enim
2921 3880 3409 3949 humiditatum
3450 3890 3514 3950 et
3564 3905 3778 3974 sapo-

2232 4008 2382 4053 rum
2404 4009 2642 4077 parum
2675 3996 2970 4055 remanet
3001 3989 3069 4056 in
3102 4011 3217 4056 ore
3240 3991 3572 4080 ipsorum,
3613 3992 3779 4081 quia

2230 4092 2419 4162 cibus
2449 4116 2683 4160 eorum
2725 4094 2917 4162 valde
2963 4095 3287 4164 velociter
3338 4097 3558 4187 magis
3589 4096 3779 4187 glut-

2232 4200 2461 4269 tiendo
2518 4224 2721 4293 quam
2770 4203 3184 4271 masticando
3238 4205 3425 4273 vadit
3464 4204 3549 4271 ad
3609 4226 3777 4272 ven·

2231 4318 2404 4378 trem
2441 4333 2456 4378 :
2493 4333 2709 4402 neque
2741 4321 2964 4379 manet
2996 4312 3064 4378 in
3104 4335 3220 4380 ore
3255 4314 3562 4404 ipsorum
3604 4320 3778 4379 tam-

2231 4417 2370 4493 diu,
2406 4417 2587 4508 quod
2627 4419 3040 4486 masticando
3087 4421 3367 4488 interior
3413 4442 3568 4511 quie
3609 4420 3781 4487 sub-

2223 4526 2478 4614 jectum
2529 4528 2786 4617 saporis
2825 4536 2948 4604 est,
3019 4529 3416 4596 extrahatur
3480 4526 3781 4595 humidi·

2232 4643 2334 4702 tas
2370 4633 2807 4703 diffundendo
2845 4658 3048 4727 super
3086 4635 3418 4727 linguam,
3452 4658 3534 4703 eo
3594 4636 3781 4727 quocl

2235 4742 2301 4809 in
2344 4764 2519 4833 aqua
2556 4752 2824 4808 sumunt
2866 4742 3118 4820 cibum,
3164 4752 3228 4810 et
3278 4744 3784 4812 suffocarentur

2234 4849 2319 4918 ab
2367 4873 2565 4942 aqua.
2628 4849 2734 4917 Est
2786 4873 2945 4940 ergo
2986 4851 3052 4919 in
3101 4851 3348 4920 talibus
3402 4852 3572 4921 adeo
3605 4852 3783 4944 liga-

2234 4966 2379 5026 tum
2418 4957 2545 5025 buc
2589 4958 2995 5042 membrum,
3056 4959 3242 5050 qnod
3303 4961 3579 5051 quando
3639 4983 3779 5028 non

2235 5064 2607 5134 declinatur
2644 5088 2719 5132 os
2750 5065 2833 5133 ad
2872 5090 3077 5134 unam
3117 5075 3405 5159 partem,
3465 5090 3606 5135 non
3649 5090 3778 5159 ap-

2233 5171 2493 5265 parebit
2522 5170 2777 5263 aliquid
2816 5174 2896 5241 de
2934 5174 3242 5242 membro
3273 5173 3599 5264 praedicto
3630 5196 3647 5241 t
3714 5183 3783 5243 et

2235 5281 2362 5349 buc
2430 5282 2759 5374 praecipue
2816 5285 3170 5376 contingit,
3220 5306 3303 5352 eo
3353 5282 3538 5375 quod
3592 5283 3784 5353 locus

2237 5390 2373 5457 oris
2405 5396 2585 5456 tutus
2606 5399 2704 5457 est
2734 5391 3085 5481 spinosus:
3123 5412 3247 5457 nec
3273 5389 3546 5459 videtur
3584 5413 3786 5458 com-

2237 5499 2398 5588 poni
2429 5519 2507 5562 os
2529 5497 2827 5587 ipsorum
2850 5498 3078 5565 nisiex
3101 5496 3560 5568 branchorum
3583 5521 3784 5567 com-

2236 5605 2573 5697 positione
2611 5605 2906 5696 spinosa.

2326 5711 2633 5781 Tencbea
2663 5722 2886 5781 autem
2917 5710 3443 5806 babetlinguam
3465 5735 3777 5806 parvam,
