4919 6371
1752 223 1936 292 LIB.
1994 222 2061 291 X
2111 221 2237 289 DE
2286 217 2909 300 ANIMALIBUS,
2963 221 3290 292 TRACT.
3351 222 3380 291 I

905 421 1013 482 est
1046 413 1117 479 in
1145 409 1299 479 viro
1333 405 1731 475 secundum
1765 426 1867 480 se,
1905 421 2139 491 neque
2184 399 2255 465 in
2288 394 2539 462 mulie-

898 550 998 605 re,
1040 524 1162 593 sed
1216 521 1385 615 quia
1426 523 1789 609 spermata
1830 512 2125 581 insimul
2169 534 2316 580 non
2358 531 2539 578 con-

895 640 1196 709 veniunt
1255 637 1330 703 in
1408 653 1636 699 unum
1680 628 1945 709 locum,
2012 636 2081 697 et
2151 628 2223 695 in
2286 626 2537 697 eodem

902 762 1227 846 tempore
1260 745 1600 840 projecta.
1641 742 1912 811 Notum
1956 742 2147 812 enim
2181 750 2309 829 est,
2346 741 2539 836 quod

896 864 985 935 ad
1049 867 1477 951 conceptum
1559 856 2043 926 necessarium
2127 862 2255 937 est,
2346 853 2539 947 quod

899 980 1253 1069 spermata
1326 968 1542 1040 ambo
1616 969 2052 1040 conveniant
2119 966 2207 1037 ad
2297 966 2535 1035 locum

898 1113 1124 1158 unum
1169 1095 1238 1157 et
1270 1085 1635 1166 eumdem,
1684 1094 1753 1155 et
1794 1084 1868 1151 in
1920 1082 2173 1153 eodem
2213 1089 2534 1172 tempore

894 1201 1237 1295 proJecta.
1293 1198 1472 1268 Viro
1508 1198 1702 1267 enim
1755 1197 1830 1263 in
1872 1194 2067 1263 coitu
2110 1190 2535 1285 spermatico

897 1313 1314 1409 projiciente
1367 1308 1570 1404 quasi
1627 1308 1702 1376 in
1752 1305 2105 1400 principio
2158 1304 2414 1391 coitus,
2470 1310 2540 1372 et

902 1425 1203 1497 muliere
1253 1421 1671 1516 projiciente
1729 1417 1926 1488 tarde
1989 1417 2192 1511 quasi
2254 1416 2326 1486 in
2393 1415 2536 1485 tine

896 1541 1128 1609 coitus
1162 1535 1510 1627 ejusdem,
1579 1531 1966 1626 impeditur
1997 1528 2472 1624 inprzegnatio
2512 1549 2528 1597 :

897 1649 1184 1745 quando
1245 1647 1439 1719 enim
1480 1669 1709 1715 unum
1760 1651 2200 1739 spermatum
2242 1663 2535 1733 separa-

892 1772 1048 1833 tum
1092 1769 1197 1831 est
1228 1759 1315 1831 ab
1358 1758 1527 1839 alie,
1584 1756 1840 1827 accidit
1882 1763 2056 1825 tunc
2108 1754 2532 1847 impraegna-

892 1878 1164 1946 tionem
1226 1871 1558 1966 impediri
1621 1867 1896 1939 tamdiu
1962 1890 2340 1963 quousque
2404 1888 2534 1958 per

894 1987 1206 2082 aliquem
1240 1985 1509 2056 coitum
1543 1981 2079 2075 conjungantur
2100 1978 2312 2050 ambo
2338 2002 2533 2072 sper-

896 2108 1114 2171 mata.

994 2213 1188 2283 Idem
1251 2220 1491 2281 autem
1550 2232 1779 2304 genus
1852 2207 2345 2301 impedimenti
2394 2215 2526 2288 est,

897 2323 1187 2421 quando
1231 2320 1491 2391 mulier
1521 2320 1595 2389 in
1627 2318 1859 2389 coitus
1901 2318 2254 2412 principio
2299 2325 2401 2387 est
2456 2317 2528 2386 in

892 2435 1206 2507 libidinis
1249 2433 1631 2515 desideriO,
1669 2440 1738 2503 et
1770 2433 2011 2502 statim
2045 2431 2306 2502 emittit
2335 2453 2530 2525 sper-

890 2572 1008 2618 ma
1047 2571 1062 2617 :
1111 2548 1219 2617 vir
1261 2557 1504 2618 autem
1541 2571 1686 2618 non
1724 2556 2001 2617 tantum
2042 2544 2417 2625 desiderat,
2455 2554 2520 2614 et

893 2661 1049 2730 ideo
1095 2661 1214 2730 diu
1267 2669 1523 2756 postea
1567 2684 1849 2754 sperma
1905 2659 2186 2729 emittit.
2246 2657 2522 2752 Saepius

893 2782 1133 2843 tamen
1195 2773 1474 2856 accidit,
1551 2772 1744 2868 quod
1820 2771 2158 2843 mulieres
2235 2780 2527 2867 propter

890 2886 1535 2981 complexionalem
1674 2885 2139 2980 frigiditatem
2256 2886 2529 2957 tardius

892 3000 1230 3071 emittunt
1255 3010 1642 3095 postquam
1675 2999 1798 3071 diu
1831 3003 2062 3072 coitus
2095 3001 2418 3072 duravit:
2458 3011 2528 3072 et

890 3113 947 3182 si
980 3114 1093 3183 vir
1126 3121 1292 3184 tunc
1324 3115 1539 3184 etiam
1583 3120 1687 3184 est
1719 3122 1845 3183 aut
1874 3114 2056 3185 torte
2088 3113 2363 3195 dolenS,
2405 3124 2527 3185 aut

887 3227 1164 3322 frigida·
1198 3227 1745 3323 complexionis,
1783 3237 1848 3298 et
1891 3229 2053 3299 ideo
2095 3229 2291 3302 tarde
2323 3238 2527 3325 post-

888 3365 1108 3436 quam
1141 3339 1261 3410 diu
1294 3342 1568 3426 coierit,
1605 3342 1967 3428 emittens,
2015 3340 2278 3414 horum
2321 3366 2526 3437 sper-

887 3462 1077 3523 mata
1108 3451 1519 3548 srequenter
1558 3456 1999 3525 conveniunt
2048 3462 2120 3526 et
2152 3454 2522 3551 perficiunt

883 3566 1581 3662 innprwgnationem.

975 3689 1310 3785 Amplius
1360 3701 1604 3764 autem
1655 3693 2082 3765 mulieribus
2131 3693 2519 3789 aliquando

882 3803 1388 3896 incipientibus
1420 3804 1779 3877 somniare
1817 3794 2089 3877 co‘itum
2121 3806 2283 3885 viri.
2321 3816 2389 3877 et
2418 3807 2524 3875 vi-

886 3915 980 3984 ris
1033 3926 1277 4010 postea
1339 3942 1584 3988 seeum
1639 3919 1710 3989 in
1761 3918 2010 4013 vigilia
2063 3917 2514 4000 coeuntibus,

885 4027 1137 4097 accidit
1180 4052 1387 4098 sanas
1420 4054 1601 4112 esse,
1648 4038 1725 4099 ut
1768 4032 2096 4126 superius
2138 4031 2451 4102 diximus
2499 4054 2514 4100 ε

886 4148 951 4209 et
988 4138 1124 4210 hoc
1154 4164 1298 4210 non
1333 4165 1617 4236 semper
1657 4150 1762 4212 est
1803 4143 2196 4213 secundum
2230 4142 2520 4213 fortitu-

884 4253 1126 4325 dinem
1159 4258 1506 4349 corporis,
1543 4254 1668 4327 sed
1700 4253 2096 4328 secundum
2138 4258 2517 4328 sanitatem

884 4368 1222 4437 matricis.
1272 4368 1422 4439 lloc
1466 4378 1711 4440 autem
1744 4371 2098 4465 praecipue
2154 4370 2517 4440 somnium

877 4480 1235 4550 accidit-in
1271 4480 1873 4576 multiplicatione
1905 4483 2283 4578 spermatis
2336 4484 2517 4554 intra

878 4614 1050 4661 vasa
1112 4593 1498 4663 seminaria
1557 4617 1572 4663 ε
1628 4604 1696 4665 et
1748 4593 1964 4686 hujus
2034 4595 2320 4688 signum
2382 4604 2514 4676 est,

878 4706 1070 4799 quod
1126 4731 1249 4800 per
1290 4709 1564 4777 exitum
1618 4708 1780 4777 talis
1823 4709 2200 4802 spermatis
2269 4733 2357 4778 ex
2417 4710 2519 4779 eis

875 4842 1022 4887 non
1058 4817 1552 4903 debilitantur,
1600 4829 1667 4889 et
1703 4821 2060 4916 praecipue
2094 4820 2382 4916 quando
2418 4820 2519 4891 lo-

878 4957 960 5002 ca
1007 4934 1303 5003 seminis
1362 4936 1548 5006 circa
1610 4960 1818 5007 rencs
1868 4936 2272 5019 existentia,
2327 4935 2521 5006 mul-

880 5054 1034 5116 tum
1082 5049 1149 5117 in
1195 5073 1268 5118 se
1304 5046 1643 5119 haustum
1689 5048 1958 5120 habent
2009 5074 2316 5146 sperma.
2372 5053 2519 5121 Ac-

878 5158 1041 5228 cidit
1078 5169 1317 5231 autem
1342 5186 1487 5232 non
1520 5160 1872 5231 debilitari
1909 5186 2167 5258 corpus
2201 5164 2272 5233 in
2305 5165 2504 5234 emis·

877 5273 1079 5344 sione
1142 5277 1544 5370 spermatis,
1620 5284 1792 5347 tunc
1853 5277 2169 5348 maxime
2225 5276 2512 5373 quando

876 5410 1161 5480 sperma
1203 5391 1445 5460 exiens
1490 5414 1636 5460 non
1670 5389 1950 5460 bonum
1984 5390 2219 5462 fuerit.
2261 5389 2513 5461 Simile

874 5508 1114 5570 autem
1148 5502 1393 5572 accidit
1447 5505 1518 5573 in
1559 5503 1672 5574 his
1704 5504 1828 5599 qui
1869 5503 2081 5575 valde
2108 5503 2516 5598 ,plectorica

870 5609 1135 5684 liabent
1177 5638 1505 5711 corpora.
1547 5618 1812 5689 Sanius
1853 5619 2048 5689 enim
2092 5617 2225 5688 erit
2254 5642 2513 5713 corpus

872 5750 1152 5810 eorum,
1228 5729 1520 5823 quando
1590 5733 1999 5827 superfluus
2072 5729 2340 5802 humor
2384 5755 2512 5827 per

871 5840 1146 5910 coitum
1197 5840 1311 5912 vel
1378 5865 1508 5936 per
1545 5844 2024 5938 pollutionem
2086 5844 2360 5915 exierit.
2429 5843 2509 5915 Si

4150 228 4286 296 543

2655 404 2894 465 autem
2928 398 3197 468 siccum
3242 400 3333 469 sit
3365 423 3621 493 corpus
3674 409 3741 469 et
3785 402 4095 496 indigeat
4146 402 4287 472 hu-

2655 508 2849 579 mido
2913 512 3108 604 quod
3166 520 3276 582 est
3326 512 3398 581 in
3452 513 3634 605 ipso,
3685 521 3850 582 tunc
3883 513 4289 586 debilitatur

2654 646 2780 715 per
2819 625 3093 695 exitum
3167 626 3256 696 ab
3328 649 3413 695 eo
3458 622 3734 694 humidi
3797 648 3812 694 ε
3879 627 4000 695 sed
4049 636 4288 699 tamen

2652 735 2792 803 cito
2857 738 3376 808 restaurabitur
3416 737 3666 820 virtuS,
3740 739 3799 806 si
3861 762 4117 832 corpus
4167 764 4291 809 sa-

2650 869 2825 915 num
2858 848 3242 943 fuerit,per
3276 850 3690 919 nutrimenti
3717 848 3994 919 humidi
4027 861 4095 921 et
4126 875 4293 922 con-

2649 956 2981 1030 fortantis
3032 962 3591 1055 susceptionem,
3658 969 3727 1029 et
3779 965 4131 1057 praecipue
4201 989 4291 1037 ex

2648 1066 2759 1138 his
2791 1095 2948 1164 quae
2981 1081 3152 1143 sunt
3192 1071 3638 1142 humiditatis
3672 1077 4175 1157 restaurativa,
4224 1086 4292 1148 et

2646 1185 3002 1278 praecipue
3055 1186 3128 1256 in
3184 1211 3268 1257 eo
3313 1187 3436 1281 qui
3494 1196 3598 1256 est
3650 1188 3721 1256 in
3770 1196 3977 1258 aetate
4010 1213 4281 1261 conve-

2646 1296 2868 1366 nienti
2920 1298 3012 1368 ad
3050 1300 3431 1393 spermatis
3484 1301 4046 1393 generationem,
4114 1327 4274 1397 qua>

2646 1418 2749 1477 est
2782 1417 2952 1479 aetas
2984 1411 3413 1501 juventutis.

2740 1521 3070 1615 Amplius
3132 1534 3374 1594 autem
3450 1534 3518 1595 et
3587 1525 3923 1596 mulieres
4014 1537 4279 1598 norunt

2645 1633 2806 1717 hoc,
2846 1638 3040 1731 quod
3080 1642 3584 1711 convenientia
3624 1650 3980 1736 spermata
4011 1643 4279 1715 faciunt

2649 1747 3315 1844 impraegnationem
3381 1777 3396 1823 ε
3462 1764 3751 1848 propter
3808 1756 4000 1850 quod
4059 1757 4274 1827 etiam

2645 1886 2794 1934 non
2833 1890 2908 1935 se
2951 1875 3284 1961 reputant
3333 1868 3787 1962 impraegnari
3826 1894 3953 1963 per
4006 1871 4271 1940 coitum

2646 1980 2986 2075 aliquem,
3026 1985 3159 2054 nisi
3194 2009 3271 2054 se
3303 1986 3605 2055 sentiant
3642 1987 3962 2057 emittere
3995 2011 4278 2080 sperma

2645 2096 2930 2167 interim
3010 2098 3184 2169 dum
3265 2101 3401 2170 viri
3479 2125 3762 2195 sperma
3824 2104 4178 2172 emittitur
4250 2125 4269 2174 ε

2642 2209 2942 2281 scientes
2984 2213 3177 2306 quod
3210 2237 3493 2306 sperma
3535 2214 3727 2307 quod
3765 2214 3934 2285 facit
3983 2215 4275 2309 imprae-

2641 2325 3086 2416 gnationem,
3170 2324 3260 2395 ab
3331 2334 3632 2420 utroque
3696 2327 4070 2408 emittitur,
4134 2326 4272 2399 hoc

2644 2442 2773 2516 est,
2821 2459 2860 2505 a
2902 2438 3060 2506 viro
3095 2445 3162 2507 et
3197 2436 3520 2507 muliere.

2735 2548 3065 2643 Amplius
3167 2559 3406 2620 autem
3504 2549 3756 2621 accidit
3853 2550 4268 2646 aliquando,

2642 2661 2834 2754 quod
2880 2671 3026 2732 tam
3060 2664 3174 2732 vir
3204 2686 3421 2757 qnam
3464 2662 3721 2733 mulier
3772 2664 4062 2755 ejiciunt
4114 2665 4273 2759 plus

2640 2772 2724 2843 de
2758 2785 3114 2870 spermate
3157 2801 3374 2872 quam
3409 2786 3734 2872 oporteat
3770 2800 3786 2847 :
3825 2787 3891 2847 et
3935 2778 4092 2849 ideo
4127 2803 4271 2849 non

2638 2896 2871 2959 totum
2934 2898 3172 2984 potest
3217 2914 3583 2960 remanere
3636 2891 3708 2960 in
3762 2891 4056 2961 matrice
4111 2915 4128 2962 ε
4204 2901 4274 2963 et

2637 3004 2926 3100 quando
2965 3006 3225 3076 matrix
3260 3007 3622 3076 attraxerit
3657 3004 3743 3075 de
3785 3032 3870 3075 eo
3905 3006 4096 3100 quod
4130 3007 4274 3076 sus-

2637 3117 2805 3201 ficit,
2876 3119 3243 3191 residuum
3308 3129 3470 3190 ante
3529 3119 3879 3190 oriticium
3955 3119 4269 3191 matricis

2637 3232 3034 3303 remanebit
3081 3256 3096 3302 ε
3136 3241 3207 3303 et
3258 3241 3427 3303 tunc
3466 3240 3720 3328 putant
3760 3257 3835 3303 se
3878 3232 4266 3328 aliquando

2636 3345 3139 3442 improegnatas
3182 3370 3559 3418 non-esse.
3624 3346 4085 3419 Almndantia
4136 3371 4274 3418 au-

2633 3468 2776 3529 tem
2831 3462 3210 3555 spermatis
3262 3459 3650 3556 aliqnando
3694 3462 3941 3555 projici
3995 3463 4068 3531 in
4119 3485 4266 3532 uno

2634 3581 2702 3643 et
2744 3574 2996 3645 eodem
3041 3578 3260 3660 coitu,
3296 3574 3756 3666 cognoscitur
3784 3599 3873 3645 ex
3907 3572 4063 3644 aliis
4106 3576 4272 3645 ani-

2634 3685 2946 3758 malibus
3021 3711 3182 3784 quae
3245 3687 3510 3759 multos
3569 3688 3855 3782 pariunt
3936 3690 4268 3783 geminos

2633 3801 3016 3876 concubitu
3051 3828 3223 3874 un0.
3262 3804 3733 3897 Cognoscitur
3763 3802 3980 3872 etiam
4014 3799 4149 3873 hoc
4183 3827 4270 3874 ex

2635 3925 2842 4011 partu
2901 3919 3359 4012 geminorum
3424 3916 3496 3986 in
3544 3916 3701 4009 ipso
3751 3914 4072 3999 bomine,
4147 3917 4269 4010 qui

2632 4030 3040 4125 frequenter
3071 4039 3239 4101 sunt
3289 4054 3378 4099 ex
3431 4054 3574 4099 uno
3625 4029 4038 4109 concubitu,
4085 4051 4275 4123 quo-

2632 4148 2827 4216 niam
2879 4142 3414 4238 superabundat
3463 4166 3771 4236 sperma.
3833 4142 4037 4213 l‘atet
4078 4143 4270 4212 enim

2632 4284 2777 4331 non
2841 4257 3235 4353 quemlibet
3304 4257 3761 4353 geminorum
3803 4279 3931 4349 per
3989 4281 4063 4325 se
4117 4280 4271 4326 esse

2631 4398 2718 4446 ex
2777 4382 2931 4444 toto
2984 4381 3372 4467 spermate,
3427 4370 3552 4442 sed
3608 4371 3846 4465 potius
3924 4368 4265 4464 quiddam

2630 4486 3007 4583 spermatis
3039 4485 3367 4581 pervenit
3399 4484 3487 4555 ad
3521 4507 3746 4554 unum
3796 4479 4112 4576 aliquem
4155 4479 4271 4549 lo-

2631 4625 2795 4672 cum
2841 4599 3183 4679 matricis,
3229 4606 3299 4668 et
3341 4596 3419 4666 fit
3453 4620 3540 4666 ex
3567 4620 3653 4666 eo
3687 4592 3988 4689 embryo
4019 4617 4208 4664 unus
4245 4615 4261 4662 ε

2631 4722 2703 4785 et
2750 4711 3091 4808 quiddam
3133 4711 3359 4805 ipsius
3393 4709 3716 4804 pervenit
3748 4709 3836 4778 ad
3872 4707 4099 4778 alium
4156 4707 4271 4776 lo-

2628 4851 2796 4899 cmn
2841 4822 3183 4905 matricis,
3231 4828 3301 4892 et
3333 4821 3410 4891 lit
3443 4846 3530 4892 ex
3561 4845 3646 4893 eo
3680 4818 3982 4914 embryo
4017 4819 4201 4889 alius
4249 4841 4266 4888 t

2629 4947 2698 5012 et
2739 4938 2841 5010 sic
2886 4944 3282 5008 nascuntur
3318 4935 3614 5031 gemini.

2727 5048 3059 5146 Amplius
3109 5058 3353 5120 autem
3412 5046 3670 5118 mulier
3735 5044 3927 5140 ejicit
3988 5067 4273 5139 sperma

2632 5190 2846 5238 suum
2888 5164 3077 5259 apud
3111 5162 3468 5234 orificium
3512 5185 3658 5233 suae
3693 5159 4014 5231 matricis
4053 5159 4128 5230 in
4170 5157 4275 5231 lo-

2631 5302 2795 5351 cum
2838 5278 2910 5348 in
2953 5299 3169 5370 quem
3225 5275 3421 5368 ejicit
3488 5277 3720 5369 ipsum
3791 5272 3926 5355 vir,
3980 5280 4050 5342 et
4098 5292 4263 5343 cum

2628 5391 2844 5464 ambo
2877 5397 3237 5485 spermata
3266 5388 3533 5460 cadunt
3579 5389 3649 5458 in
3691 5410 3945 5469 unum,
3982 5393 4054 5456 et
4097 5394 4269 5456 tunc

2628 5504 2892 5579 matrix
2921 5500 3219 5576 attrahit
3258 5502 3494 5598 ipsum
3535 5508 3754 5572 vento
3798 5502 3873 5572 in
3916 5496 4270 5571 trahendo

2629 5618 2961 5715 spiritum
3012 5641 3140 5713 per
3190 5614 3489 5688 modum
3540 5613 3861 5709 sugentis
3908 5636 3924 5684 ε
3963 5615 4142 5685 sicut
4185 5635 4266 5683 os

2631 5740 2706 5806 et
2783 5756 2989 5804 nares
3063 5730 3492 5826 spirantium
3561 5726 3932 5799 attrahunt
3998 5747 4262 5798 aerem.

2634 5847 2868 5918 Omne
2897 5852 3140 5917 autem
3179 5839 3590 5916 membrum
3631 5841 3829 5939 quod
3866 5839 4009 5912 hoc
4048 5835 4269 5914 'inodo
