4919 6371
1077 1060 1081 1064 -
1207 1011 1327 1077 bra
1408 1035 1769 1103 corporum
1827 1013 2224 1081 animalium
2295 1035 2310 1078 ε

2058 409 2224 477 LIB.
2277 409 2305 475 Ι
2354 408 2474 476 DE
2520 408 3108 491 ANlMALlBUS,
3162 416 3477 485 TRACT.
3530 418 3561 483 I

1214 585 1375 651 bent
1414 589 1588 648 setas
1620 580 1759 646 sive
1791 577 1992 666 jubas
2020 601 2059 644 a
2086 581 2258 648 collo
2291 580 2748 672 dependentes

1212 691 1384 757 sicut
1439 708 1650 775 equus
1704 707 1717 750 :
1784 693 1849 752 et
1905 686 2210 777 quaedam
2268 711 2406 756 non
2472 686 2750 762 habent,

1209 799 1383 865 sicut
1444 795 1677 863 homo.
1723 796 1807 863 Et
1853 806 1925 863 ut
1957 798 2429 865 universaliter
2466 796 2751 873 dicatur,

4378 434 4416 499 7
4467 520 4476 525 -

2860 578 2947 645 da
2976 593 3204 652 autem
3264 585 3578 675 quaedam
3630 597 3790 655 sunt
3837 587 4116 657 humida
4184 617 4418 664 secun·

2862 684 3023 753 dum
3057 712 3334 759 omnem
3359 691 3907 781 dispositionem,
3934 696 4106 763 sicut
4145 703 4416 788 aquosi·

2862 800 2961 860 tas
3001 800 3355 888 sanguinis
3391 822 3406 866 ε
3471 799 3782 889 quaedam
3822 810 4048 869 autem
4090 813 4246 872 sunt
4277 806 4412 873 hu-

1207 904 1513 972 membra
1572 928 1656 973 ex
1710 906 1955 996 quibus
2003 915 2507 995 componuntur
2532 927 2757 972 mem·
2860 901 3045 967 mida
3083 906 3462 973 secundum
3503 906 4022 996 dispositionem
4051 932 4247 979 suam
4285 936 4412 980 na-

1204 1116 1331 1183 sibi
1374 1120 1535 1208 ipsis
1565 1119 1801 1187 eadem
1843 1121 1910 1184 in
1939 1118 2157 1207 ligura
2186 1125 2251 1183 et
2278 1116 2501 1183 forma
2528 1117 2601 1182 in
2643 1117 2751 1182 di-

1202 1227 1414 1292 versis
1444 1224 1848 1293 animalibus
1883 1246 1897 1289 :
1936 1232 2051 1290 aut
2078 1222 2342 1289 diversa
2372 1220 2746 1288 secundum

1202 1332 1744 1399 contrarietatem
1792 1330 2138 1419 augmenti
2207 1334 2273 1396 et
2338 1326 2746 1395 diminutio—

1199 1439 1304 1505 nis
1363 1462 1377 1505 :
1460 1459 1619 1504 nam
1682 1436 1900 1526 magis
1958 1442 2023 1502 et
2074 1438 2300 1502 minus
2367 1434 2742 1502 secundum

1200 1554 1641 1636 augmentum
1696 1553 1764 1612 et
1826 1544 2343 1612 diminutionem
2390 1543 2734 1611 differunt.

1198 1652 1523 1732 Quaedam
1552 1654 1734 1721 enim
1762 1652 2081 1720 animalia
2109 1675 2246 1720 non
2275 1650 2528 1718 habent
2557 1653 2738 1741 ipsas

1195 1770 1418 1851 partes
1456 1784 1624 1852 quas
1687 1761 1977 1828 diximus
2042 1760 2311 1829 easdem
2364 1781 2521 1826 cum
2588 1758 2736 1825 aliis

1195 1872 1264 1936 in
1320 1869 1540 1936 forma
1594 1876 1661 1936 et
1714 1868 2163 1935 diminutione
2229 1873 2293 1933 et
2365 1873 2734 1956 augmento

1195 1976 1611 2066 quantitatis,
1644 1974 1761 2042 sed
1790 1974 2156 2041 secundum
2188 1973 2732 2040 convenientiam

1191 2082 1673 2173 proportionis,
1740 2082 1812 2147 in
1868 2104 2002 2171 qua
2056 2079 2310 2148 accedit
2375 2102 2589 2146 unum
2648 2078 2734 2145 ad

1193 2188 1378 2257 aliud
1419 2187 1790 2255 secundum
1819 2186 2331 2254 similitudinem
2360 2184 2731 2253 etdissimi-

1190 2293 1545 2362 litudinem
1604 2316 1621 2360 ε
1671 2295 1844 2361 sicut
1877 2293 2484 2384 proportionantur
2538 2292 2732 2381 spina

1188 2408 1255 2469 et
1284 2423 1387 2485 os,
1422 2407 1487 2467 et
1515 2402 1688 2467 sicut
1732 2399 2335 2490 proportionantur
2384 2399 2635 2488 unguis
2664 2403 2731 2464 et

1188 2507 1493 2599 vingula,
1537 2530 1686 2598 quae
1733 2517 2017 2576 vocatur
2075 2505 2351 2575 sotular-
2408 2505 2566 2595 equi
2620 2505 2732 2579 vel

1185 2618 1429 2685 vaccae.
1462 2616 1546 2683 Et
1581 2617 1941 2706 aliquando
1978 2616 2055 2683 fit
2088 2615 2234 2685 haec
2260 2616 2735 2684 convenientia

1188 2725 1271 2792 ad
1302 2732 1524 2792 actum
1571 2732 1638 2791 et
1700 2725 2189 2814 operationem,
2230 2726 2405 2791 sicut
2439 2745 2734 2814 propor-

1185 2832 1538 2900 tionantur
1566 2854 1806 2898 manus
1834 2831 1905 2899 in
1925 2829 2204 2899 homine
2233 2830 2320 2898 ad
2347 2829 2733 2921 quodcum-

1188 2966 1319 3034 que
1359 2941 1742 3011 membrum
1781 2941 1850 3008 in
1899 2963 2034 3032 quo
2091 2947 2191 3009 est
2247 2940 2728 3030 juvamentum

1188 3047 1500 3115 animalis
1542 3068 1559 3113 ε
1596 3055 1660 3115 et
1698 3069 1817 3137 per
1852 3046 2040 3137 quod
2074 3068 2145 3114 se
2174 3047 2372 3136 juvat
2410 3053 2478 3114 et
2504 3043 2732 3113 desen-

1185 3155 1307 3236 dit,
1353 3158 1527 3224 sicut
1563 3161 1721 3223 sunt
1783 3176 2038 3223 cornua
2074 3156 2145 3223 in
2191 3152 2626 3247 quibusdam,
2664 3160 2731 3222 et

1185 3263 1419 3332 dentes
1448 3263 1516 3329 in
1558 3261 1731 3342 aliis,
1775 3268 1842 3330 et
1869 3263 1940 3329 in
1967 3260 2374 3353 quibusdam
2402 3259 2634 3351 pedes.

1273 3369 1660 3460 Aliquando
1701 3376 1930 3437 autem
1958 3368 2332 3438 attenditur
2358 3367 2507 3437 haec
2544 3391 2728 3437 com·

1157 3479 1442 3571 ¹paratio
1487 3479 1559 3545 in
1616 3477 2162 3568 cooperientihus
2214 3501 2252 3544 a
2314 3484 2729 3544 nocumento

1182 3586 1524 3663 exteriori,
1594 3587 1769 3654 sicut
1819 3587 2426 3677 proportionantur
2490 3606 2730 3676 peuuae

1181 3690 1252 3757 in
1282 3691 1521 3759 avibus
1549 3691 1634 3759 ad
1661 3712 1982 3782 squamas
2018 3691 2089 3760 in
2118 3690 2441 3783 piscibus.
2470 3688 2728 3758 Secun-

1180 3797 1344 3865 dum
1393 3796 1575 3869 hunc
1629 3798 1837 3889 igitur
1906 3798 2189 3867 modum
2243 3797 2493 3866 dicitur
2543 3797 2727 3888 quod

1176 3904 1725 3974 diversificantur
1754 3904 2062 3974 membra
2087 3900 2518 3973 animalium.

1269 4010 1514 4080 Adhuc
1534 4019 1765 4081 autem
1787 4008 2327 4081 diversificantur
2352 4010 2730 4079 secundum

1178 4120 1413 4201 situm,
1492 4130 1568 4190 ut
1631 4120 1931 4189 diximus
1994 4120 2327 4212 superius.
2399 4119 2727 4200 Quaedam

1179 4230 1363 4296 enim
1401 4228 1804 4297 animalium
1829 4227 2085 4298 habent
2111 4228 2420 4297 membra
2449 4230 2519 4296 in
2557 4229 2735 4318 seip-

1175 4336 1267 4404 sis
1296 4359 1446 4428 quae
1475 4339 1897 4406 conveniunt
1926 4340 1995 4405 in
2032 4337 2254 4429 figura
2291 4344 2360 4405 et
2394 4346 2577 4417 actu,
2609 4336 2733 4405 sed

1180 4443 1502 4512 differunt
1536 4444 1915 4515 secundum
1943 4445 2175 4524 situm,
2200 4447 2375 4516 sicut
2403 4441 2730 4512 mamillae

1178 4549 1634 4639 quorumdam
1676 4549 2076 4618 animalium
2112 4556 2273 4617 suut
2310 4547 2380 4617 iri
2424 4556 2725 4639 pectore,

1177 4664 1244 4721 et
1278 4655 1571 4724 aliorum
1625 4655 2077 4748 quorumdam
2117 4654 2517 4723 animalium
2569 4662 2730 4723 sunt

1180 4762 1250 4828 in
1284 4771 1522 4831 ventre
1581 4763 1707 4830 sub
1754 4765 1964 4831 coxis.
2016 4763 2102 4832 Et
2166 4765 2342 4831 inter
2385 4761 2724 4844 membra,

1179 4888 1354 4956 quae,
1388 4867 1565 4936 sicut
1609 4867 1868 4936 dictum
1922 4876 2046 4945 est,
2106 4867 2568 4936 assimilantur
2596 4867 2725 4935 sibi

1179 4973 1250 5039 in
1307 4973 1593 5043 diversis
1661 4973 2070 5043 animalibus
2124 4974 2510 5054 existentia,
2569 4981 2729 5041 sunt

1180 5079 1489 5170 quaedam
1543 5079 1781 5149 mollia
1825 5078 2132 5159 humida,
2191 5080 2366 5147 sicut
2418 5081 2723 5169 sanguis,

1175 5185 1546 5277 pinguedo,
1580 5185 1903 5271 medulla,
1943 5193 2313 5277 spermata,
2365 5193 2432 5253 et
2470 5183 2727 5252 humo-

1178 5313 1312 5377 res,
1350 5313 1501 5381 quae
1543 5300 1704 5360 sunt
1736 5291 2022 5360 humida
2054 5313 2071 5358 ε
2125 5301 2194 5361 et
2228 5313 2387 5359 caro
2428 5298 2498 5358 et
2532 5312 2728 5359 cere-

1179 5395 1405 5476 brum,
1438 5418 1590 5488 quae
1630 5403 1789 5465 sunt
1815 5396 2092 5465 mollia:
2118 5404 2186 5465 et
2222 5394 2536 5487 quaedam
2562 5404 2726 5464 sunt

1183 5505 1362 5575 sicca
1412 5505 1606 5586 dura,
1665 5505 1839 5575 sicut
1891 5528 2071 5592 ossa,
2108 5527 2399 5597 ungues,
2440 5510 2509 5572 et
2567 5503 2716 5593 pili,

1186 5634 1339 5703 quae
1375 5614 1736 5682 suntsicca
1770 5612 1939 5681 dura
1967 5635 1985 5681 ε
2018 5621 2084 5683 et
2116 5635 2318 5694 vena,
2351 5619 2418 5681 et
2439 5633 2716 5691 nervus,

1188 5726 1258 5788 et
1294 5718 1644 5809 cartilago,
1685 5741 1835 5809 quae
1862 5727 2023 5788 sunt
2056 5720 2247 5789 dura.
2271 5718 2456 5787 Inter
2490 5716 2719 5786 humi·

2384 1020 2503 1078 aut
2557 1019 2754 1079 erunt
2857 1008 3173 1087 turalem,
3218 1018 3286 1077 et
3314 1013 3657 1080 siccantur
3695 1014 3967 1104 quando
4005 1028 4409 1104 permutan-

2857 1123 2967 1183 tur
2986 1118 3068 1184 ab
3092 1118 3231 1197 illa,
3259 1119 3746 1211 sicutsanguis,
3768 1122 4109 1215 phlegma,
4137 1149 4399 1216 sepum,

2854 1231 2918 1288 et
2949 1226 3294 1315 pinguedo
3334 1250 3348 1293 ε
3385 1227 3520 1293 alia
3549 1249 3699 1316 quae
3717 1232 4026 1320 saqimen
4045 1242 4398 1316 vocantur,

2851 1333 3176 1413 medulla,
3210 1358 3504 1425 sperma,
3540 1334 3839 1420 cholera,
3874 1348 3940 1406 et
3966 1340 4070 1408 lac
4106 1345 4177 1408 in
4212 1346 4400 1410 omni

2850 1440 3130 1506 animali
3188 1443 3373 1531 quod
3413 1443 3776 1533 participat
3831 1444 3998 1513 lacte
4045 1471 4060 1514 ε
4123 1457 4190 1516 et
4241 1473 4396 1518 caro

2848 1568 2998 1635 quae
3027 1547 3254 1615 mollis
3286 1557 3387 1614 est
3407 1548 3735 1637 quamdiu
3767 1559 3867 1617 est
3895 1551 3963 1618 in
3985 1553 4235 1623 virtute
4273 1579 4399 1624 na-

2845 1655 3045 1721 turali
3081 1678 3097 1722 :
3135 1664 3204 1722 et
3241 1655 3376 1722 alia
3414 1677 3569 1744 quae
3615 1660 4034 1727 conveniunt
4073 1662 4396 1731 membris

2841 1763 3238 1841 nominatis,
3291 1769 3357 1829 et
3395 1761 3650 1828 similia
3694 1771 3852 1831 sunt
3906 1765 4013 1833 his
4065 1768 4197 1836 illae
4234 1793 4397 1861 par-

2839 1867 3015 1932 tium
3035 1867 3294 1957 species
3315 1888 3468 1957 quae
3494 1867 4010 1957 superfluitates
4037 1861 4388 1955 vocantur,

2840 1973 3015 2038 sicut
3042 1971 3364 2063 phlegma
3410 1980 3780 2063 purgatum
3822 1996 3944 2063 per
3971 1999 4194 2062 nareS,
4227 1989 4293 2048 et
4323 1984 4389 2050 id

2840 2078 3023 2168 quod
3062 2086 3478 2169 aggregatur
3532 2101 3616 2146 ex
3663 2080 4127 2169 superfluitate
4166 2091 4390 2155 nutri-

2836 2186 3047 2252 menti
3079 2186 3150 2252 in
3194 2192 3433 2253 ventre
3499 2207 3754 2276 urgens
3803 2186 3891 2254 ad
3917 2210 4284 2271 secessum,
4320 2207 4388 2265 et

2837 2293 2907 2359 in
2945 2293 3172 2360 vesica
3217 2313 3371 2383 quae
3430 2292 3933 2381 receptaculum
3980 2302 4081 2363 est
4118 2301 4332 2369 urinae
4366 2325 4383 2369 τ

2836 2399 2981 2467 brec
3007 2400 3191 2468 enim
3222 2398 3457 2467 omnia
3495 2397 3734 2466 mollia
3772 2406 3838 2467 et
3874 2398 4156 2471 humida
4202 2415 4384 2488 sunt,

2837 2512 3167 2602 quamdiu
3197 2516 3479 2577 manent
3509 2509 3580 2575 in
3600 2508 4161 2597 dispositionibus
4189 2524 4394 2584 natu-

2838 2620 3092 2688 ralibus
3149 2620 3482 2710 ipsorum.
3567 2614 3763 2684 Sicca
3820 2626 4051 2686 autem
4110 2628 4176 2688 et
4225 2622 4393 2694 dura

2838 2739 3021 2809 sunt,
3063 2732 3241 2798 sicut
3284 2727 3504 2804 nervi,
3548 2734 3615 2794 et
3655 2727 3854 2804 cutis,
3903 2733 3971 2793 et
4021 2751 4239 2809 venae,
4271 2756 4392 2800 ca..

2835 2837 3005 2929 pilli,
3048 2844 3117 2905 et
3141 2856 3322 2913 ossa,
3364 2830 3718 2922 cartilage,
3771 2831 4054 2922 ungula,
4101 2858 4383 2918 cornua,

2836 2950 2904 3013 et
2939 2944 3173 3012 omnia
3202 2962 3354 3032 quae
3373 2939 3445 3006 in
3487 2938 3631 3007 istis
3670 2937 4086 3007 conveniunt
4114 2963 4253 3010 non
4275 2967 4394 3014 ce-

2834 3050 3064 3119 dentia
3091 3048 3330 3116 tactui.
