4919 6371
1043 1161 1511 1380 DE
1698 1135 4129 1372 ANIMALIBUS

1710 1691 2370 1853 LIBER
2520 1676 3524 1847 DECIMUS.

1431 2121 1607 2220 DE
1707 2111 2647 2217 lMPEDIMENTlS
2750 2094 3746 2208 GENERATIONIS.

1205 2918 2736 3062 TRAGTATUS
2909 2902 3958 3127 PRIMUS.

2661 3766 2899 3826 tamen
2931 3757 3242 3852 exceptis
3263 3778 3422 3851 quae
3437 3754 3654 3825 nimis
3675 3766 3885 3828 arctae
3916 3769 4108 3832 sunt.
4130 3763 4286 3835 Viri

2657 3882 2893 3943 autem
2936 3873 3227 3968 quidam
3289 3871 3452 3941 licet
3519 3872 3662 3940 sint
3723 3873 4155 3969 impotentes
4215 3890 4288 3953 et

2658 3985 2834 4056 sorte
2868 4011 2954 4056 ex
2998 3984 3228 4056 calido
3260 3992 3729 4055 consumente
3763 3983 4145 4062 humidum
4169 4002 4293 4064 aut

2656 4096 2991 4190 frigidum
3025 4095 3218 4191 quod
3250 4095 3624 4166 materiam
3670 4101 4139 4197 constringit:
4187 4114 4290 4177 ta-

2656 4231 2820 4278 men
2852 4208 3136 4290 mulier,
3182 4209 3349 4302 quia
3378 4230 3523 4277 non
3577 4231 3866 4306 semper
3902 4216 4046 4286 coit
4083 4217 4294 4288 emit·

2657 4320 2898 4409 tendo,
2942 4321 3064 4392 sed
3096 4322 3311 4392 etiam
3342 4320 3521 4391 alias
3550 4318 3767 4393 habet
3807 4328 4039 4398 coitus
4089 4329 4289 4402 dele-

2657 4436 3026 4517 ctationeS,
3072 4458 3355 4528 semper
3392 4442 3640 4528 parata
3684 4444 3791 4507 est
3833 4439 3921 4509 ad
3973 4442 4290 4515 coitum:

1510 4566 1819 4638 CApUT
1870 4564 1925 4634 1.
2659 4549 2730 4617 ἰιι
2770 4546 2882 4618 his
2913 4550 3106 4618 enim
3139 4547 3427 4641 patitur,
3474 4555 3544 4618 et
3576 4571 3722 4619 non
3758 4553 3954 4646 agit:
4018 4564 4088 4628 et
4131 4555 4290 4630 ideo

2657 4661 2914 4732 virtute
2947 4669 3203 4752 agente
3238 4684 3381 4730 non
3424 4660 3723 4756 indiget.
3771 4662 4124 4748 Quamvis
4163 4695 4295 4741 au·

2656 4784 2798 4845 tem
2830 4775 2932 4844 sic
2962 4773 3152 4843 coire
3183 4773 3568 4844 conveniat
3624 4781 3774 4846 tam
3833 4779 4007 4850 viris
4075 4805 4297 4877 quam

2658 4885 3101 4964 mulieribus,
3138 4892 3379 4955 tamen
3421 4908 3567 4956 non
3598 4910 3890 4983 semper
3917 4895 4303 4988 consequi-

2656 5009 2772 5072 tur
2799 4999 3164 5094 generatio
3194 5007 3489 5093 propter
3523 5000 3970 5074 sterilitatem
4020 5007 4298 5077 utrius-

912 5133 1016 5202 De
1055 5121 1657 5225 dispas-iliom'bus·
1714 5119 2046 5191 matricis
2102 5139 2261 5212 quae
2314 5114 2547 5208 impe-
2657 5139 2794 5211 que
2862 5117 2996 5185 viri
3049 5123 3120 5183 et
3178 5114 3524 5196 mulieris,
3572 5124 3698 5187 aut
3764 5115 3949 5188 forte
3999 5118 4299 5192 alterius

1379 5235 1592 5305 (limet
1624 5241 2070 5326 conceptum.
2658 5254 2903 5300 eorum
2932 5253 2947 5299 ε
2986 5237 3054 5299 et
3087 5238 3259 5298 tunc
3289 5229 3504 5299 etiam
3537 5229 3595 5298 si
3653 5229 3964 5303 multum
3997 5243 4300 5306 utuntur

2657 5344 2873 5419 coitu,
2921 5351 3162 5411 tmnen
3209 5363 3354 5410 non
3394 5339 3889 5434 generabunt:
3934 5353 4006 5416 et
4046 5370 4289 5433 causa,

2654 5454 2833 5523 sicut
2872 5451 3211 5534 diximuS‚
3245 5456 3349 5519 est
3381 5448 3770 5544 aliquando
3800 5476 3890 5523 ex
3953 5464 4290 5550 utroque,

2656 5571 2720 5632 et
2772 5559 3157 5655 aliquando
3189 5581 3279 5629 ex
3343 5557 3615 5628 altero:
3650 5567 3945 5654 propter
3974 5563 4171 5658 quod
4216 5566 4291 5635 in

2658 5674 2780 5746 teli
2809 5674 2985 5744 vitio
3032 5673 3230 5767 prius
3278 5669 3799 5743 consideranda
3852 5665 3969 5754 fef»
4025 5678 4294 5749 matrix
4403 5680 4419 5692 ⁴

2659 5784 2965 5856 foeminae
3005 5808 3020 5854 ε
3067 5791 3137 5853 et
3176 5781 3234 5850 si
3265 5803 3481 5851 causa
3530 5764 3922 5857 sterilitatis
3941 5767 4166 5859 ‘fuerit
4204 5811 4296 5857 ex

1004 5909 1257 5983 Coitus
1287 5915 1530 5978 autem
1564 5914 1671 5978 est
1721 5928 1834 5976 res
1894 5925 2056 5999 quae
2109 5898 2365 5972 accidit
2401 5908 2549 5968 tam
2662 5901 2982 5983 matrice,
3018 5906 3186 5968 tunc
3217 5902 3502 5989 oportet
3530 5918 3666 5967 nos
3704 5921 4117 5971 succurrere
4168 5924 4320 5996 per-

911 6026 1087 6098 viris
1148 6044 1369 6120 quam
1440 6018 1864 6091 mulieribus
1913 6013 2276 6101 omnibuS,
2306 6011 2553 6109 paucis
2663 6009 3090 6083 medicinam
3132 6006 3474 6078 matricis·
3514 6005 3593 6079 Si
3622 6017 3866 6082 autem
3897 6033 4116 6081 causa
4144 6034 4295 6083 non
