4919 6371
580 378 710 444 466

579 569 787 636 apum
827 540 1301 614 secundarum,
1338 558 1487 625 quae
1556 558 1710 602 cum
1771 536 1866 600 eis
1934 531 2135 599 habi-

578 659 746 727 tant,
780 648 1053 738 quando
1076 644 1209 713 mel
1257 644 1506 711 factum
1546 644 1743 709 fuerit
1779 666 1792 709 :
1846 651 1911 709 et
1977 665 2132 707 om-

580 779 701 824 nes
776 755 901 821 has
966 754 1220 821 faciunt
1275 755 1342 819 in
1390 751 1627 819 eadem
1678 751 2128 842 dispositione

577 864 814 953 figurae
856 864 1029 929 sicut
1068 860 1366 929 fecerunt
1395 861 1635 927 domos
1694 882 1956 948 regum,
1999 859 2130 924 nisi

576 969 761 1060 quod
790 969 1034 1037 domus
1081 969 1405 1037 cakiceon
1435 976 1593 1034 sunt
1630 965 2129 1055 aliquantulum

574 1079 875 1146 minores
907 1078 1055 1146 aliis
1092 1101 1106 1144 ε
1144 1086 1300 1145 sunt
1339 1086 1567 1142 tamen
1615 1098 1699 1140 ex
1737 1095 1911 1147 cera,
1956 1074 2131 1138 sicut

574 1196 640 1254 et
679 1185 857 1254 aliae.

662 1294 1023 1385 Operando
1046 1303 1272 1360 autem
1305 1289 1636 1377 incipiunt
1664 1308 1702 1351 a
1732 1307 2002 1352 summo
2035 1284 2129 1351 al-

568 1404 818 1480 vearis,
865 1410 932 1467 et
987 1397 1402 1466 descendunt
1439 1394 1522 1460 ad
1582 1394 1795 1459 imum
1854 1391 2024 1478 ejuS,
2061 1400 2128 1458 et

571 1507 836 1598 replent
889 1512 1112 1572 totum
1168 1502 1431 1569 alveare
1488 1499 1735 1567 talibus
1774 1498 2113 1575 domibus,

566 1622 633 1680 et
724 1611 1053 1703 quaelibet
1126 1611 1371 1678 domus
1445 1608 1581 1674 duo
1639 1605 1842 1674 habet
1916 1607 2113 1683 ostia,

565 1742 777 1786 unum
813 1719 898 1786 ab
915 1731 1065 1786 ’una
1105 1727 1294 1808 parte
1332 1716 1493 1794 favi,
1538 1724 1605 1782 et
1651 1714 1834 1781 aliud
1874 1736 1959 1780 ex
2015 1713 2122 1780 al-

564 1835 711 1894 tera
740 1836 956 1916 parte,
1010 1828 1099 1893 ita
1131 1824 1313 1916 quod
1351 1824 1595 1890 domus
1628 1845 1764 1888 uua
1810 1831 1912 1888 est
1951 1822 2123 1888 sicut

565 1935 700 2002 duo
767 1957 935 2002 vasa
990 1954 1325 2024 exagona,
1403 1932 1802 2019 conjunctos
1874 1929 2120 1995 fundos

563 2043 705 2108 sive
735 2040 933 2108 bases
964 2039 1303 2107 habentia.
1351 2038 1542 2103 Basis
1574 2045 1798 2102 autem
1832 2036 1947 2101 illa
1976 2037 2118 2102 sive

564 2148 814 2215 fundus
872 2155 974 2214 est
1028 2149 1095 2213 in
1154 2144 1379 2212 medio
1437 2144 1595 2218 favi,
1650 2152 1716 2210 et
1781 2152 2116 2232 apertura}

562 2255 712 2320 duae
747 2253 1148 2321 altrinsecus
1197 2255 1265 2319 in
1324 2251 1645 2317 lateribus
1693 2250 1851 2316 favi.
1905 2249 2119 2316 Fora-

562 2362 749 2428 mina
788 2363 995 2429 etiam
1044 2383 1196 2452 quae
1231 2369 1389 2426 sunt
1429 2361 1602 2425 inter
1641 2357 1847 2424 latera
1881 2357 2101 2425 alvea-

558 2470 646 2535 ris
711 2479 779 2537 et
836 2469 1016 2560 ipsas
1063 2469 1305 2536 domos
1344 2485 1543 2544 certe,
1580 2474 1738 2532 sunt
1800 2487 2007 2555 parva
2049 2475 2116 2532 et

553 2576 820 2643 minora
884 2598 1090 2667 quam
1143 2575 1300 2652 alia,
1344 2596 1423 2641 eo
1482 2572 1664 2663 quod
1721 2571 1813 2639 ibi
1870 2595 2111 2662 parum

553 2683 889 2750 habitant.
929 2683 1003 2748 ln
1032 2683 1239 2749 domo
1296 2689 1524 2748 autem
1590 2679 1890 2770 qualibet
1933 2682 2112 2746 inte-

552 2792 690 2857 rius
720 2800 882 2857 sunt
938 2792 1087 2859 dum
1153 2790 1371 2867 bases,
1408 2798 1524 2856 aut
1589 2790 1792 2855 etiam
1851 2798 2011 2864 tres,
2054 2790 2108 2854 si

550 2897 748 2964 favus
791 2898 995 2966 fuerit
1052 2897 1305 2964 multus
1362 2898 1642 2986 spissus.
1681 2895 1943 2961 Domus
1980 2918 2111 2961 au-

551 3013 690 3071 tem
733 3003 981 3095 aliqum
1050 3006 1225 3072 inter
1296 3026 1410 3070 eas
1485 3005 1926 3070 inveniuntur
1980 3002 2111 3068 ali-

554 3110 827 3202 quando
860 3122 1200 3203 cooportae
1227 3132 1405 3192 cera,
1439 3118 1504 3177 et
1536 3109 1664 3177 illze
1706 3109 2107 3201 plerumque

553 3225 711 3285 suut
743 3218 963 3307 plenae
995 3242 1149 3287 cera
1183 3241 1198 3284 :
1244 3228 1310 3286 et
1350 3218 1440 3284 ibi
1498 3227 1597 3285 est
1665 3220 1979 3307 reposita,
2023 3241 2105 3284 eo

551 3325 735 3416 quod
774 3349 915 3394 non
945 3328 1030 3394 sit
1059 3326 1430 3417 indigentia
1462 3325 1547 3392 ad
1576 3348 1774 3415 opus,
1808 3348 1889 3392 eo
1922 3326 2107 3415 quod

549 3433 1076 3521 superabundat.
1116 3433 1191 3500 ln
1222 3435 1502 3502 circuitu
1535 3442 1760 3500 autem
1790 3434 2103 3501 favorum

548 3541 618 3607 in
648 3542 1269 3631 extremitatequae
1336 3542 1553 3632 tangit
1610 3540 1819 3609 latera
1872 3542 2108 3609 alvea-

548 3648 833 3725 riorum,
876 3647 1230 3716 includunt
1261 3649 1327 3716 id
1393 3648 1578 3739 quod
1636 3658 1916 3716 vocatur
1968 3651 2107 3716 mi-

548 3777 724 3833 com,
758 3763 826 3822 et
857 3763 960 3823 est
1033 3757 1461 3847 superfluitas
1514 3759 1849 3823 terrestris
1880 3759 2097 3847 nigra,

548 3884 701 3951 quae
764 3871 1184 3953 expurgatur
1244 3885 1283 3930 a
1348 3885 1527 3945 cera,
1597 3867 1785 3952 qun-i
1847 3866 1931 3931 sit
1971 3864 2101 3931 fwx

546 3992 717 4036 cera·
755 3992 771 4036 :
807 3979 876 4038 et
906 3970 1079 4039 odor
1121 3970 1516 4060 hujusmodi
1554 3970 1754 4038 valde
1802 3981 1902 4039 est
1933 3994 2101 4039 acu-

543 4085 678 4155 tus,
711 4086 780 4145 et
807 4077 988 4146 valet
1025 4076 1439 4146 medicandis
1475 4079 1760 4144 exituris
1823 4087 2098 4169 propter

542 4184 1068 4253 exsiccationem
1097 4194 1165 4253 et
1199 4185 1816 4274 consumptionem.
1849 4186 2091 4254 Oleum

540 4299 769 4357 autem
839 4291 1183 4382 quoddam
1241 4292 1494 4383 pingue
1560 4293 1905 4359 invenitur
1965 4293 2097 4361 ali-

541 4397 819 4488 quando
852 4399 921 4466 in
971 4400 1097 4467 ista
1147 4400 1340 4489 nigra
1379 4400 1870 4489 superfluitate,
1912 4401 2097 4491 quod

544 4504 825 4595 quidam
896 4506 1288 4574 Gra-corum
1352 4506 1752 4574 kiceokabor
1794 4530 2096 4577 vocave-

541 4620 723 4688 runt,
758 4620 827 4679 ct
856 4621 955 4680 est
986 4636 1063 4681 ac
1092 4614 1146 4680 si
1187 4612 1275 4681 sit
1301 4637 1454 4681 cera
1479 4616 1624 4703 pice
1667 4613 1995 4693 admixta,
2028 4624 2094 4684 ct

538 4716 831 4785 debilius
861 4729 963 4788 est
991 4742 1197 4811 quam
1269 4722 1521 4787 micom
1585 4721 1671 4787 de
1728 4744 1865 4812 qno
1922 4724 2096 4790 dixi·

538 4848 717 4903 mus,
798 4849 924 4896 nec
989 4827 1168 4896 valet
1216 4827 1300 4894 ad
1365 4826 1737 4894 medicinas
1790 4830 1875 4895 ad
1923 4853 2094 4921 quas

538 4931 843 5000 diximus
910 4936 1136 5004 valere
1190 4935 1468 5003 micom.
1538 4933 1788 5002 Dicunt
1861 4947 2088 5004 autem

534 5038 745 5129 aliqui
803 5050 1239 5133 expertorum
1298 5043 1476 5109 circa
1516 5049 1791 5108 naturas
1854 5066 2088 5134 apum,

533 5145 716 5234 quod
763 5168 927 5237 apes
973 5172 1126 5240 quae
1176 5150 1488 5216 cake‘ceon
1535 5157 1895 5229 vocantur,
1939 5152 2093 5240 qui·

528 5248 761 5318 busin
800 5254 1041 5322 eodem
1108 5256 1359 5324 alveari
1417 5277 1609 5321 casas
1654 5254 1935 5333 faciunt,
1985 5257 2095 5323 di-

526 5358 852 5427 stinctum
892 5373 993 5429 est
1045 5364 1118 5431 in
1168 5363 1417 5432 alveari
1476 5362 1561 5429 ab
1619 5363 1782 5452 ipsis
1820 5364 2086 5453 apibuS,

525 5474 592 5533 et
621 5476 855 5534 manet
884 5468 955 5535 in
1004 5471 1444 5559 sequestratis
1474 5469 1640 5536 locis
1679 5469 2084 5550 solitarium,

529 5573 714 5664 quod
745 5571 917 5641 niliil
947 5578 1228 5644 omnino
1260 5583 1604 5667 operatur,
1647 5576 1765 5643 sed
1803 5579 1967 5645 vivit
2004 5602 2085 5645 ex

530 5679 663 5749 hoc
700 5681 890 5773 quod
919 5706 1082 5776 apes
1128 5691 1520 5775 operantur.
1555 5683 1641 5753 Et
1689 5686 1850 5777 quia
1895 5686 2091 5755 caki-

1534 365 1616 430 D.
1669 362 1869 429 ALss.
1925 358 2141 428 MAG.
2198 356 2403 427 ORD.
2461 357 2756 426 PItAEn.

2243 555 2411 600 ceon
2470 543 2533 600 et
2597 531 2762 624 pulli
2803 553 3008 621 apum
3084 530 3399 596 cibantur
3444 551 3527 594 ex
3575 528 3800 594 abun-

2245 642 2473 709 dantia
2521 643 2761 709 mellis.
2809 640 2926 706 11ae
2976 647 3205 705 autem
3263 659 3426 727 apes
3481 636 3797 702 cakiceon

2244 752 2386 817 sive
2451 750 2649 815 cah-in
2715 748 2930 824 dictae,
2974 768 3130 813 cum
3171 751 3487 811 saturatae
3518 742 3793 819 fuerint,

2242 855 2596 945 spatiando
2635 854 2967 920 volantia
3019 875 3197 930 acre,
3251 852 3449 942 quasi
3498 872 3570 918 se
3602 872 3800 918 exer-

2240 970 2488 1036 centeS,
2516 968 2580 1025 et
2609 966 2761 1048 post
2780 960 3334 1025 exercitationem
3366 964 3798 1024 revertuntur

2240 1066 2324 1134 ad
2362 1065 2652 1142 alveare,
2703 1072 2768 1130 et
2807 1063 3120 1129 cibantur
3180 1062 3380 1129 melle
3411 1061 3598 1151 quod
3655 1083 3794 1127 non

2239 1173 2781 1240 elaboraverunt.

2328 1278 2546 1368 Reges
2578 1286 2802 1343 autem
2844 1297 2983 1341 non
3023 1273 3300 1341 evolant
3340 1280 3536 1339 extra
3575 1271 3800 1338 alvea-

2237 1389 2360 1461 ria,
2395 1387 2523 1452 nisi
2544 1408 2697 1453 cum
2731 1383 3049 1451 omnibus
3079 1381 3321 1471 apibus
3352 1378 3581 1447 simul.
3620 1378 3797 1445 Sunt

2237 1500 2463 1568 autem
2506 1493 2621 1580 qui
2661 1490 2914 1565 dicunt,
2952 1489 3136 1579 quod
3168 1489 3314 1577 apis
3355 1509 3561 1577 quam
3595 1485 3796 1552 cakin

2235 1597 2655 1673 vocavi111u8‚
2690 1598 2945 1661 sitnon
2997 1595 3130 1660 alia
3178 1614 3385 1683 quam
3443 1589 3791 1657 masculus

2233 1708 2377 1795 apis
2408 1704 2796 1794 operatricis
2844 1724 2994 1793 quae
3044 1710 3145 1768 est
3191 1701 3495 1767 foemina.
3538 1698 3793 1766 Dicunt

2233 1820 2458 1879 autem
2491 1810 2724 1900 aliqui,
2760 1808 2943 1899 quod
2981 1807 3255 1898 quando
3289 1805 3455 1895 pulli
3495 1806 3787 1893 juvenes

2230 1917 2595 2007 aliquando
2627 1919 3031 1983 amittuntur
3068 1923 3135 1980 et
3178 1912 3458 1980 avolant
3488 1911 3633 1978 sine
3675 1934 3788 1978 re-

2228 2051 2335 2117 ge,
2372 2049 2489 2093 rex
2516 2035 2678 2092 tunc
2708 2026 2947 2115 quaerit
2976 2045 3118 2105 em,
3149 2031 3215 2090 et
3263 2022 3619 2110 cognoscit
3663 2043 3782 2088 eos

2227 2136 2538 2201 inventos
2567 2156 2650 2200 ex
2681 2133 2913 2201 odore.

2314 2257 2553 2325 Adhuc
2582 2257 2805 2323 ferunt
2840 2257 3074 2345 aliqui,
3118 2255 3303 2346 quod
3356 2277 3517 2344 apes
3548 2276 3778 2344 regem

2225 2365 2569 2431 insu-mum
2604 2386 2738 2430 uon
2778 2365 3119 2430 valentem
3166 2361 3401 2429 volare
3443 2361 3669 2428 ferunt
3710 2362 3777 2427 in

2222 2473 2414 2539 turba
2461 2495 2477 2540 :
2511 2474 2657 2540 etsi
2692 2472 2999 2549 moritur,
3036 2471 3428 2538 moriuntur
3465 2478 3532 2538 et
3586 2471 3771 2560 ipsae.

2221 2580 2398 2647 Dicit
2435 2589 2660 2646 autem
2692 2581 3066 2659 Avicenna,
3100 2577 3286 2668 quod
3313 2579 3368 2644 si
3403 2600 3520 2645 rex
3552 2576 3773 2644 malus

2220 2697 2343 2765 est,
2388 2696 2450 2754 et
2510 2690 2564 2753 si
2632 2710 2854 2754 mares
2910 2687 3112 2754 etiam
3158 2686 3317 2753 mali
3358 2693 3542 2763 sunt,
3586 2685 3769 2775 quod

2217 2819 2375 2886 apes
2439 2796 2730 2862 fwminre
2797 2795 3208 2861 interficiunt
3284 2803 3350 2861 et
3415 2817 3645 2882 regem
3705 2799 3770 2858 et

2218 2927 2462 2981 mares,
2497 2911 2561 2969 et
2590 2903 3015 2992 conjungunt
3068 2924 3140 2968 se
3182 2900 3332 2967 aliis
3391 2899 3667 2990 regibus
3698 2908 3762 2966 et

2215 3007 2364 3074 aliis
2396 3009 2717 3075 maribus.

2305 3115 2485 3205 Apes
2523 3121 2747 3180 autem
2787 3114 3123 3203 accipiunt
3162 3134 3385 3180 ceram
3414 3135 3454 3179 a
3485 3108 3767 3178 floribus

2214 3232 2277 3290 et
2310 3232 2717 3313 congregant
2756 3224 2967 3312 ipsam
3001 3224 3222 3311 primo
3267 3243 3425 3288 cum
3480 3218 3769 3309 pedibus

2213 3328 2663 3396 ante-rioribus
2728 3353 2766 3396 a
2822 3330 2986 3395 flore
3054 3326 3451 3416 colligentes
3527 3348 3681 3393 eam
3748 3347 3763 3390 :

2211 3437 2450 3504 deinde
2501 3445 2901 3505 convertunt
2950 3459 3102 3503 eam
3157 3435 3447 3525 pedibus
3496 3433 3764 3509 mediis,

2210 3553 2274 3611 et
2306 3544 2657 3611 involvunt
2715 3544 2886 3610 circa
2955 3564 3164 3609 coxas
3212 3540 3465 3631 pedum
3532 3547 3770 3630 poste-

2212 3652 2490 3723 riorum,
2552 3658 2618 3717 et
2672 3658 2831 3716 tunc
2862 3648 3082 3738 primo
3128 3646 3365 3713 volant
3412 3669 3569 3712 cum
3621 3646 3765 3735 ipsa

2207 3765 2271 3826 et
2322 3766 2579 3824 tentant
2631 3755 2894 3847 pondus
2941 3756 3088 3843 ejus
3154 3777 3242 3821 an
3309 3753 3556 3820 ducere
3599 3774 3768 3842 pos-

2205 3867 2363 3934 sint.

2296 3972 2536 4040 Adlmc
2568 3981 2794 4040 autem
2834 3971 3108 4062 quando
3134 3969 3362 4038 evolat
3404 3969 3577 4060 apis,
3619 3990 3759 4035 non

2209 4080 2497 4149 multum
2565 4080 2848 4149 attendit
2911 4080 3370 4147 diversitatem
3437 4078 3685 4144 ssorum
3739 4097 3755 4143 ε

2207 4189 2556 4256 nonenim
2596 4187 2939 4254 dimittens
2970 4209 3184 4253 unum
3226 4184 3468 4275 quaerit
3517 4182 3757 4260 alium,

2201 4293 2318 4362 sed
2358 4293 2601 4360 insidet
2640 4294 2754 4359 uni
2800 4292 3077 4359 cuilibet
3115 4313 3129 4357 z
3162 4299 3225 4357 et
3256 4291 3313 4357 si
3354 4289 3616 4379 colligit
3675 4311 3758 4355 ex

2202 4424 2339 4468 uuo
2378 4424 2514 4491 qun
2555 4399 2831 4490 indiget.
2910 4399 3138 4465 statim
3197 4397 3369 4464 redit
3408 4396 3491 4464 ad
3533 4395 3764 4462 alvear

2198 4531 2398 4574 suum
2429 4516 2495 4573 et
2532 4505 2808 4595 deponit
2840 4504 3030 4573 illud.
3072 4505 3144 4570 Si
3178 4514 3407 4572 autem
3437 4525 3580 4570 non
3612 4502 3761 4569 suf-

2199 4617 2451 4683 cieuter
2516 4616 2765 4681 invenit
2843 4617 2910 4681 iu
2975 4636 3141 4689 uno,
3214 4623 3372 4680 tunc
3429 4611 3621 4679 vadit
3674 4610 3756 4678 ad

2197 4723 2433 4793 alium.
2467 4731 2529 4789 et
2561 4724 2654 4789 sic
2684 4723 2912 4789 circuit
2957 4721 3175 4789 donec
3211 4718 3629 4788 sufficienter
3658 4719 3758 4785 in·

2196 4831 2448 4896 veniat.
2483 4828 2639 4895 Nun
2680 4837 2906 4895 autem
2940 4827 3133 4895 facile
3161 4833 3386 4917 potest
3423 4825 3751 4914 distingui

2196 4946 2255 5005 ct
2326 4936 2710 5002 enumerari
2759 4942 2924 5024 quot
2980 4942 3046 5002 et
3112 4942 3370 5025 quanta
3443 4931 3749 5022 colligat.

2194 5066 2412 5133 neque
2480 5042 2766 5133 qualiter
2838 5041 3122 5110 collecta
3187 5040 3442 5108 adunet
3512 5061 3529 5106 ε
3590 5040 3749 5129 quia

2192 5148 2322 5217 lmc
2385 5173 2506 5239 per
2548 5150 2772 5215 visum
2815 5170 2951 5214 uon
2991 5156 3095 5215 est
3139 5154 3522 5236 expertum.
3556 5145 3754 5223 Quo-

2194 5257 2399 5325 modo
2455 5281 2619 5323 vero
2675 5256 3010 5345 accipiunt
3085 5276 3339 5330 ceram,
3401 5250 3755 5319 multoties

2192 5365 2415 5431 visum
2449 5372 2547 5430 cst
2577 5385 2782 5452 super
2808 5360 3085 5429 arbores
3114 5360 3316 5427 olivoe
3353 5366 3418 5426 et
3448 5357 3750 5426 tiliarum

2193 5482 2260 5541 ct
2299 5476 2567 5563 myricae
2615 5473 2837 5537 llorcs.
2877 5471 3014 5537 Sed
3051 5492 3264 5560 super
3308 5467 3565 5536 olivam
3601 5488 3758 5533 ma-

2191 5589 2348 5647 nent
2400 5602 2560 5669 apes
2622 5576 2824 5667 longo
2880 5586 3187 5667 tempore
3243 5584 3528 5666 propter
3574 5574 3756 5663 spis-

2191 5686 2556 5757 situdinem
2585 5684 2905 5753 foliorum
2946 5686 3094 5775 ejus
3121 5693 3191 5754 et
3217 5684 3492 5753 florum.
