4919 6371
1954 365 2127 436 LIB.
2181 367 2210 433 1
2256 369 2379 436 DE
2426 372 3018 468 ANlMALIBUS‚
3068 385 3378 457 TRACT.
3435 392 3497 459 11

4206 413 4332 481 115

1100 528 1430 599 soi-matur
1461 534 1771 623 embryo.
1811 533 1949 600 Sed
1980 536 2143 624 quia
2172 560 2300 606 nos
2350 541 2431 609 de
2471 546 2669 637 virga
2772 551 2840 617 in
2888 554 3065 621 collo
3111 560 3437 640 matriciS,
3492 586 3612 652 per
3651 591 3852 658 quam
3906 597 4175 666 sperma
4215 582 4329 648 in-

1096 658 1242 726 quae
1272 649 1410 704 tam
1440 642 1510 707 in
1541 641 1706 707 viris
1739 663 1948 731 quam
1990 644 2059 710 in
2091 646 2499 720 mulieribus
2528 654 2666 721 for-

1093 754 1317 814 matur
1351 749 1479 814 sub
1510 758 1782 829 ventre,
1820 750 2014 842 loqui
2045 761 2198 844 apte
2243 780 2383 825 non
2423 783 2665 850 possu-

1091 877 1268 932 mus,
1312 856 1444 922 nisi
1505 859 1822 948 quaedam
1864 861 2272 932 interiorum
2318 869 2661 936 membro-

1088 983 1239 1027 rum
1270 969 1683 1056 tangamus:
1716 968 1874 1036 ideo
1908 970 2178 1038 videtur
2205 971 2319 1040 hic
2347 973 2662 1044 disseren-

1088 1068 1251 1137 dum
1296 1072 1381 1142 de
1430 1080 1782 1146 anatomia
1831 1080 2135 1147 matricis
2178 1088 2247 1148 et
2295 1085 2537 1153 vesicae
2586 1088 2656 1154 in

1083 1175 1406 1263 foeminiS,
1470 1192 1539 1253 et
1592 1185 1677 1253 de
1746 1188 2098 1253 anatomia
2177 1191 2647 1263 testiculorum

1076 1293 1216 1356 tam
1257 1291 1571 1361 virorum
1605 1313 1817 1382 quam
1857 1293 2255 1363 mulierum.

1167 1389 1500 1467 Dicamus
1539 1399 1777 1490 igitur,
1824 1402 2010 1491 quod
2057 1408 2311 1474 matrix
2355 1410 2427 1478 in
2478 1413 2653 1483 mul-

1071 1498 1160 1570 tis
1206 1514 1311 1572 est
1357 1506 1605 1576 similis
1650 1510 1867 1601 virgae
1916 1510 2125 1597 virili,
2168 1523 2239 1584 et
2266 1541 2430 1587 vasa
2455 1542 2651 1610 sper-

1079 1613 1282 1680 matis
1309 1614 1619 1686 mulieris
1657 1618 1730 1685 in
1776 1619 2015 1692 multis
2044 1627 2464 1695 conveniunt
2492 1651 2647 1697 cum

1064 1719 1247 1787 vasis
1285 1725 1650 1811 spermatis
1678 1726 2021 1796 virorum.
2059 1728 2201 1797 Sed
2240 1733 2437 1823 virga
2475 1735 2649 1802 viri-

1067 1823 1149 1894 lis
1175 1834 1278 1895 est
1305 1828 1485 1898 sicut
1514 1832 1681 1921 quid
1710 1832 2134 1922 completum
2164 1844 2235 1905 et
2269 1840 2642 1929 perfectum

1073 1933 1257 2022 quod
1286 1936 1372 2004 ad
1409 1939 1754 2008 exteriora
1790 1940 2102 2029 procedit
2147 1965 2164 2010 :
2217 1950 2469 2020 matrix
2513 1972 2645 2017 au-

1063 2044 1201 2106 tem
1257 2063 1417 2109 cum
1465 2041 1575 2111 his
1626 2067 1784 2136 quae
1829 2045 1964 2115 sibi
2003 2048 2494 2143 adjunguntur,
2538 2066 2642 2126 est

1059 2145 1236 2222 sicut
1264 2149 1766 2240 incompletum
1805 2160 1875 2221 et
1911 2154 2390 2246 imperfectum
2451 2165 2635 2253 quod

1056 2252 1392 2323 retinetur
1436 2257 1516 2325 in
1570 2257 2044 2331 interioribus.
2104 2265 2354 2339 Adhuc
2401 2279 2635 2342 autem

1051 2364 1308 2431 matrix
1346 2372 1456 2434 est
1511 2366 2060 2446 instrumentum
2108 2374 2181 2445 in
2227 2377 2451 2468 figura
2494 2383 2638 2450 exi-

1055 2471 1464 2551 stenS,sicut
1503 2475 1593 2542 sit
1638 2498 2057 2549 conversum
2097 2483 2629 2558 instrumentum

1056 2574 1364 2648 virorum
1419 2602 1437 2650 z
1496 2582 1759 2661 collum
1807 2587 1996 2655 enim
2055 2592 2362 2663 matricis
2408 2595 2498 2674 ad
2550 2620 2656 2677 osj

1055 2681 1278 2752 vulvae
1333 2686 1731 2768 deveniens,
1803 2700 1907 2760 est
1961 2695 2141 2764 sicut
2193 2700 2387 2791 virga
2449 2703 2632 2773 viro·

1059 2809 1234 2856 rum.
1271 2788 1483 2859 Pellis
1512 2802 1748 2862 autem
1777 2794 1929 2885 ipsa
1957 2821 2110 2888 qum
2140 2804 2405 2873 matrix
2419 2827 2633 2875 voca-

1067 2901 1202 2979 tur,
1245 2905 1349 2967 est
1391 2900 1568 2970 sicut
1612 2923 1870 2970 oxeum
1917 2906 2256 2990 virorum,
2310 2935 2463 3004 quae
2525 2923 2630 2983 est

1068 3002 1263 3092 pellis
1299 3007 1775 3077 testiculorum
1824 3011 2161 3094 virorum,
2207 3021 2623 3096 continens:

1067 3111 1182 3202 qui
1212 3135 1426 3184 oxeus
1458 3117 1834 3209 ampliatur
1860 3128 1931 3191 et
1973 3125 2403 3198 contrahitur
2456 3130 2634 3201 sicut

1061 3221 1335 3293 matrix.
1389 3220 1728 3294 Similiter
1774 3237 2011 3297 autem
2061 3231 2201 3302 duo
2266 3234 2455 3326 globi
2510 3238 2628 3330 qui

1056 3326 1358 3395 testiculi
1383 3340 1752 3413 vocantur,
1786 3342 1948 3405 sunt
1995 3336 2068 3407 in
2125 3341 2411 3413 muliere
2453 3345 2632 3417 sicut

1057 3432 1126 3502 in
1153 3434 1327 3504 viro.
1365 3434 1503 3506 Sed
1544 3439 1617 3508 in
1657 3442 1828 3513 viris
1857 3441 2049 3534 globi
2077 3446 2174 3519 illi
2205 3460 2367 3521 sunt
2407 3456 2629 3546 magis

1053 3552 1460 3633 apparentes
1496 3548 1804 3619 exterius
1851 3555 2171 3645 suspensi
2217 3566 2286 3628 et
2318 3559 2513 3655 longi
2539 3563 2630 3632 ad

1055 3650 1549 3727 rotunditatem
1625 3656 2017 3733 tendentes.
2084 3663 2167 3734 ln
2222 3667 2630 3743 mulieribus

1056 3765 1287 3832 autem
1333 3771 1498 3834 sunt
1536 3767 1742 3856 parvi
1790 3789 1935 3840 non
1973 3773 2265 3845 omnino
2320 3781 2621 3861 rotundi,

1054 3864 1172 3935 sed
1215 3867 1398 3943 sicut
1431 3869 1707 3963 sphmra
1755 3876 1828 3947 in
1876 3885 2175 3972 utroque
2220 3885 2383 3975 polo
2429 3886 2629 3959 co'm-

1053 3992 1312 4063 pressa,
1342 3978 1523 4053 sicut
1557 3982 1819 4054 croculi
1853 4004 1874 4054 ε
1926 3994 1996 4055 et
2038 3999 2204 4062 sunt
2246 3993 2620 4079 intrinseci,

1053 4102 1190 4150 non
1217 4090 1535 4177 suspensi
1567 4111 1586 4159 ε
1618 4089 1739 4160 sed
1770 4115 1813 4160 a
1841 4090 2119 4166 duobus
2141 4098 2471 4175 lateribus
2505 4106 2625 4177 in-

1050 4185 1319 4258 terioris
1346 4192 1655 4264 matricis
1690 4196 1900 4285 positi
1961 4201 2032 4270 in
2069 4203 2407 4299 principio
2458 4212 2623 4286 colli

1048 4293 1353 4367 matricis
1382 4297 1569 4370 intus
1605 4323 1751 4393 quo
1777 4304 1870 4373 ad
1899 4328 1982 4377 os
2015 4311 2206 4401 quod
2244 4315 2455 4386 vulva
2499 4342 2626 4392 vo·

1044 4406 1261 4483 catur.
1291 4407 1794 4479 continuantur
1824 4432 1843 4479 ε
1878 4421 1948 4484 et
1975 4425 2138 4487 sunt
2180 4418 2484 4497 distincti
2530 4429 2620 4499 ab

1044 4507 1372 4593 invicem.
1424 4511 1524 4591 ita
1563 4515 1754 4606 quod
1809 4527 2100 4613 uterque
2179 4527 2619 4621 singulariter

1040 4617 1414 4705 panniculo
1463 4643 1606 4690 uno
1656 4624 2057 4709 retineatur,
2100 4632 2195 4703 ita
2240 4638 2428 4728 quod
2473 4666 2613 4715 non

1042 4721 1246 4794 ambo
1276 4725 1349 4794 in
1375 4725 1546 4797 cista
1586 4752 1727 4799 una
1756 4732 2181 4827 colliguntur
2206 4742 2382 4815 sicut
2413 4748 2614 4818 colli-

1040 4837 1297 4918 guntur
1350 4832 1662 4905 virorum
1729 4845 1941 4910 testes
1992 4842 2064 4913 in
2119 4869 2299 4918 oxeo
2354 4855 2609 4928 utrius·

1037 5151 1225 5222 nales
1250 5158 1643 5249 spermatis,
1675 5163 1799 5253 qui
1824 5167 2035 5258 positi
2060 5182 2224 5247 sunt
2248 5175 2427 5258 iuter
2458 5180 2608 5273 glo-

1034 5259 1200 5331 bum
1228 5272 1298 5334 et
1326 5267 1507 5339 inter
1532 5274 1722 5341 viam
1753 5276 1967 5367 virgae
1994 5302 2118 5372 per
2154 5306 2363 5385 quam
2409 5314 2606 5381 sper-

1033 5389 1146 5439 ma
1189 5374 1570 5465 projicitur.
1626 5378 1966 5454 Similiter
2014 5391 2224 5463 etiam
2281 5396 2602 5473 mulieres

1031 5470 1285 5551 babent
1309 5476 1718 5571 hujusmodi
1742 5490 2048 5574 canales,
2082 5498 2202 5588 qui
2248 5524 2417 5573 vasa
2463 5527 2602 5574 vo-

1033 5588 1269 5667 cantur
1302 5592 1702 5682 spermatis,
1758 5594 1943 5675 inter
1984 5606 2354 5697 utrumque
2401 5613 2602 5689 testi-

1033 5686 1341 5783 culorum
1382 5717 1700 5785 suorum,
1742 5709 1815 5772 et
1847 5702 2031 5790 iuter
2074 5707 2262 5783 viam
2290 5737 2453 5808 ,quae
2495 5728 2599 5796 est

2767 660 3074 748 greditur
3101 666 3174 730 in
3215 666 3469 735 collum
3498 677 3797 745 matricis
3846 704 3932 750 ex
3980 689 4320 769 testiculO,

2764 772 2840 830 ut
2870 768 3251 839 attrahatur
3289 796 3330 840 a
3384 776 3558 844 collo
3608 781 3693 848 ad
3740 785 4020 858 interius
4060 817 4136 861 os
4170 820 4324 864 ma-

2763 872 2946 940 tricis
3013 876 3100 944 ad
3172 880 3610 954 formandum
3694 902 4098 981 conceptum
4155 924 4314 969 cum

2762 983 3219 1069 permixtione
3276 997 3635 1082 spermatis
3693 998 3960 1069 virilis..
4002 1001 4138 1073 Sed
4178 1009 4317 1075 dif-

2761 1086 3045 1161 ferentia
3130 1105 3233 1165 est
3304 1099 3377 1167 in
3430 1100 3587 1182 hoc,
3649 1106 3834 1195 quod
3889 1133 4054 1179 vasa
4121 1137 4320 1203 sper-

2759 1200 2961 1267 matis
3009 1201 3080 1268 in
3130 1205 3282 1273 viro
3319 1207 3655 1296 incipiunt
3693 1235 3733 1278 a
3769 1214 4002 1305 globo,
4056 1229 4122 1288 et
4162 1222 4312 1290 ele-

2756 1314 3008 1374 vantur
3085 1310 3171 1376 ad
3253 1314 3608 1403 superiora
3707 1344 3944 1391 versus
4031 1329 4320 1398 inferio-

2757 1433 2899 1478 rem
2946 1422 3214 1502 partem
3269 1419 3484 1509 virgae
3537 1444 3554 1487 ε
3612 1421 3743 1494 hoc
3801 1432 3984 1498 enim
4045 1457 4317 1506 necesse

2752 1524 2877 1598 est,
2920 1541 3002 1587 eo
3034 1523 3221 1612 quod
3248 1523 3437 1615 globi
3479 1527 3863 1619 dependent
3913 1537 4115 1630 longe
4156 1566 4314 1613 sus-

2747 1626 2943 1712 pensi
2984 1631 3283 1706 exterius
3321 1641 3514 1702 extra
3576 1658 3823 1731 corpus
3866 1665 3883 1709 τ
3945 1653 4011 1712 et
4062 1652 4305 1717 termi-

2749 1743 2999 1816 nantur
3052 1736 3199 1818 haec
3243 1764 3409 1811 vasa
3453 1747 3766 1836 superius
3813 1751 3899 1819 ad
3963 1753 4304 1829 foramina

2745 1844 2864 1920 illa
2908 1870 2997 1915 ex
3043 1849 3292 1939 quibus
3341 1851 3687 1925 descendit
3733 1859 3805 1927 id
3850 1862 3918 1928 in
3962 1885 4099 1954 quo
4155 1891 4304 1939 sus-

2742 1952 3063 2042 penditur
3116 1956 3388 2047 globus,
3449 1970 3517 2029 et
3553 1964 3639 2031 ab
3689 1966 3807 2035 illo
3847 1968 4000 2038 loco
4055 1997 4301 2064 proce·

2740 2060 2913 2129 dunt
2940 2062 3411 2138 descendendo
3457 2070 3963 2162 aliquantulum
4019 2083 4298 2176 oblique

2739 2168 3074 2249 involuta,
3111 2181 3187 2243 ut
3213 2175 3583 2247 retineatur
3618 2181 3689 2249 in
3717 2183 3814 2252 eis
3842 2209 4137 2275 sperma,
4171 2192 4302 2261 do-

2738 2300 2862 2346 nec
2892 2278 3225 2370 dirigatur
3251 2290 3319 2351 et
3347 2287 3773 2377 compleatur
3800 2316 4018 2385 usque
4048 2298 4133 2367 ad
4173 2323 4297 2370 ca·-

2737 2385 2964 2464 nalem
2993 2389 3207 2480 virgae
3248 2414 3374 2483 per
3400 2416 3605 2485 quem
3633 2400 3994 2490 expellitur
4025 2428 4044 2474 :
4091 2416 4158 2476 et
4194 2409 4295 2480 sic

2736 2495 2812 2564 iit
2839 2496 2926 2564 ab
2964 2505 3256 2590 utroque
3293 2500 3503 2572 latere
3530 2508 3744 2598 virgae
3775 2532 3815 2578 a
3857 2511 4133 2584 duobus
4169 2541 4291 2588 ca-

2734 2600 3003 2669 nalibus
3031 2603 3321 2675 duorum
3353 2607 3741 2698 globorum.
3774 2615 3851 2683 ln
3884 2621 4285 2694 mulieribus

2732 2718 2961 2778 autem
2991 2711 3260 2781 canales
3289 2714 3387 2784 illi
3418 2717 3756 2790 declinant
3787 2748 3825 2792 a
3854 2729 3997 2796 suis
4029 2730 4284 2820 globu-

2732 2816 2814 2884 lis
2859 2840 3113 2910 versus¹
3144 2822 3280 2890 duo
3330 2824 3470 2906 ilia,
3520 2837 3585 2896 et
3610 2829 3853 2901 deinde
3892 2836 4287 2910 derivantur

2732 2927 2819 2995 ad
2846 2927 2984 2998 duo
3012 2931 3472 3022 emulgitoria,
3505 2959 3659 3028 qua>
3687 2952 3846 3013 sunt
3882 2947 4012 3015 viae
4040 2972 4286 3039 proce-

2731 3035 2967 3115 dentes
3014 3038 3101 3106 ad
3143 3038 3280 3114 duo
3335 3043 3643 3134 inguina,
3694 3057 3762 3119 et
3816 3052 3909 3122 ibi
3949 3059 4287 3128 emittitur

2732 3164 3003 3234 sperma
3043 3145 3135 3216 ad
3172 3147 3427 3220 collum
3465 3154 3712 3236 vulvae,
3762 3160 3854 3229 ita
3899 3164 4086 3255 quod
4129 3167 4285 3240 istae

2729 3252 2860 3321 viae
2896 3255 2998 3322 sic
3023 3254 3245 3327 ductae
3280 3262 3677 3351 exprimunt
3703 3271 3899 3357 quasi
3948 3272 4085 3342 duo
4133 3286 4294 3347 cor-

2730 3383 2866 3430 nua
2910 3386 3110 3433 arcus
3153 3372 3489 3439 recurvati
3539 3372 3626 3441 ad
3665 3375 3807 3448 ilia.
3858 3378 4012 3452 1⁸1ae
4054 3395 4289 3457 autem

2730 3470 2859 3539 vioe
2886 3470 2987 3541 sic
3012 3471 3101 3543 ad
3127 3472 3410 3566 inguina
3441 3482 3792 3555 venientes
3819 3496 3885 3556 et
3913 3489 4001 3558 ad
4028 3517 4106 3560 os
4140 3495 4291 3564 vul-

2727 3599 2832 3647 vae
2856 3581 3180 3660 exterius,
3213 3583 3587 3658 tenduntur
3629 3599 3937 3686 tempore
3977 3598 4282 3673 libidinis

2727 3685 2904 3757 sicut
2941 3686 3217 3762 chorda
3270 3695 3611 3785 quaedam,
3640 3708 3711 3769 et
3770 3702 4154 3777 distrahunt
4209 3717 4281 3780 et

2727 3795 3041 3885 aperiunt
3067 3796 3370 3880 vulvam,
3404 3812 3714 3893 aptantes
3748 3810 4003 3882 collum
4043 3821 4280 3887 matri·

2725 3900 2822 3971 cis
2849 3900 2936 3968 ad
2965 3903 3456 3997 recipiendum,
3489 3911 3583 3981 ita
3629 3916 3811 4005 quod
3849 3919 4132 3993 trahunt
4169 3926 4282 4016 ip-

2724 4030 2879 4076 sum
2907 4007 2997 4078 ad
3040 4010 3179 4080 duo
3223 4013 3460 4095 latera,
3509 4030 3577 4087 et
3614 4023 3711 4089 sir.
3764 4024 4038 4096 dilatata
4069 4031 4279 4101 vulva

2724 4122 2792 4184 et
2826 4118 3135 4206 aperitur
3169 4129 3241 4192 et
3262 4120 3553 4215 deglutit
3580 4151 3847 4219 sperma
3879 4155 3900 4202 ε
3932 4137 4140 4206 ambo
4168 4148 4281 4209 ta·-

2722 4245 2883 4291 men
2930 4225 3059 4296 ista
3121 4236 3283 4299 sunt
3336 4228 3654 4306 breviora
3704 4262 3916 4330 quam
3984 4268 4064 4313 ea
4122 4270 4277 4339 qum

2721 4333 3138 4423 respondent
3171 4337 3269 4409 eis
3314 4348 3382 4410 et
3430 4341 3743 4416 similiter
3784 4353 4272 4439 extenduntur,

2719 4446 2788 4507 et
2814 4441 3214 4533 pertingunt
3234 4445 3502 4538 virgam
3533 4451 3603 4520 in
3652 4455 3841 4534 viris,
3885 4469 3952 4525 et
4010 4462 4078 4528 iu
4119 4487 4278 4553 pro·

2718 4545 2908 4616 ximo
2962 4547 3280 4620 istarum.
3314 4555 3582 4628 viarum
3648 4559 3939 4635 duarum
3998 4577 4102 4637 est
4154 4571 4272 4642 via

2715 4648 2872 4722 colli
2902 4652 3145 4725 vesica
3204 4655 3290 4729 de
3350 4681 3489 4751 qua
3535 4662 3815 4737 interius
3872 4668 4265 4762 loquemur.

2715 4754 2796 4826 ln
2858 4758 2989 4830 ista
3053 4770 3284 4836 autem
3338 4765 3718 4844 differentia
3778 4786 3989 4867 patet,
4079 4784 4270 4872 quod

2712 4886 2985 4958 sperma
3034 4869 3167 4945 viri
3222 4895 3309 4943 ex
3357 4877 3503 4953 suis
3550 4881 3883 4954 testiculis
3930 4889 4264 4973 ascendit,

2711 4978 2776 5038 et
2803 4994 3076 5064 sperma
3105 4976 3409 5050 mulieris
3439 5005 3522 5052 ex
3560 4988 3701 5056 suis
3755 4988 4105 5064 descendit
4155 5005 4269 5067 te-

2708 5079 2995 5152 sticulis.
3259 5144 3264 5149 .

2796 5184 3043 5268 Adbuc
3087 5198 3324 5269 autem
3359 5195 3433 5265 in
3485 5195 3621 5272 boc
3684 5202 4259 5295 diversificantur,

2706 5293 2893 5384 quod
2928 5318 3095 5371 vasa
3138 5298 3269 5374 ista
3299 5302 3367 5375 in
3405 5306 3808 5382 mulieribus
3845 5317 4269 5388 continuan-

2704 5407 2818 5470 tur
2852 5424 3011 5473 cum
3039 5404 3307 5483 duobus
3329 5409 3581 5504 globis,
3613 5426 3684 5487 et
3715 5430 4074 5512 penetrant
4100 5448 4261 5495 cum

2705 5507 2976 5583 duobus
3029 5512 3508 5593 additamentis
3560 5546 3714 5616 quae
3774 5537 3936 5599 sunt
3990 5541 4064 5601 ut
4120 5533 4259 5605 duo

2703 5639 2988 5703 cornua,
3015 5619 3105 5692 de
3123 5623 3383 5715 quibus
3426 5628 3725 5705 diximus
3756 5659 3775 5705 ε
3809 5645 3877 5707 et
3903 5647 4009 5709 est
4032 5640 4264 5733 quod·-

2708 5723 2869 5807 dam
2916 5737 3235 5810 exortum
3253 5754 3352 5807 ‚ex
3383 5735 3750 5829 globorum
3776 5745 4081 5839 singulo,
4136 5771 4263 5842 per
