4919 6371
1925 497 2094 567 Llss.
2148 498 2243 567 XI
2293 498 2409 566 DE
2456 493 3045 578 ANIMALIBUS,
3095 499 3402 568 TRACT.
3459 499 3519 566 11

1117 670 1273 737 dine
1323 671 1498 736 sicut
1560 677 1660 735 est
1714 692 2041 738 numerus
2110 668 2662 739 differentiarum.

1119 777 1423 867 Oportet,
1461 784 1715 856 autem,
1792 780 1973 869 quod
2014 779 2145 846 illae
2212 779 2360 844 duze
2416 774 2670 840 uliimae

1122 885 1361 952 forma}
1394 893 1460 952 et
1490 883 1887 955 disserentiae
1927 889 2158 955 sintin
2200 884 2475 951 materia
2518 905 2671 972 pro·

1120 991 1289 1082 pria.
1336 991 1620 1060 Nullum
1654 1003 1882 1063 autem
1925 993 2306 1061 membrum
2358 989 2669 1055 animalis

1111 1098 1254 1163 sine
1296 1099 1603 1178 materia,
1658 1123 1881 1191 neque
1951 1097 2220 1186 aliquod
2284 1095 2665 1162 membrum

1111 1211 1213 1270 est
1244 1205 1529 1273 materia
1560 1214 1827 1273 tantum
1878 1228 1892 1271 :
1937 1226 2159 1292 neque
2192 1205 2392 1269 etiam
2443 1204 2665 1266 omnis·

1111 1309 1580 1376 membrorum
1611 1308 2057 1400 congregatio
2094 1330 2242 1397 quie
2276 1328 2519 1395 corpus
2550 1329 2666 1371 vo-

1105 1429 1318 1501 catur,
1365 1424 1493 1489 erit
1530 1418 1789 1487 animal
1821 1420 1966 1485 sine
2009 1418 2247 1494 forma,
2282 1418 2451 1483 sicut
2483 1413 2659 1481 mul-

1107 1530 1306 1596 toties
1345 1529 1602 1595 dictum
1646 1534 1774 1593 est.
1814 1526 1927 1594 Sic
1960 1527 2166 1618 igitur
2195 1535 2478 1615 accepta*
2521 1524 2662 1590 for-

1106 1656 1235 1701 mae
1279 1636 1536 1701 suntin
1568 1636 1876 1701 materiis
1907 1635 2070 1711 suiS‚
2117 1643 2178 1702 et
2217 1657 2335 1724 per
2374 1633 2661 1697 divisio-

1103 1765 1258 1809 nem
1292 1742 1500 1832 accipi
1537 1765 1677 1809 non
1710 1752 2023 1833 possunt,
2058 1743 2183 1809 nisi
2228 1741 2539 1808 veniatur
2575 1741 2655 1807 ad

1103 1850 1343 1917 ultima
1400 1873 1550 1941 quae
1599 1874 1722 1941 per
1769 1874 1913 1918 esse
1984 1850 2165 1940 quod
2223 1858 2320 1916 est
2377 1849 2658 1915 materia

1103 1967 1261 2027 sunt
1298 1962 1739 2052 appropriata
1790 1982 1806 2025 ε
1863 1967 1930 2028 et
1977 1958 2108 2027 hoc
2156 1967 2256 2027 est
2293 1958 2560 2025 difficile
2591 1965 2656 2025 et

1104 2067 1275 2135 sorte
1314 2067 1763 2158 impossibile,
1813 2070 2147 2157 praecipue
2196 2068 2261 2134 in
2308 2066 2654 2156 privativis

1104 2173 1530 2253 differentiiS,
1561 2175 1737 2243 sicut
1768 2175 2087 2243 diximus.

1196 2281 1509 2372 Amplius
1559 2291 1785 2350 autem
1834 2284 1891 2349 si
1940 2282 2154 2350 forma
2196 2280 2652 2348 substantialis

1105 2396 1203 2456 est
1241 2411 1362 2478 per
1390 2388 1797 2457 divisionem
1829 2388 2243 2480 accipienda,
2280 2411 2413 2455 non
2453 2389 2651 2457 debet

1103 2520 1248 2565 esse
1288 2497 1533 2564 divisio
1565 2521 1687 2588 per
1708 2497 2043 2574 accidens,
2077 2500 2249 2564 sieut
2280 2506 2376 2563 est
2406 2496 2650 2564 divisio

1102 2603 1386 2693 subjecti
1437 2607 1504 2671 in
1573 2605 1970 2673 accidentia.
2038 2605 2236 2673 Verbi
2295 2607 2534 2690 gratia,
2595 2606 2646 2670 si

1100 2712 1251 2801 quis
1299 2712 1593 2779 voluerit
1633 2713 1935 2779 dividere
1994 2716 2244 2803 ligurus
2303 2715 2366 2778 in
2401 2714 2649 2778 [ornias

1099 2817 1581 2885 substantiales
1615 2821 2018 2910 tignrarum,
2063 2819 2356 2910 peccabit
2389 2820 2440 2883 si
2484 2821 2652 2887 divi-

1105 2923 1216 2991 dat
1247 2926 1342 2993 sic
1374 2924 1687 3005 dicendo,
1723 2926 1906 3016 quod
1940 2929 2307 3017 figurarum
2341 2927 2647 3018 qua·dam

1104 3031 1307 3099 babet
1378 3032 1668 3123 angulos
1744 3033 2013 3100 duobus
2071 3036 2264 3102 rectis
2325 3035 2645 3125 (equales,

1103 3141 1414 3233 quaedam
1474 3152 1706 3212 autem
1762 3142 1966 3213 habet
2031 3146 2317 3236 angulos
2354 3145 2648 3237 :equales

1108 3249 1340 3317 multis
1379 3251 1603 3318 rectis.
1640 3252 1897 3320 Accidit
1933 3256 2116 3320 enim
2156 3253 2421 3320 cuidam
2469 3256 2649 3342 tigu-

1098 3380 1186 3425 rae
1237 3380 1389 3447 quae
1436 3368 1537 3426 est
1580 3359 1986 3447 triangulus,
2047 3360 2332 3452 angulos
2379 3361 2646 3427 duolms

1099 3465 1296 3532 rectis
1325 3465 1622 3556 aequales
1653 3463 1928 3534 habere.

1181 3684 1424 3753 Adbuc
1479 3693 1710 3752 autem
1764 3709 1919 3752 cum
1972 3686 2341 3753 formarum
2399 3686 2643 3752 divisio

1097 3797 1178 3861 sit
1220 3817 1342 3884 per
1366 3795 1719 3884 oppositas
1749 3793 2028 3871 formas,
2064 3803 2122 3861 et
2159 3795 2484 3884 oppositae
2517 3794 2646 3860 sor-

1096 3924 1225 3969 επεν
1257 3904 1392 3970 sint
1422 3903 1809 3979 contraria»,
1845 3911 2108 3992 oportet
2150 3904 2200 3967 si
2245 3902 2476 3969 forma·
2521 3902 2645 3969 de-

1096 4007 1294 4075 beant
1329 4009 1542 4098 accipi
1570 4032 1690 4098 per
1710 4008 2144 4082 divisionem,
2178 4009 2356 4098 quod
2391 4011 2500 4075 liat
2536 4009 2645 4074 di-

1094 4115 1268 4181 visio
1302 4139 1421 4206 per
1448 4117 1790 4183 contraria
1836 4139 1851 4183 :
1886 4117 2055 4184 sicut
2105 4119 2436 4184 contraria
2486 4123 2643 4182 sunt

1095 4222 1338 4290 albedo
1370 4232 1433 4291 et
1478 4223 1793 4314 nigredo,
1828 4233 1891 4292 ct
1935 4224 2264 4291 rectitudo
2303 4234 2368 4292 ct
2414 4225 2645 4290 eurvi-

1092 4339 1196 4396 tas
1230 4353 1246 4397 :
1285 4329 1533 4399 liabent
1567 4333 1751 4398 enim
1787 4331 2008 4400 dicere
2051 4330 2328 4399 modum
2369 4340 2645 4400 contra-

1093 4439 1349 4504 riarnm
1383 4438 1763 4506 formarum
1801 4440 1866 4505 in
1912 4439 2040 4506 lioc
2081 4440 2260 4530 quod
2314 4448 2467 4506 sunt
2509 4442 2645 4507 cir-

1088 4566 1163 4612 ca
1198 4542 1375 4611 idem
1406 4568 1655 4634 genus,
1692 4555 1759 4614 et
1788 4546 1974 4637 quod
2002 4548 2351 4635 generatio
2399 4571 2646 4614 secun-

1089 4652 1252 4720 dum
1287 4653 1472 4744 quod
1501 4663 1602 4722 est
1633 4662 1889 4731 motus,
1920 4664 2021 4723 est
2071 4656 2243 4721 inter
2278 4656 2639 4734 contraria,

1090 4758 1256 4825 sicut
1303 4759 1602 4828 diximus
1657 4763 1725 4828 in
1789 4762 2066 4829 scientia
2117 4760 2267 4828 libri
2314 4763 2645 4850 l'leyse'm-

1091 4886 1270 4931 rum.
1324 4864 1478 4932 Non
1546 4888 1711 4956 ergo
1763 4866 1859 4934 sic
1907 4865 2103 4934 debet
2165 4866 2398 4948 dividi,
2459 4868 2640 4958 quod

1094 4971 1403 5062 quiedam
1444 4973 1532 5040 sit
1569 4972 1869 5064 pondus,
1904 4982 1966 5040 et
2013 4973 2320 5064 quoedam
2364 4997 2646 5042 mensu-

1091 5101 1162 5144 ra
1206 5099 1221 5144 :
1267 5079 1598 5168 quoniam
1632 5080 1758 5147 ista
1790 5102 1930 5148 non
1969 5089 2126 5147 sunt
2165 5083 2525 5154 contraria,
2571 5082 2645 5149 li-

1088 5195 1192 5254 cet
1241 5189 1679 5257 inveniantur
1756 5189 1825 5257 in
1891 5190 2163 5279 quantis
2217 5190 2636 5280 corporibus.

1091 5293 1502 5365 Dividuntur
1532 5299 1717 5366 enim
1766 5321 2019 5389 genera
2057 5298 2449 5366 animalium
2504 5323 2641 5368 non

1085 5404 1459 5472 secundum
1511 5406 1771 5475 dictum
1822 5405 2104 5475 modum
2156 5429 2171 5474 :
2222 5415 2285 5474 et
2333 5417 2490 5475 tunc
2521 5431 2643 5499 per

1082 5510 1491 5580 divisionem
1509 5536 1665 5600 ⁴non
1733 5515 2159 5606 accipiuntur
2198 5515 2431 5582 forma·
2477 5515 2644 5582 sub-

1082 5618 1458 5700 stantialeS,
1530 5622 1661 5689 nisi
1732 5645 1856 5713 per
1935 5621 2639 5702 circumlocutionem,

1085 5725 1258 5794 sicut
1313 5751 1398 5795 ex
1447 5726 1684 5797 multis
1740 5728 2202 5799 accidentibus
2262 5731 2644 5820 conjunctio

1086 5833 1455 5927 aliquando
1504 5836 1911 5930 intelligitur
1964 5838 2184 5906 forma
2224 5837 2644 5908 substantia-

4206 505 4335 573 579

2777 666 2883 734 lis.
2936 670 3345 737 Dividuntur
3376 672 3555 736 enim
3590 671 3913 736 animalia
3968 674 4335 763 aliquando

2773 798 2895 862 per
2925 779 3352 865 operationes
3385 798 3787 843 communes
3819 778 4064 846 animae
4098 791 4162 848 et
4191 806 4335 849 cor-

2773 885 2983 969 poris,
3073 885 3240 950 sicut
3303 906 3503 972 snpra
3600 906 3776 972 saepe
3875 889 4326 967 narravimus,

2773 988 3046 1076 quando
3088 990 3383 1057 diximus
3423 988 3607 1078 quod
3656 991 4059 1058 animalium
4107 993 4333 1083 quod-

2772 1095 2927 1162 dam
2969 1105 3069 1164 est
3099 1098 3480 1187 gressibile,
3517 1108 3580 1163 et
3616 1097 3962 1187 quoddam
3997 1101 4269 1169 volatile
4307 1126 4322 1170 ε

2772 1212 2836 1270 et
2878 1206 2945 1271 in
3016 1206 3129 1272 tali
3171 1206 3504 1274 divisione
3567 1205 3737 1272 nihil
3805 1206 4122 1296 prohibet
4198 1209 4329 1276 ali-

2769 1311 3042 1400 quando
3078 1312 3254 1379 idem
3301 1336 3517 1403 genus
3556 1313 3874 1380 animalis
3914 1314 4153 1383 cadere
4199 1316 4324 1384 sub

2768 1427 3054 1509 utraque
3089 1420 3621 1487 differentiarum
3670 1419 4149 1488 dividentium.
4200 1423 4327 1516 Qi-

2771 1527 2997 1594 ximus
3029 1528 3212 1594 enirn
3256 1529 3567 1617 superius
3606 1527 3966 1595 formicam
4007 1539 4072 1596 et
4112 1531 4323 1597 nocti-

2767 1630 2989 1700 lucam
3049 1657 3193 1701 esse
3246 1643 3310 1701 et
3361 1633 3786 1725 gressibilem
3855 1643 3919 1702 et
3965 1635 4315 1704 volatilem

2764 1741 3139 1810 secundum
3200 1744 3545 1811 diversum
3596 1752 3867 1833 tempus
3905 1747 4148 1812 aetatis.
4197 1743 4313 1812 Si-

2764 1851 3016 1917 militer
3062 1860 3290 1918 autem
3354 1851 3628 1942 quando
3683 1852 3936 1919 animal
3993 1852 4321 1920 dividitur

2762 1980 2881 2046 per
2918 1959 3369 2027 domesticum
3409 1967 3475 2026 et
3503 1958 3839 2037 silvestre,
3875 1982 4016 2027 non
4046 1970 4143 2028 est
4174 1959 4318 2029 haec

2761 2065 3004 2132 divisio
3064 2066 3437 2133 secundum
3497 2065 3876 2134 formarum
3936 2068 4319 2157 oppositio-

2761 2195 2913 2238 nem
2961 2194 2976 2238 :
3032 2175 3359 2262 quoniam
3417 2195 3621 2240 omne
3680 2172 3935 2240 animal
3984 2174 4316 2243 domesti-

2756 2304 2936 2355 cum,
2973 2290 3073 2348 est
3115 2283 3318 2348 etiam
3351 2281 3684 2357 silvestre,
3719 2282 3894 2349 sic-ut
3927 2279 4163 2360 home,
4208 2306 4315 2351 ca·

2756 2390 2883 2464 nis,
2939 2398 3000 2456 et
3047 2412 3254 2456 vacca
3300 2412 3314 2456 :
3360 2390 3685 2478 quoniam
3736 2389 3806 2455 in
3859 2396 4039 2455 terra
4103 2389 4311 2457 Indiae

2756 2497 3098 2564 silvestres
3129 2505 3285 2564 sunt
3325 2500 3512 2587 porci
3553 2505 3622 2564 et
3657 2519 3878 2587 caprae
3920 2506 3987 2564 et
4041 2519 4204 2565 oves
4245 2506 4316 2566 ct

2755 2628 2993 2671 omnes
3041 2604 3223 2671 modi
3276 2605 3676 2671 animalium
3717 2604 4252 2672 domesticorum
4290 2627 4306 2672 ε

3043 2715 3423 2777 munimini<
3458 2721 3512 2773 ‹·t
3555 2713 3824 2776 nuh-uvi
3866 2713 4162 2779 miminis
4191 2712 4314 2780 do·

2757 2842 3034 2887 mestum
3079 2844 3137 2885 vt
3192 2823 3548 2888 silxestria.
3604 2822 3673 2886 Si
3719 2822 3928 2909 igitur
3967 2821 4074 2886 isti
4124 2820 4312 2888 modi

2754 2930 3156 2998 animalium
3199 2939 3356 2997 sunt
3389 2929 3568 2996 idem
3613 2929 3678 2995 in
3732 2929 3954 2996 forma
4002 2928 4314 2996 substan·

2757 3038 2922 3113 tiali‚
2971 3061 3106 3104 non
3140 3045 3420 3127 possunt
3468 3060 3613 3102 esse
3644 3036 4046 3103 differentiae
4092 3058 4316 3126 oppo-

2755 3146 3041 3212 sitarum
3076 3142 3449 3212 formarum
3484 3142 3761 3234 quando
3793 3143 3868 3210 tit
3907 3141 4154 3210 divisio
4197 3165 4316 3233 per

2753 3253 3204 3319 domesticum
3270 3259 3337 3319 et
3393 3259 3685 3341 agreste,
3746 3249 3865 3317 sed
3908 3252 4136 3339 potius
4193 3272 4314 3338 per

2751 3358 3127 3426 accidentia
3173 3367 3237 3424 et
3288 3358 3721 3447 operationes
3762 3355 4008 3422 animae
4049 3364 4116 3422 ct
4154 3377 4312 3422 cor-

2757 3467 2965 3557 poris,
3023 3467 3197 3532 sieut
3244 3464 3565 3530 diximus.
3622 3462 3784 3530 Tale
3843 3472 4072 3530 autem
4126 3463 4309 3531 acci-

2751 3573 2918 3640 dens
2970 3570 3327 3637 divisionis
3392 3567 3590 3659 quale
3658 3567 3985 3645 diximus,
4067 3566 4310 3635 accidit

2750 3680 2937 3747 oinni
2985 3678 3046 3743 ei
3089 3677 3203 3767 qui
3248 3685 3425 3744 recte
3466 3697 3683 3765 genus
3722 3698 3846 3765 per
3892 3674 4308 3743 differentias

2749 3786 3050 3854 dividere
3088 3785 3407 3852 voluerit.
3445 3782 3597 3850 Non
3639 3784 3824 3850 enim
3856 3782 4056 3851 debet
4095 3782 4307 3874 accipi

2750 3895 3050 3985 cognitio
3081 3892 3483 3960 aninudium
3523 3890 3901 3959 secundum
3948 3914 4108 3957 suas
4147 3913 4309 3980 spe-

2748 4007 2911 4084 cies,
2955 4005 3080 4071 nisi
3113 4002 3487 4071 secundum
3519 4023 3770 4091 genera
3811 4024 3963 4091 qua·
4006 4000 4310 4067 narravi-

2749 4135 2902 4180 mus
2955 4134 2972 4178 :
3043 4111 3202 4201 qnia
3250 4109 3364 4176 illa
3410 4131 3659 4196 genera
3718 4108 4083 4196 conjuncta
4149 4129 4306 4174 cum

2748 4220 3146 4287 differentiis
3182 4227 3341 4286 sunt
3372 4215 3715 4308 quidditas
3744 4214 4149 4282 animalium
4177 4214 4306 4281 sor·

2750 4332 2970 4400 unalis.
3033 4355 3152 4422 per
3207 4351 3413 4421 quam
3471 4328 3728 4419 optime
3796 4331 4307 4415 cognoscuntur

2749 4439 3098 4508 animalia.
3161 4437 3356 4504 Multi
3404 4458 3570 4503 vero
3627 4434 3948 4501 homines
4012 4433 4108 4499 sic
4165 4452 4306 4499 non

2749 4545 3030 4618 faciunt,
3063 4540 3180 4608 sed
3209 4539 3518 4608 dividunt
3552 4560 3805 4626 genera
3835 4538 4069 4603 avium
4099 4543 4163 4602 et
4195 4557 4309 4623 ge·

2750 4675 2910 4719 nera
2970 4650 3257 4742 piscium
3315 4645 3690 4715 secundnm
3747 4645 4055 4713 diversas
4110 4642 4310 4711 ditl'c·

2750 4760 3002 4829 rentias
3039 4781 3054 4825 ε
3090 4767 3155 4826 et
3187 4755 3563 4848 quamlibet
3593 4754 3868 4822 illarum
3900 4751 4313 4819 differentia·

2750 4892 2900 4935 rmn
2953 4865 3398 4934 subdividunt
3435 4864 3680 4930 iterum
3734 4884 3855 4950 per
3901 4858 4070 4927 alias
4108 4856 4311 4925 ‹titre-

2753 4976 3026 5044 rentias.
3083 4972 3162 5041 Et
3211 4993 3352 5039 non
3400 4969 3713 5038 dividunt
3752 4975 3932 5035 recte
3990 4987 4114 5056 per
4149 4986 4308 5032 mo-

2749 5083 2913 5150 dum
2967 5081 3160 5149 illum
3220 5103 3343 5171 per
3395 5101 3599 5170 quem
3666 5073 4025 5168 quodlibet
4087 5094 4308 5162 genus

2749 5194 2946 5261 debet
2982 5191 3193 5259 dividi
3226 5214 3345 5280 per
3372 5189 3541 5256 duas
3589 5185 4010 5254 differentias
4057 5182 4309 5251 imme-

2749 5303 2986 5374 diatas,
3033 5307 3097 5367 et
3130 5295 3281 5366 talis
3313 5296 3557 5364 modus
3587 5294 3947 5362 divisionis
3991 5312 4129 5358 non
4151 5296 4309 5379 pot-

2750 5418 2848 5477 est
2899 5430 3046 5474 esse
3095 5404 3405 5472 omnino.
3463 5402 3534 5470 Si
3585 5401 3770 5470 enim
3857 5418 4307 5490 quaecumque

2751 5513 3158 5606 accipiendae
3189 5521 3351 5580 sunt
3375 5511 3800 5588 ditl'erentiae,
3835 5505 4097 5576 accidet
4126 5500 4311 5595 quod

2750 5624 2931 5693 idem
2979 5621 3174 5690 cadet
3211 5620 3282 5688 in
3332 5617 3548 5687 multa
3593 5639 3875 5708 genera,
3917 5615 4091 5683 sicut
4128 5610 4315 5677 dixi-

2752 5752 2906 5800 mus
2936 5729 3020 5797 de
3059 5725 3343 5795 formica
3372 5733 3439 5792 et
3469 5722 3810 5793 noctiluca
3844 5744 3860 5790 ε
3925 5729 3992 5789 et
4030 5714 4314 5795 accidet,

2758 5837 2944 5931 quod
2991 5832 3332 5904 contraria
3404 5829 3783 5900 secundum
3839 5828 4098 5897 formas
4147 5819 4319 5890 sub-

2757 2722 2811 2769 p·
2854 2723 2999 2765 <nui
