4919 6371
2067 400 2236 467 Lm.
2293 399 2321 468 1
2371 399 2492 491 na
2539 396 3134 495 ΑΝιΜᾼμιιιυε,
3185 398 3495 483 Timor.
3556 399 3616 466 ιι

1215 575 1347 650 tate
1372 565 1633 656 hepatis
1681 569 1766 637 ad
1814 571 1962 659 ejus
2007 572 2358 639 venientes
2406 575 2766 644 ventrem:

1214 683 1280 743 et
1316 683 1550 764 postea
1571 675 1716 763 ejus
1746 680 1951 766 stipes
1974 677 2275 754 elevatur
2296 676 2479 766 apud
2507 674 2772 764 hepatis

1211 784 1740 865 convexitatem,
1766 793 1832 854 et
1861 786 1933 853 in
1953 787 2121 869 duas
2152 784 2480 866 dividitur
2497 789 2763 871 partes:

1211 913 1418 962 unam
1457 892 1774 966 videlicet
1799 891 2302 972 ascendentem,
2344 890 2628 976 alteram
2659 888 2771 974 de-

1209 998 1671 1076 scendentem.
1696 997 1830 1068 Sed
1861 995 2230 1072 ascendens
2252 1018 2337 1063 ex
2366 1017 2447 1063 ea
2459 993 2772 1084 penetrat

1214 1104 1687 1196 diaphragma,
1721 1112 1788 1174 et
1808 1103 2023 1171 duas
2007 1126 2077 1182 ιιι
2106 1101 2625 1208 diaphragmate
2656 1102 2767 1190 di:-

1208 1213 1421 1284 mittit
1454 1232 1665 1282 venas
1707 1230 1858 1298 quae
1915 1208 1986 1284 in
2034 1209 2180 1299 ipso
2221 1218 2664 1301 sparguntur,
2701 1218 2770 1278 et

1203 1320 1366 1389 dant
1386 1321 1446 1390 ei
1479 1321 1999 1396 nutrimentum.
2045 1319 2307 1402 Deinde
2340 1319 2636 1411 capsulae
2666 1320 2765 1390 si-

1198 1449 1282 1495 ve
1347 1424 1725 1496 ventriculo
1803 1427 2025 1507 cordis
2094 1428 2572 1518 componitur,
2650 1429 2759 1493 cui

1200 1534 1454 1605 multos
1490 1537 1892 1630 transmittit
1920 1558 2175 1615 ramOS,
2210 1535 2327 1627 qui
2355 1534 2443 1618 ad
2474 1535 2759 1622 modum

1198 1645 1599 1737 capillorum
1629 1646 2027 1717 dividuntur
2053 1653 2121 1714 et
2140 1667 2293 1724 eam
2324 1645 2658 1729 nutriunt,
2694 1653 2760 1712 et

1196 1759 1432 1843 postea
1470 1754 1541 1821 in
1580 1752 1747 1821 duas
1785 1752 2110 1822 dividitur
2156 1760 2408 1842 partes,
2466 1774 2755 1844 quarum

1196 1884 1334 1929 una
1372 1883 1523 1952 quae
1563 1868 1665 1928 est
1694 1883 1971 1951 magna,
2013 1860 2327 1951 pervenit
2378 1860 2467 1941 ad
2513 1881 2657 1944 cur,
2690 1867 2759 1929 et

1197 1968 1422 2059 ipsum
1465 1974 1777 2059 penetrat
1845 1967 2026 2059 apud
2083 1968 2394 2050 dextram
2439 1968 2586 2057 ejus
2628 1990 2756 2067 au-

1193 2097 1338 2162 rem
1374 2097 1389 2142 :
1435 2082 1502 2143 et
1528 2073 1675 2144 haec
1702 2074 1978 2166 quidem
2019 2097 2196 2153 vena
2225 2059 2476 2162 'major
2512 2082 2617 2154 est
2645 2074 2755 2157 iu-

1191 2193 1294 2251 ter
1319 2204 1560 2252 omnes
1588 2205 1801 2262 venas
1830 2183 2055 2252 cordis
2099 2205 2115 2251 ε
2162 2189 2231 2251 et
2282 2205 2423 2267 non
2462 2192 2566 2267 est
2605 2180 2752 2264 haec

1190 2309 1365 2356 vena
1394 2286 1544 2355 aliis
1589 2287 1783 2358 venis
1812 2287 2035 2366 cordis
2074 2287 2320 2375 major,
2365 2286 2498 2372 nisi
2536 2309 2751 2378 prop-

1188 2405 1374 2468 terea
1403 2395 1588 2486 quod
1617 2394 1767 2466 aliae
1808 2417 1999 2470 venae
2029 2402 2188 2466 sunt
2226 2394 2491 2480 arteriae
2512 2393 2599 2478 ad
2628 2417 2750 2463 ae-

1187 2526 1331 2572 rem
1380 2504 1884 2582 attrahendum,
1943 2512 2010 2573 et
2053 2502 2200 2582 haec
2237 2511 2339 2584 est
2385 2502 2473 2582 ad
2519 2503 2748 2586 nutri—

1187 2617 1496 2680 mentum
1540 2633 1557 2679 :
1601 2612 2097 2689 nutrimentum
2129 2612 2316 2696 enirn
2348 2632 2506 2695 aere
2543 2633 2748 2702 gros-

1184 2720 1323 2788 sius
1353 2727 1477 2796 est,
1522 2724 1588 2787 et
1616 2717 1771 2788 ideo
1807 2719 2109 2809 oportuit
2139 2724 2214 2800 ut
2241 2719 2356 2804 via
2383 2741 2506 2808 per
2534 2739 2741 2809 quam

1185 2833 1516 2917 penetrat,
1578 2833 1754 2896 esset
1800 2825 2143 2916 amplior:
2206 2835 2273 2907 et
2330 2847 2453 2910 vas
2491 2826 2564 2894 in
2607 2848 2743 2917 quo

1180 2939 1337 3012 stat.
1379 2938 1556 3002 esset
1597 2932 1843 3020 majus.
1904 2931 1989 3004 Et
2027 2930 2187 3016 huic
2245 2919 2525 3022 quidem
2581 2952 2740 3000 cum

1179 3059 1297 3105 cor
1339 3036 1741 3128 ingreditur,
1794 3045 1933 3105 tres
1979 3044 2299 3120 creantur
2352 3034 2733 3128 panniculi,

1178 3167 1471 3238 quorum
1510 3144 1882 3215 divisiones
1927 3153 2089 3229 sunt
2137 3143 2221 3225 ab
2283 3144 2736 3239 exterioribus

1175 3252 1260 3328 ad
1290 3253 1642 3331 interiora,
1680 3260 2037 3343 propterea
2067 3262 2144 3333 ut
2188 3274 2347 3337 curn
2382 3253 2738 3337 contrahi-

1173 3368 1306 3440 tur,
1340 3360 1565 3434 trahat
1592 3362 1679 3430 ab
1713 3362 1812 3431 eis
1839 3361 2365 3447 nutrimentum,
2399 3370 2467 3445 et
2494 3371 2732 3454 postea

1170 3494 1309 3542 non
1332 3480 1713 3551 revertatur
1729 3493 1889 3561 cuin
1920 3469 2341 3557 dilatabitur.
2376 3470 2461 3562 Et
2489 3470 2562 3562 1ιί
2584 3472 2734 3567 qui·

1170 3577 1326 3652 dem
1373 3579 1719 3670 panniculi
1772 3579 2095 3663 omnibus
2141 3577 2531 3672 panniculis
2577 3578 2730 3665 aliis

1172 3693 1330 3757 sunt
1358 3685 1692 3758 duriores.

1258 3793 1425 3888 lime
1467 3802 1700 3867 autem
1757 3816 1935 3871 vena
1993 3795 2061 3864 in
2127 3795 2446 3888 opposito
2501 3794 2727 3887 cordis

1169 3903 1470 3993 existens
1534 3901 1716 3992 apud
1772 3924 1971 3978 suam
2028 3902 2504 3992 extensionem
2525 3952 2544 3990 ,
2589 3911 2727 3989 tres

1163 4008 1412 4080 emittit
1438 4030 1673 4087 venas,
1708 4031 2002 4100 quarum
2044 4030 2183 4092 una
2210 4006 2299 4091 ab
2328 4031 2410 4091 ca
2439 4007 2530 4082 ad
2565 4006 2730 4101 pnl-

1161 4136 1438 4187 monem
1465 4115 1651 4190 vadit
1690 4115 1873 4206 apud
1927 4117 2339 4203 arteriarum
2376 4116 2721 4209 originem

1159 4245 1468 4321 nascens,
1501 4224 1703 4313 juxta
1741 4222 2113 4303 sinistram,
2145 4232 2214 4297 et
2251 4224 2322 4309 in
2370 4222 2724 4309 ventricu-

1158 4329 1225 4399 lo
1254 4330 1497 4402 dextro
1535 4330 1619 4401 ad
1647 4330 2049 4423 pulmonem
2082 4331 2492 4413 reflectitur;
2526 4339 2594 4419 ct
2624 4332 2725 4425 ip·

1156 4457 1231 4505 sa
1259 4434 1536 4529 quidem
1555 4434 1705 4524 jam
1735 4445 1969 4517 creata
2005 4436 2159 4515 fuit,
2204 4436 2380 4521 duas
2409 4438 2587 4523 sicut
2605 4459 2725 4525 ar-

1155 4544 1326 4612 teria
1361 4540 1623 4615 habens
1668 4546 1935 4615 tunicas
1969 4567 1985 4612 :
2027 4553 2096 4614 et
2140 4544 2300 4614 ideo
2329 4567 2486 4631 earn
2532 4556 2722 4635 erte-

1157 4648 1405 4721 rialem
1442 4672 1685 4725 venam
1718 4659 1971 4729 vocant
2004 4650 2367 4735 Auctores.
2412 4651 2565 4737 1ch
2591 4673 2720 4743 au·-

1156 4765 1294 4827 tem
1333 4756 1488 4828 ideo
1516 4765 1621 4828 est
1658 4782 1744 4829 ne
1785 4760 1874 4832 sit
1903 4757 2221 4845 subtilior
2269 4758 2553 4851 sanguis
2598 4760 2715 4854 qni

1161 4866 1247 4937 ab
1298 4890 1379 4939 ea
1435 4867 1714 4939 resudat
1754 4870 1926 4949 sicut
1991 4869 2311 4961 congruit
2362 4866 2716 4960 pulmonis

1155 4975 1553 5045 substantiae
1595 4998 1613 5044 ε
1649 4978 1811 5068 quia
1851 5000 2093 5068 parurn
2124 4984 2223 5051 est
2261 4997 2346 5055 ex
2375 5000 2515 5069 quo
2551 5000 2719 5049 san-

1155 5083 1309 5174 guis
1338 5081 1451 5152 hic
1482 5105 1520 5151 a
1547 5082 1751 5153 corde
1794 5085 2031 5166 exivit,
2086 5091 2154 5154 et
2191 5107 2331 5169 non
2388 5084 2616 5171 existit
2645 5088 2713 5155 in

1155 5211 1238 5259 eo
1274 5187 1431 5260 talis
1476 5189 1795 5281 digestio,
1839 5189 2061 5281 qualis
2097 5198 2202 5271 est
2237 5190 2531 5283 digestio
2568 5191 2715 5283 ejus

1157 5296 1274 5388 qui
1311 5294 1401 5367 ad
1425 5297 1746 5367 arteriam
1783 5296 2157 5384 effunditur
2191 5296 2534 5385 venalem.

1239 5400 1487 5473 Adhuc
1515 5408 1748 5473 autem
1770 5401 1924 5473 ideo
1946 5409 2049 5473 est
2067 5401 2226 5488 huc.
2256 5412 2333 5491 ιιῑ
2353 5404 2425 5485 in
2454 5426 2538 5475 eo
2562 5426 2717 5493 san·

1152 5510 1307 5601 guis
1333 5506 1630 5579 multum
1658 5505 2016 5600 dirigatur.
2069 5508 2387 5591 ,secunda
2432 5532 2597 5581 vero
2626 5532 2713 5592 ex

1149 5616 1371 5687 tribus
1408 5613 1719 5708 partibus
1739 5617 1810 5689 in
1838 5614 2127 5699 circuitu
2155 5616 2383 5701 cordis
2408 5615 2715 5708 revolvi:

1153 5731 1288 5801 tur,
1321 5730 1390 5794 et
1415 5728 1654 5819 postea
1675 5721 1746 5796 in
1774 5720 2213 5805 interioribus
2249 5722 2468 5814 ipsius
2490 5721 2714 5815 5⁹85&

4318 403 4440 472 103

2889 569 3072 636 ditur
3099 568 3184 634 ad
3213 569 3435 657 ipsum
3470 569 3907 637 nutriendum
3952 592 3966 636 ε
4009 579 4074 636 et
4112 568 4241 650 hoc
4273 594 4442 651 con-

2885 674 3089 763 tingit
3134 698 3291 756 cum
3339 675 3478 758 fere
3526 677 3675 766 jam
3722 678 3910 752 venit
3965 675 4313 752 submersa
4364 678 4433 756 in

2884 803 3046 848 aure
3079 782 3316 860 dextra
3354 783 3577 866 cordis
3631 785 4015 874 ingrediens
4075 785 4144 852 in
4183 785 4428 874 ipsum.

2882 888 3049 960 Pars
3090 898 3320 973 autem
3350 893 3548 972 tertia
3579 892 3648 972 in
3684 889 4082 968 hominibus
4133 891 4217 972 ad
4273 914 4434 985 par-

2881 1005 3021 1077 tem
3051 996 3345 1064 declinat
3391 997 3736 1065 sinistram
3782 997 4075 1076 :deinde
4133 998 4316 1064 vadit
4347 998 4432 1080 ad

2881 1100 3189 1190 quintam
3230 1100 3674 1191 spondium,
3709 1101 3882 1178 etin
3919 1123 3997 1183 ea
4036 1099 4330 1183 fulcitur.
4366 1110 4433 1170 et

2879 1209 2950 1278 in
3007 1218 3162 1280 octo
3210 1193 3419 1277 costis
3467 1208 3901 1292 inferioribus
3949 1210 4310 1314 spargitur,
4365 1219 4430 1286 et

2877 1317 2950 1396 in
2978 1315 3085 1385 his
3125 1340 3276 1410 quae
3305 1320 3817 1409 conjunguntur
3843 1320 3940 1386 eis
3973 1318 4318 1402 musculiS,
4362 1327 4428 1394 et

2880 1423 3030 1494 aliis
3059 1424 3487 1514 corporibus.

2965 1530 3070 1607 Ex
3107 1554 3187 1599 ea
3223 1554 3389 1613 vero
3438 1554 3591 1628 quaa
3638 1555 3725 1604 ex
3770 1530 4078 1612 ventrem
4133 1532 4422 1617 habente

2871 1646 3028 1735 post
3056 1646 3192 1706 tres
3231 1639 3444 1709 dictas
3482 1647 3793 1730 penetrat
3825 1649 4423 1733 partes,spargun-·

2869 1754 2983 1830 tur
3008 1755 3235 1838 partes
3263 1748 3620 1840 capillares
3657 1757 4020 1841 postquam
4058 1739 4422 1842 pertransit

2865 1861 3131 1944 partem
3189 1855 3414 1934 cordis
3471 1849 3899 1938 ascendendo
3956 1857 4026 1931 in
4069 1849 4417 1948 ⁴supremo

2863 1961 3213 2052 panniculi
3242 1970 3477 2062 pectus
3515 1987 3638 2056 per
3672 1964 3975 2047 medium
4023 1961 4406 2046 dividentis,

2863 2066 3027 2133 etin
3066 2090 3390 2159 supremo
3434 2070 3730 2160 capsulae
3793 2071 3958 2150 etin
4006 2094 4207 2152 carne
4255 2069 4416 2150 laxa

2860 2196 3013 2264 quae
3044 2198 3309 2250 merum
3338 2184 3646 2256 vocatur,
3678 2185 3745 2260 et
3774 2187 4007 2284 postea
4038 2178 4216 2280 apud
4262 2178 4412 2248 lur-

2859 2278 3030 2366 culae
3055 2284 3638 2375 propinquitatem
3671 2283 3807 2363 duo
3847 2282 3933 2351 ab
3972 2307 4050 2364 ea
4086 2307 4411 2376 separan-

2860 2398 2970 2457 tur
3009 2392 3206 2474 rami,
3268 2392 3385 2488 qui
3443 2392 3650 2474 ambo
3698 2392 3784 2471 ad
3821 2401 4083 2483 partem
4131 2392 4406 2476 furculae

2856 2499 3183 2578 incedunt
3228 2503 3594 2584 transversi
3621 2523 3637 2568 ε
3680 2510 3749 2573 et
3771 2524 3909 2592 quo
3939 2499 4091 2592 plus
4120 2500 4404 2592 vadunt,

2855 2630 2936 2688 co
2967 2606 3121 2699 plus
3141 2607 3226 2684 ab
3251 2609 3542 2678 invicem
3573 2607 4006 2699 elongantur,
4038 2616 4103 2682 et
4142 2610 4216 2687 tit
4236 2601 4414 2678 uter·

2852 2737 2986 2805 quc
3044 2715 3333 2799 istorum
3401 2737 3750 2798 ramorum
3780 2714 4038 2796 divisus
4111 2716 4177 2783 in
4235 2715 4409 2794 duos

2853 2845 3080 2908 ramos
3125 2824 3192 2908 in
3224 2832 3517 2918 utroque
3547 2822 3753 2906 latere
3784 2823 4267 2904 descendentes
4299 2849 4412 2906 su-

2848 2954 2971 3024 per
3007 2941 3390 3014 extremum
3434 2931 3733 3014 thoracis
3771 2955 3810 3004 a
3846 2933 4080 3012 dextra
4130 2942 4194 3002 et
4226 2958 4265 3001 a
4311 2935 4405 3001 si-

2848 3041 3087 3123 nistra,
3116 3040 3334 3120 donec
3362 3039 3449 3119 ad
3470 3036 3938 3131 epiglottidern
3972 3039 4398 3130 perveniunt,

2844 3156 2910 3216 et
2949 3147 3021 3231 in
3056 3149 3200 3226 suis
3238 3147 3596 3231 itineribus
3624 3170 3853 3231 ramos
3881 3147 4256 3233 dimittunt,
4280 3148 4396 3243 qui

2843 3260 2913 3339 in
2961 3257 3290 3341 musculis
3337 3265 3775 3361 sparguntur,
3837 3260 3955 3350 qui
4010 3266 4168 3331 sunt
4225 3258 4401 3338 inter

2840 3367 3154 3451 chordas,
3218 3390 3514 3463 quornm
3572 3365 3832 3445 orificia
3891 3389 4218 3446 xenarnm
4268 3365 4399 3437 ul)-

2838 3501 2880 3547 v
2889 3479 3030 3565 iant
3065 3476 3351 3561 orificiis
3371 3497 3764 3568 sparsorum
3803 3496 4132 3557 venarum
4164 3476 4232 3555 in
4253 3476 4393 3557 eis:

2836 3592 2904 3669 et
2934 3582 3119 3678 quod
3150 3605 3237 3657 ex
3279 3583 3379 3664 eis
3413 3580 3784 3683 colligitur,
3841 3580 4184 3674 egreditur
4243 3582 4396 3662 inde

2835 3689 2924 3769 ,ad
2951 3688 3344 3783 musculum
3380 3687 3679 3783 pectoris
3715 3687 4201 3777 extrinsecum,
4235 3710 4394 3779 curn
4436 3762 4460 3786 ·

2834 3799 2921 3885 ad
2958 3796 3354 3893 epiglottale
3383 3819 3463 3868 os
3500 3795 3647 3867 hoec
3693 3795 4009 3876 collectio
4057 3798 4390 3893 pervenit,

2833 3905 3180 3998 egreditur
3206 3928 3291 3986 cx
3319 3904 3418 4003 eis
3472 3903 3784 4004 collectio
3814 3904 4113 3981 exterius
4138 3904 4223 3985 ad
4243 3926 4392 3985 ιιιιι-

2831 4012 3060 4087 sculos
3105 4011 3470 4107 circulatus
3507 4009 3849 4110 spatulam
3890 4019 4270 4091 moventes,
4320 4020 4390 4086 et

2831 4121 3177 4216 spargitur
3205 4121 3276 4200 in
3305 4119 3428 4194 eis.
3463 4117 3619 4199 Alia
3649 4125 3808 4201 ante
3813 4140 3881 4188 ιιι
3921 4117 4229 4199 collectio
4258 4116 4387 4194 sub

2830 4225 3157 4315 musculis
3194 4227 3392 4317 rectis
3446 4224 3822 4311 descendit,
3876 4248 3962 4295 ex
3994 4227 4231 4326 quain
4287 4225 4386 4297 eis

2828 4342 3247 4427 sparguntur
3308 4333 3507 4415 remi
3568 4354 3863 4438 quorum
3922 4332 4385 4435 extremitates

2826 4465 2986 4523 cum
3041 4438 3350 4535 partibus
3402 4437 3927 4561 ascendentitms
3974 4420 4387 4539 continuan-

2827 4557 2940 4633 tur
2972 4570 3194 4643 vonae,
3245 4569 3398 4647 41¹¹oe
3427 4544 3645 4644 divisa
3669 4545 3770 4625 eis
3802 4544 3871 4639 in
3919 4543 4072 4623 loco
4112 4542 4230 4628 illo
4257 4543 4380 4622 ob·

2823 4659 2993 4740 siat.
3025 4656 3200 4740 sicut
3226 4654 3461 4751 colligi
3488 4662 3715 4754 potest
3770 4675 3856 4735 ex
3911 4654 4376 4747 sequentibus.

2915 4763 3217 4857 Secundi
3245 4771 3479 4856 antem
3508 4762 4042 4859 uniuscuiusque
4064 4763 4378 4844 istorum,

2823 4870 3282 4966 parvideticm
3300 4893 3517 4969 υιιιιιυ
3535 4869 3831 4968 duorum.
3861 4870 4225 4968 immune*
4243 4871 4382 4947 εἰει-

2821 4975 3194 5073 gularium.
3228 4979 3535 5073 quinque
3580 4976 3862 5071 dimittit
3899 4999 4152 5069 rames,
4202 5000 4380 5072 quo·

2823 5108 2977 5167 rum
3007 5107 3186 5182 unus
3205 5084 3276 5161 in
3305 5091 3582 5177 pectore
3609 5082 3975 5181 spargitur,
4003 5090 4069 5152 et
4089 5092 4380 5175 quatuor

2821 5195 3209 5287 superiores
3255 5193 3471 5275 nutrit
3508 5199 3757 5271 costas,
3826 5198 3896 5263 et
3939 5189 4111 5268 alter
4147 5214 4377 5268 ramus

2820 5302 3038 5370 nutrit
3064 5297 3490 5393 spatularum
3516 5299 3772 5377 locum,
3797 5307 3864 5375 et
3882 5299 4121 5383 tertius
4147 5322 4378 5377 ramus

2820 5406 3039 5489 tendit
3083 5405 3170 5489 ad
3199 5405 3552 5493 musculos
3598 5406 3993 5493 submersos
4048 5407 4118 5483 iu
4171 5406 4374 5491 eollo·

2820 5522 2889 5593 et
2936 5513 3153 5603 nutrit
3196 5510 3403 5587 illos:
3457 5520 3522 5581 et
3562 5518 3847 5604 quartus
3893 5534 4122 5583 ramus
4170 5536 4381 5604 pene-

2818 5629 2956 5707 trat
2980 5620 3053 5707 in
3081 5617 3422 5712 {oramina
3456 5641 3579 5709 sex
3617 5616 4036 5712 §mndilium
4063 5620 4382 5711 superio·

2815 5750 2968 5807 rum
2999 5749 3153 5819 qum
3189 5731 3351 5806 suut
3402 5725 3473 5805 in
3507 5723 3716 5807 celtu,
3749 5731 3818 5797 et
3846 5723 4090 5803 deindo
4133 5725 4375 5809 transit
