4919 6371
2061 426 2228 494 LIB.
2283 427 2312 494 1
2359 429 2480 497 DE
2527 428 3120 512 ANIMALIBUS,
3170 430 3482 497 TRACT.
3536 428 3635 495 111
3759 501 3770 508 ,

1213 625 1362 692 quae
1397 597 1698 688 qracilia
1750 596 1891 665 sive
1937 598 2226 666 subtilia
2274 608 2630 676 vocantur,
2695 601 2765 663 in

1215 707 1461 796 quibus
1507 705 1889 795 completur
1933 705 2217 796 digestio
2270 705 2634 795 plusquam
2697 705 2765 768 in

1210 815 1645 882 interioribus
1675 837 1826 906 quae
1851 838 2089 904 qrossa
2117 821 2468 880 vocantur.
2509 811 2767 876 Princi-

1208 921 1379 1010 palis
1410 924 1590 989 enim
1632 922 1938 1013 operatio
1969 919 2448 986 intestinorum
2481 916 2765 984 inferio-

1209 1051 1358 1095 rum
1400 1038 1501 1097 est
1546 1030 1861 1097 stercoris
1902 1027 2305 1116 praeparatio
2364 1024 2446 1091 ad
2499 1047 2763 1091 exeun-

1203 1135 1391 1216 dum,
1426 1146 1493 1206 et
1530 1135 1934 1205 secundaria
1963 1140 2063 1201 est
2103 1132 2186 1200 ad
2237 1133 2684 1224 digerendum
2737 1156 2752 1199 ε

1203 1250 1268 1311 et
1295 1244 1445 1312 ideo
1477 1242 1785 1334 quaedam
1815 1242 2199 1308 mesaraicae
2250 1241 2635 1332 diriguntur
2673 1240 2758 1306 ad

1202 1351 1513 1440 quaedam
1545 1370 1809 1425 eorum,
1846 1346 2004 1416 licet
2038 1371 2176 1414 non
2216 1355 2318 1415 tot
2355 1347 2490 1413 sint
2521 1345 2603 1412 ad
2637 1367 2757 1411 su-

1196 1458 1488 1547 periora,
1523 1477 1602 1522 eo
1634 1455 1819 1546 quod
1847 1453 2237 1546 principalis
2277 1455 2581 1543 operatio
2631 1474 2756 1519 su-

1194 1564 1539 1654 periorum
1582 1571 1682 1631 est
1728 1562 2044 1653 digestio,
2098 1570 2163 1629 et
2206 1560 2603 1628 secundaria
2653 1568 2756 1628 est

1200 1671 1538 1761 expulsio.

1286 1779 1487 1860 Quod
1519 1789 1744 1849 autem
1777 1778 2086 1847 involuto
2117 1776 2199 1844 ab
2230 1777 2531 1844 interiori
2582 1800 2752 1846 con-

1192 1889 1521 1963 tinuatur,
1554 1893 1839 1953 vocatur
1884 1882 2325 1951 monoculum
2371 1905 2386 1950 :
2441 1891 2506 1951 et
2546 1905 2750 1950 causa

1195 1995 1494 2061 nominis
1532 2001 1656 2073 est,
1689 1995 1852 2084 quia
1897 2014 2037 2060 non
2091 1990 2298 2060 habet
2350 1992 2478 2058 nisi
2530 2013 2746 2058 unum

1193 2101 1551 2178 orificium,
1586 2108 1654 2168 et
1683 2100 1833 2166 ideo
1865 2107 1966 2167 est
1994 2100 2168 2166 sicut
2195 2099 2382 2166 cistis
2430 2097 2744 2188 quaedam

1190 2209 1260 2274 in
1280 2230 1416 2298 qua
1443 2229 1599 2276 cum
1628 2208 1781 2297 quis
1800 2206 2118 2289 voluerit,
2146 2205 2388 2294 accipit
2414 2204 2598 2295 quod
2630 2226 2745 2271 re-

1183 2316 1436 2406 posuit.
1474 2314 1815 2394 Quoniam
1848 2335 1968 2405 per
1996 2312 2174 2380 idem
2199 2312 2507 2380 foramen
2538 2313 2743 2379 intrat

1188 2423 1257 2490 in
1291 2425 1515 2514 ipsum
1542 2423 1732 2491 cibus
1760 2444 1899 2490 una
1935 2421 2128 2498 hora,
2163 2430 2229 2488 et
2266 2422 2403 2488 exit
2449 2422 2521 2488 in
2577 2419 2735 2488 alia.

1279 2531 1549 2599 Utilitas
1578 2539 1807 2599 autem
1854 2530 2058 2618 hujus
2106 2530 2403 2597 intestini
2437 2536 2537 2596 est
2585 2551 2741 2596 ma·—

1172 2639 1365 2706 xime
1398 2639 1485 2706 ad
1525 2638 1686 2714 duo,
1740 2660 2033 2728 quorum
2084 2660 2295 2704 unum
2353 2644 2456 2705 est
2493 2637 2741 2727 princi·

1170 2744 1327 2835 pale
1364 2755 1431 2813 et
1461 2744 1791 2821 naturale,
1827 2752 1896 2812 et
1924 2743 2208 2811 alterum
2250 2752 2350 2810 est
2396 2743 2736 2811 secunda-

1174 2851 1351 2918 rium
1384 2861 1451 2920 et
1488 2852 1573 2920 ad
1605 2851 1778 2920 hene
1809 2874 1954 2919 esse
1986 2849 2283 2918 hominis
2314 2850 2728 2918 ordinatum.

1173 2958 1560 3050 Principale
1587 2959 1864 3050 quidem
1896 2965 2021 3038 est,
2057 2958 2382 3048 quoniam
2412 2958 2603 3026 cibus
2632 2966 2735 3027 est

1182 3066 1433 3157 duplex
1474 3069 1542 3134 in
1572 3065 1953 3146 stomachO,
1987 3075 2052 3135 et
2083 3089 2258 3135 unus
2288 3066 2565 3157 quidem
2594 3069 2732 3134 cito

1179 3174 1409 3243 obedit
1438 3175 1828 3267 digestioni,
1861 3184 1928 3245 et
1965 3174 2075 3244 ille
2113 3175 2343 3244 statim
2373 3174 2726 3267 digeritur,

1181 3291 1243 3351 et
1272 3283 1628 3375 subjungit
1655 3283 1866 3352 alium
1899 3284 2013 3375 qui
2064 3283 2337 3374 quidem
2387 3282 2734 3374 digestibi-

1178 3387 1264 3456 lis
1295 3398 1421 3473 est,
1472 3389 1590 3457 sed
1639 3390 2005 3481 impeditur
2049 3388 2183 3458 alio
2226 3390 2423 3459 citius
2459 3390 2733 3483 digesti-

1183 3495 1328 3580 bili,
1362 3503 1429 3566 et
1475 3497 1648 3566 forte
1690 3497 1919 3589 aliqua
1955 3496 2289 3566 stomachi
2323 3496 2727 3569 humiditate

1170 3604 1536 3694 superflua.
1592 3602 1763 3672 Cum
1812 3627 1977 3697 ergo
2025 3605 2245 3696 primo
2301 3604 2565 3696 digesto
2613 3628 2729 3674 ex·

1168 3708 1394 3800 pulsio
1422 3710 1498 3779 tit
1535 3733 1575 3779 a
1603 3709 1987 3793 stomacho,
2017 3711 2378 3805 expellitur
2412 3722 2479 3782 et
2507 3735 2723 3783 unum

1170 3823 1237 3884 et
1283 3816 1471 3886 aliud
1512 3840 1529 3885 :
1589 3824 1656 3885 et
1704 3817 1880 3886 illud
1916 3817 2190 3909 quidem
2232 3817 2419 3910 quod
2455 3819 2725 3912 indige-

1168 3933 1350 3991 stum
1386 3929 1733 4004 remansit,
1761 3951 1898 3995 nnn
1930 3928 2172 4017 accipit
2194 3949 2458 3996 moram
2490 3929 2559 3996 in
2588 3951 2722 4020 qua

1168 4043 1291 4103 stet
1346 4036 1415 4103 in
1454 4035 1684 4127 aliquo
1731 4038 1941 4105 trium
1987 4037 2464 4105 intestinorum
2501 4036 2724 4106 dicto-

1170 4165 1348 4221 rum,
1392 4151 1467 4211 ut
1513 4142 1939 4234 compleatur
1976 4145 2044 4212 in
2083 4144 2231 4236 ipso
2276 4143 2567 4236 digestio
2601 4165 2619 4213 t
2653 4152 2721 4214 et

1171 4249 1321 4317 ideo
1361 4248 1611 4317 factum
1652 4260 1753 4319 est
1800 4250 2241 4320 monoculum
2293 4249 2480 4342 quod
2515 4248 2720 4321 hahet

1163 4356 1744 4447 comparationem
1774 4358 1860 4426 ad
1892 4356 2206 4426 interiora
2236 4357 2371 4426 duo
2399 4358 2721 4428 intestina

1161 4462 1476 4531 eamdem
1526 4485 1733 4554 quam
1775 4463 1978 4532 habet
2019 4462 2411 4533 stomachus
2448 4463 2534 4533 ad
2589 4466 2718 4534 tria

1160 4569 1482 4661 praedicta
1568 4592 1720 4661 qua>
1806 4578 1965 4639 sunt
2036 4571 2456 4650 duodenum,
2541 4571 2720 4661 jeju-

1164 4698 1359 4755 num,
1409 4686 1475 4745 et
1523 4677 1959 4747 involutum:
2009 4688 2288 4770 propter
2334 4678 2520 4772 quod
2563 4677 2717 4748 licet

1168 4783 1353 4853 nulla
1402 4785 1930 4854 mesaraicarum
1989 4784 2435 4876 protendatur
2477 4785 2563 4854 ad
2610 4787 2722 4878 ip·-

1165 4914 1348 4973 sum,
1391 4900 1621 4959 tamen
1662 4892 1747 4960 ad
1793 4892 1996 4961 colon
2033 4893 2440 4984 perveniunt
2487 4902 2552 4962 et
2598 4915 2721 4962 su-

1167 5007 1336 5088 gunt
1377 4997 1444 5065 id
1486 4998 1670 5089 quod
1692 4999 1839 5087 jam
1872 5001 1939 5066 iu
1972 4998 2338 5067 monoculo
2377 4998 2716 5092 digestum

1167 5116 1267 5172 est
1300 5129 1317 5174 :
1362 5116 1431 5175 et
1472 5107 1627 5175 ideo
1674 5109 1881 5176 etiam
1928 5107 2135 5176 situm
2164 5115 2267 5177 est
2293 5132 2533 5178 versus
2567 5109 2722 5177 dor·

1169 5235 1324 5280 sum
1363 5211 1714 5282 declinans
1745 5214 1831 5282 ad
1870 5214 2179 5283 dextram
2207 5214 2290 5283 ad
2319 5213 2584 5307 hepatis
2611 5217 2720 5284 vi-

1172 5321 1542 5401 cinitatem,
1596 5330 1670 5389 ut
1715 5320 1799 5389 ah
1843 5325 1988 5413 ipso
2027 5323 2347 5390 virtutem
2398 5322 2718 5415 digestio·

1168 5426 1272 5493 nis
1318 5429 1627 5519 accipiat.
1684 5426 1999 5496 Secunda
2036 5451 2240 5497 causa
2287 5452 2423 5496 nou
2473 5430 2719 5521 princi·

1169 5531 1340 5622 palis
1369 5544 1498 5616 est,
1528 5544 1599 5602 ut
1629 5542 2084 5629 congregetur
2112 5535 2181 5602 in
2211 5558 2293 5603 eo
2340 5545 2600 5606 stercus
2630 5538 2717 5606 ad

1171 5637 1375 5708 simul
1402 5639 1911 5721 dimittendum,
1953 5641 2125 5711 sicut
2162 5641 2310 5731 jam
2348 5649 2508 5711 ante
2544 5642 2718 5714 ‹lixi-

1178 5768 1353 5815 mus.
1397 5746 1690 5828 Quidam
1741 5757 1968 5820 tamen
2024 5757 2322 5820 errantes
2370 5749 2713 5840 dixerunt,

4316 432 4440 498 145

2872 595 3060 684 quod
3116 596 3374 662 utilitas
3432 594 3637 683 hujus
3695 597 3996 662 intestini
4067 606 4191 678 est,
4256 598 4440 689 quod

2872 702 3275 771 mundificat
3321 701 3555 793 hepar.
3611 702 3696 771 Et
3743 703 3895 771 ideo
3945 703 4182 769 dicunt
4229 726 4437 772 venas

2867 831 3010 877 non
3059 833 3206 879 esse
3247 819 3604 900 protensas
3643 809 3728 877 ab
3776 808 4023 900 hepate
4053 810 4184 876 nisi
4215 809 4302 876 ad
4338 811 4437 901 ip·

2867 939 3048 983 sum.
3103 916 3240 986 Sed
3292 916 3425 985 hoc
3478 916 3725 983 falsum
3758 939 3906 985 esse
3948 914 4281 1006 probatur
4314 941 4434 1006 per

2866 1025 3441 1113 experimentum.
3507 1022 3777 1089 Utilitas
3835 1030 4066 1088 autem
4125 1023 4271 1108 ejus
4329 1032 4432 1090 est

2865 1128 3310 1218 congregatio
3349 1129 3665 1195 stercoris
3700 1150 3715 1194 :
3757 1128 3919 1218 quia
3966 1128 4024 1194 si
4063 1134 4287 1195 totum
4335 1129 4429 1194 si-

2866 1234 3008 1299 mul
3066 1234 3331 1301 veniret
3388 1234 3471 1301 ad
3531 1257 3822 1325 sequens
3874 1235 4300 1318 intestinum,
4351 1235 4439 1301 ti-

2865 1364 3017 1408 mor
3054 1349 3231 1409 esset
3262 1342 3447 1432 quod
3477 1340 3766 1408 colicam
3796 1340 4146 1409 induceret
4175 1342 4435 1432 passio·

2860 1471 3045 1516 nem.
3084 1447 3372 1539 Oportet
3411 1457 3640 1516 autem
3683 1450 3878 1527 scire,
3935 1448 4121 1540 quod
4160 1447 4294 1517 hoc
4333 1457 4436 1517 est

2859 1557 3263 1623 intestinum
3290 1555 3475 1647 quod
3515 1556 3938 1648 frequentius
3985 1554 4435 1626 descendit-in

2860 1671 3167 1753 ruptura,
3208 1671 3356 1731 tum
3402 1672 3684 1755 propter
3728 1664 3999 1754 pondus
4038 1664 4246 1744 raecis,
4281 1671 4432 1732 tum

2855 1780 3139 1864 propter
3166 1772 3299 1842 hoc
3337 1772 3524 1866 quod
3563 1796 3706 1841 non
3745 1781 3848 1842 est
3894 1774 4134 1863 ligatio
4174 1775 4263 1842 ad
4305 1798 4429 1842 su-

2854 1881 3127 1970 periora
3156 1881 3470 1949 membra
3497 1905 3624 1973 per
3652 1885 4063 1951 mesaraicas
4086 1905 4325 1963 venaS,
4360 1892 4428 1951 et

2853 1986 3008 2056 ideo
3037 1987 3342 2078 pondere
3371 1987 3554 2056 i'aecis
3592 1997 3951 2080 gravatum
3999 1989 4422 2081 frequentius

2853 2094 3228 2164 descendit.
3581 2114 3586 2120 ·

2940 2202 3115 2270 Cum
3155 2203 3528 2272 monoculo
3573 2211 3802 2272 autem
3852 2204 4135 2273 interius
4195 2206 4423 2272 conti-

2852 2317 3103 2378 nuatur
3131 2317 3199 2379 et
3236 2311 3639 2379 intestinum
3680 2311 3866 2403 quod
3904 2320 4193 2381 vocatur
4215 2317 4417 2377 κῶλον

2849 2416 3081 2485 Graece
3121 2439 3162 2485 a
3204 2416 3422 2487 colica
3469 2422 3787 2508 passione
3835 2442 3989 2510 quae
4034 2420 4281 2489 accidit
4344 2422 4414 2490 in

2847 2525 3022 2614 ipso.
3059 2525 3180 2593 Est
3198 2532 3433 2594 autem
3463 2526 3646 2594 istud
3667 2526 4065 2594 intestinum
4099 2549 4418 2617 grossum

2846 2633 3170 2722 spissum,
3205 2641 3270 2700 et
3312 2655 3472 2700 cum
3519 2632 3885 2723 elongatur
3922 2656 3961 2700 a
4011 2633 4414 2715 monoculo,

2842 2739 3139 2807 declinat
3167 2739 3253 2807 ad
3295 2747 3561 2832 partem
3609 2739 3920 2809 dextram
3970 2743 4413 2810 convenienti

2844 2846 3327 2924 declinatione,
3363 2856 3439 2916 ut
3456 2849 3544 2915 sit
3574 2850 4003 2939 propinquus
4034 2848 4293 2940 hepati,
4330 2873 4415 2920 eo

2840 2957 3027 3047 quod
3068 2956 3142 3023 lit
3172 2957 3258 3025 ah
3291 2957 3443 3046 ipso
3484 2957 3717 3049 aliqua
3747 2960 3969 3027 suctio
4001 2959 4409 3028 nutrimenti

2843 3085 2964 3154 per
3004 3064 3416 3131 mesaraicas
3484 3086 3639 3156 quae
3677 3066 3965 3134 veniunt
4008 3066 4096 3134 ad
4154 3068 4405 3158 ipsum.

2843 3169 3104 3239 Deinde
3170 3169 3468 3241 declinat
3496 3171 3582 3240 ad
3638 3180 3902 3264 partem
3936 3173 4312 3256 sinistram.
4346 3183 4415 3244 et

2840 3279 3190 3349 descendit
3226 3289 3345 3350 :et
3382 3303 3539 3351 cum
3594 3285 3968 3373 opponitur
4013 3281 4238 3363 lateri,
4284 3284 4415 3352 ite-

2839 3411 2994 3457 rum
3032 3398 3309 3481 regyrat
3351 3388 3439 3457 ad
3475 3399 3740 3481 partem
3795 3389 4110 3459 dextram
4156 3413 4173 3458 :
4208 3401 4278 3460 et
4325 3392 4413 3461 ad

2834 3498 3222 3590 posteriora
3276 3496 3703 3567 descendens
3758 3499 4204 3568 continuatur
4251 3521 4411 3569 cum

2834 3605 3163 3674 intestino
3211 3613 3425 3683 recto,
3478 3613 3547 3675 et
3600 3627 3759 3674 cnm
3810 3609 4177 3698 pertransit
4227 3605 4417 3699 sple-

2833 3733 3020 3792 nem,
3053 3720 3449 3782 coarctatur
3482 3721 3552 3783 et
3575 3713 3940 3807 stringitur
3975 3736 3993 3783 z
4034 3723 4102 3784 et
4142 3713 4276 3784 hac
4323 3714 4409 3784 de

2831 3842 3038 3891 causa
3064 3819 3473 3913 prohibetur
3516 3821 3832 3913 expulsio
3872 3823 4305 3893 ventositatis
4336 3825 4407 3893 in

2831 3951 2916 3997 eo
2944 3929 3064 4020 qui
3094 3927 3301 3998 habet
3329 3937 3760 4020 apostemata
3780 3930 4068 4022 splenis,
4093 3953 4178 3999 eo
4216 3932 4405 4023 quod

2829 4036 3025 4127 splen
3059 4044 3228 4105 tunc-
3252 4059 3395 4105 non
3421 4038 3909 4128 comprimitur
3934 4059 4147 4129 super
4169 4040 4395 4130 ipsum

2829 4144 3166 4234 adjuvans
3192 4143 3282 4214 ad
3311 4144 3820 4236 expellendum.
3859 4145 4132 4215 Utilitas
4163 4154 4403 4215 antem

2828 4249 3036 4341 hujus
3063 4251 3371 4321 intestini
3416 4258 3522 4321 est
3560 4254 3964 4345 aggregatio
4004 4262 4071 4321 et
4113 4253 4404 4347 gradata

2829 4357 3175 4428 ordinatio
3198 4357 3283 4425 ad
3314 4358 4205 4451 expellendum,postquam
4234 4359 4406 4429 aub-

2826 4464 3040 4535 tiliter
3094 4472 3536 4559 perscrutatas
3589 4466 3844 4535 fuerint
3900 4466 4289 4536 mesaraicae
4342 4468 4399 4535 si

2829 4574 2918 4640 sit
2953 4573 3027 4641 in
3056 4594 3141 4640 eo
3170 4571 3434 4664 aliquid
3473 4570 3559 4640 de
3587 4570 3768 4640 cibo.

2922 4678 3332 4747 intestinum
3380 4685 3612 4747 autem
3658 4679 3980 4748 ultimum
4027 4680 4216 4772 quod
4292 4704 4404 4748 re-

2827 4796 3016 4855 ctum
3053 4785 3201 4854 sive
3251 4786 3555 4876 Ionyaon
3622 4788 3766 4855 sive
3789 4789 4025 4880 luuh-J·
4077 4796 4396 4867 vocatur,

2828 4897 3276 4964 continuatur
3311 4916 3470 4963 cum
3519 4893 3724 4964 colen
3781 4895 4065 4965 interius
4098 4916 4116 4963 τ
4152 4903 4222 4964 et
4269 4892 4442 4964 hoc·

2831 4999 3111 5093 quidem
3150 5000 3307 5068 ideo
3336 5010 3600 5068 rectum
3643 5010 3954 5085 vocatur,
3996 5000 4162 5094 quia
4218 5008 4400 5071 recte

2830 5108 3183 5178 deseendit
3222 5107 3312 5176 ad
3364 5108 3653 5177 steterim
3712 5111 3859 5178 sive
3905 5108 3992 5177 ad
4043 5129 4283 5189 anum,
4331 5118 4401 5178 et

2831 5218 3275 5286 continuatur
3340 5237 3501 5286 cum
3560 5218 3735 5309 ipso.
3795 5216 4124 5286 innititur
4171 5223 4405 5286 autem

2833 5321 3254 5392 descendens
3291 5345 3503 5415 super
3550 5324 3857 5405 dorsum,
3914 5333 3980 5395 et
4036 5324 4407 5417 ampliatur

2833 5432 2905 5500 in
2943 5430 3292 5523 aliquibus
3329 5427 3417 5498 ad
3463 5432 3985 5502 similitudinem
4036 5431 4405 5512 stomachi,

2833 5544 2900 5606 et
2927 5536 3272 5629 praecipue
3304 5538 3373 5604 in
3407 5535 3712 5606 inferiori
3735 5547 3953 5632 parte.
3995 5532 4270 5609 Utilitas
4290 5559 4413 5606 au-

2832 5655 2972 5716 tem
3003 5646 3154 5737 ejus
3171 5652 3281 5715 est
3312 5644 3631 5737 expulsio
3675 5647 3862 5719 trecis
3888 5657 4083 5719 extra
4109 5636 4404 5740 corpus:

2834 5759 2905 5823 et
2930 5751 3201 5845 paravit
3230 5751 3292 5821 ei
3339 5757 3586 5822 natura
3625 5762 3929 5846 quatuor
3966 5750 4319 5825 musculos
4336 5755 4408 5821 et

4085 5888 4156 5943 ¹0
