4919 6371
588 389 723 460 558

586 565 941 647 stotelem,
976 559 1351 655 projicitur
1381 566 1542 630 ante
1574 582 1654 631 os
1684 560 2021 642 matricis,
2067 557 2209 629 sic-

585 689 664 750 ut
696 687 764 749 ct
791 697 1075 771 sperma
1103 675 1242 746 viri
1279 698 1293 745 ε
1333 683 1403 747 et
1430 683 1600 747 tuuc
1631 676 1907 771 sugitur
1936 683 2208 745 utrum·

584 816 720 889 que
752 815 793 861 a
835 790 1152 860 matrice.
1208 789 1453 885 Aliqui
1502 798 1744 861 tamen
1791 788 1996 859 valde
2035 810 2208 881 pro-

580 903 909 975 babiliter
959 901 1206 974 dicunt
1255 926 1539 999 sperma
1587 899 1907 972 mulieris
1955 898 2204 992 projici

579 1018 653 1088 iu
693 1017 1086 1099 matricem,
1124 1024 1197 1087 et
1252 1016 1494 1087 venire
1547 1038 1589 1084 a
1647 1011 1925 1083 duobus
1966 1012 2207 1081 corui-

578 1131 710 1202 hus
742 1130 1055 1202 matricis
1095 1126 1582 1224 superioribus
1618 1149 1637 1195 =
1674 1125 1875 1217 cujus
1916 1126 2203 1219 signum

576 1243 818 1314 dicunt
858 1265 1039 1325 esse,
1078 1240 1274 1337 quod
1314 1238 1571 1309 mulier
1599 1238 1827 1309 coitus
1889 1235 2203 1307 delecta-

570 1355 839 1426 tionem
909 1354 1124 1424 sentit
1181 1353 1368 1423 circa
1427 1349 1871 1432 umbilicum,
1929 1358 2199 1420 etcum

571 1467 1036 1559 conjunctum
1083 1470 1191 1534 est
1246 1470 1631 1558 utrumque
1686 1487 1993 1559 sperma,
2027 1472 2199 1536 tunc

574 1577 1030 1673 suspenditur
1053 1574 1144 1647 ab
1176 1577 1352 1671 ipsis
1383 1575 1652 1647 eisdem
1692 1575 2028 1649 cornibus
2064 1599 2080 1645 ε
2126 1585 2197 1648 et

572 1687 669 1757 ibi
701 1686 973 1758 invenit
1002 1710 1146 1782 quo
1177 1693 1639 1770 sustentatur,
1693 1686 1921 1757 donec
1966 1687 2199 1756 nutri-

571 1810 892 1871 mentum
955 1799 1204 1894 incipit
1262 1797 1680 1870 contrahere
1747 1821 1790 1868 a
1847 1799 2194 1894 sanguiue

569 1922 960 1985 menstruo.
1060 1911 1414 1984 Omnibus
1510 1920 1750 1983 autem
1839 1912 2188 2007 persectiS,

569 2049 731 2097 cum
777 2024 1014 2096 deficit
1060 2024 1607 2113 nutrimentum,
1643 2032 1709 2094 et
1760 2024 2008 2094 crescit
2057 2047 2194 2093 an-

566 2135 826 2208 helitus
873 2135 1190 2218 infantis,
1247 2144 1318 2206 et
1358 2142 1667 2206 arctatus
1725 2133 2028 2207 efficitur
2056 2134 2190 2205 sibi

559 2248 781 2336 locus,
845 2250 1100 2344 quaerit
1144 2247 1413 2343 egredi,
1461 2256 1530 2319 et
1575 2246 1828 2318 dividit
1877 2247 2078 2329 telaS,
2117 2254 2187 2317 et

564 2360 947 2457 egreditur,
1007 2362 1193 2432 sicut
1263 2361 1589 2455 superius
1655 2359 2181 2454 descripsimus.

565 2472 748 2544 Sunt
806 2481 1050 2545 autem
1084 2475 1209 2570 qui
1261 2471 1531 2554 dicunt,
1568 2472 1764 2568 quod
1805 2479 2188 2568 conceptus

561 2586 936 2687 foemineus
996 2586 1086 2658 ad
1143 2586 1459 2658 anterius
1536 2586 1782 2657 matris
1836 2586 2187 2658 convertit

556 2701 837 2791 faciem,
882 2709 951 2773 et
997 2708 1385 2796 conceptus
1432 2700 1868 2772 masculinus
1898 2700 1986 2770 ad
2016 2699 2188 2771 dor-

559 2838 716 2884 sum
754 2837 771 2884 :
808 2814 933 2885 sed
963 2812 1101 2884 hoc
1133 2837 1279 2885 non
1319 2812 1601 2885 videtur
1647 2835 1800 2883 esse
1839 2811 2184 2907 probabi-

558 2926 621 2998 le
696 2951 711 2997 :
776 2928 945 3024 quia
1013 2936 1120 2999 est
1186 2926 1435 2998 eadem
1496 2925 1789 3008 utilitas,
1852 2949 2011 3022 quae
2078 2933 2185 2997 est

554 3040 868 3113 defensio
937 3041 1195 3125 cordis,
1257 3051 1548 3137 propter
1614 3064 1830 3137 quam
1882 3050 2178 3137 uterque

551 3163 934 3251 conceptus
963 3155 1217 3228 faciem
1250 3154 1343 3227 ad
1380 3155 1672 3228 dorsum
1717 3155 1965 3227 matris
2003 3178 2182 3227 con-

554 3269 787 3339 vertit.

644 3379 871 3452 Causa
912 3404 1083 3452 vero
1144 3389 1227 3452 ut
1293 3382 1365 3451 in
1408 3379 1732 3477 pluribus
1802 3380 2174 3453 masculini

545 3502 956 3588 conceptus,
1002 3501 1108 3564 est
1147 3491 1471 3565 caliditas
1501 3495 1877 3589 spermatis
1906 3493 2070 3581 viri,
2105 3506 2177 3568 et

546 3604 986 3678 abundantia
1012 3604 1263 3702 ipsius,
1309 3615 1378 3677 et
1406 3607 1906 3677 convenientia
1944 3607 2173 3679 coitus

547 3719 621 3789 in
650 3716 828 3790 hora
851 3728 1013 3814 post
1034 3717 1578 3790 mundationem
1610 3727 2168 3803 menstruorum,

541 3841 610 3904 et
660 3834 853 3928 quod
903 3856 1187 3930 sperma
1246 3839 1453 3905 exeat
1490 3857 1533 3904 a
1562 3832 1812 3905 dextro
1842 3834 2170 3907 testiculo

543 3947 615 4018 in
647 3946 968 4019 dextram
1013 3953 1286 4042 partem
1358 3947 1630 4028 matris,
1676 3956 1745 4018 et
1774 3947 2174 4044 conjunga-

540 4068 659 4131 tur
686 4061 748 4132 ei
782 4060 976 4156 quod
1013 4062 1163 4133 exit
1191 4082 1238 4131 a
1263 4057 1516 4132 dextro
1556 4058 1877 4133 mulieris
1920 4084 1936 4131 ε
1983 4086 2174 4157 quo-

537 4175 730 4246 niam
771 4173 947 4246 illud
976 4173 1173 4272 quod
1203 4182 1312 4246 est
1361 4196 1449 4245 ex
1501 4172 1781 4258 dextro,
1816 4184 1924 4246 est
1978 4175 2170 4271 spis-

537 4286 745 4358 sioris
822 4286 1267 4371 substantiae,
1331 4293 1404 4358 et
1458 4288 1769 4358 sumitur
1835 4311 1923 4359 ex
2002 4312 2170 4360 rene

534 4399 810 4475 dextro.
844 4400 968 4497 qui
1001 4409 1109 4471 est
1147 4398 1447 4471 calidior
1474 4406 1545 4470 et
1592 4397 1805 4470 altior
1861 4408 1932 4471 et
1986 4400 2171 4472 vici-

544 4515 706 4585 nior
734 4510 999 4607 hepati.
1051 4511 1527 4606 Cooperantia
1557 4519 1800 4582 autern
1853 4521 2022 4585 sunt
2050 4536 2169 4585 re-

536 4627 655 4723 gio
695 4625 974 4721 frigida,
1022 4633 1095 4698 et
1146 4632 1405 4696 ventus
1462 4625 2061 4720 septentrionalis,
2098 4637 2168 4699 et

539 4748 711 4812 aetas
749 4739 1249 4812 adolescentiae
1315 4741 1467 4812 sive
1507 4737 1759 4821 virilis,
1834 4764 1993 4837 quae
2058 4751 2168 4815 est

535 4862 696 4949 post
760 4850 1141 4926 humorem
1211 4853 1640 4946 juventutis,
1698 4862 1770 4925 et
1826 4861 1990 4926 ante
2039 4853 2168 4926 tri-

533 4989 665 5060 gus
705 4965 1136 5038 senectutis:
1172 4972 1244 5037 et
1273 4987 1486 5037 causa
1517 4964 2034 5039 foemininitatis
2060 4977 2169 5042 est

530 5077 642 5150 his
723 5080 1108 5151 contraria.
1205 5076 1690 5175 Improegnata
1770 5079 1986 5151 etiam
2073 5080 2162 5155 de

530 5190 874 5276 masculo,
919 5198 1027 5264 est
1061 5188 1381 5262 melioris
1410 5188 1701 5273 coloris,
1736 5198 1809 5262 et
1868 5192 2161 5286 majoris

528 5299 859 5386 levitatis,
897 5311 969 5375 et
1005 5299 1406 5374 mundioris
1464 5300 1692 5390 faciei,
1752 5308 1822 5372 et
1859 5305 2162 5377 sanioris

530 5416 909 5509 appetitus,
945 5423 1016 5486 et
1045 5414 1264 5486 sentit
1309 5411 1775 5509 gravedinem
1823 5415 2160 5509 ponderis

527 5526 599 5596 in
630 5523 849 5598 latere
882 5527 1159 5600 dextro.
1206 5526 1682 5622 Frequentius
1712 5527 1903 5598 enim
1942 5552 2157 5625 gene·

524 5646 721 5710 ratur
747 5640 1111 5714 masculus
1140 5641 1218 5712 in
1247 5638 1467 5713 latera
1504 5639 1757 5712 dextro
1787 5643 2146 5717 matricis:

524 5753 717 5850 quod
748 5777 893 5827 non
926 5754 1206 5840 accidit,
1242 5755 1381 5828 nisi
1429 5755 1599 5853 quia
1656 5753 1835 5828 illud
1861 5760 2010 5829 nati
2041 5783 2158 5833 re-

524 5868 925 5966 ceptibilius
980 5877 1092 5944 est
1157 5894 1379 5968 quam
1446 5869 1817 5945 sinistrum
1862 5882 2156 5972 propter

523 5982 832 6058 calorem
881 5993 1002 6060 :et
1029 5984 1338 6060 effluxus
1383 5983 1588 6059 lactis
1624 5986 1860 6082 primo
1918 5996 2027 6061 est
2062 5991 2154 6064 ad

1630 374 1720 447 D.
1772 373 1982 446 ALB.
2037 372 2265 446 MAG.

2321 371 2540 445 ORD.
2596 371 2906 446 PRAED.

2324 556 2661 653 papulam
2694 559 3029 630 mamillae
3084 559 3349 631 dextrae
3405 583 3421 630 ε
3467 567 3538 630 et
3593 557 3703 632 lac
3771 560 3963 657 quod

2326 666 2745 766 extrahitur,
2805 675 2912 739 est
2974 670 3316 762 spissum,
3379 671 3479 740 ita
3548 670 3744 765 quod
3820 678 3963 742 stat

2324 806 2539 876 super
2605 805 2972 876 unguem:
3037 792 3108 852 et
3166 783 3225 852 si
3284 782 3686 854 distelletur
3743 808 3962 879 super

2323 893 2717 987 speculum,
2764 901 2833 965 et
2869 894 3166 989 ponitur
3195 894 3269 964 iu
3301 896 3479 979 sole,
3517 920 3665 969 non
3697 897 3959 969 diss'un-

2322 1005 2535 1090 ditur,
2574 1007 2696 1079 sed
2726 1015 2863 1078 stat
2894 1009 3080 1078 sicut
3118 1006 3437 1103 lacryma
3462 1013 3744 1105 argenti
3774 1011 3953 1097 vivi,

2320 1127 2444 1189 aut
2511 1120 2693 1191 sicut
2744 1120 3133 1214 margarita
3191 1118 3354 1190 alba
3413 1120 3782 1214 perlucida
3836 1130 3959 1194 :et

2316 1231 2582 1326 papula
2628 1229 2966 1301 mamillae
3026 1230 3297 1301 dextrae
3349 1231 3687 1314 rubescit,
3725 1240 3794 1303 et
3823 1256 3956 1303 ve-

2318 1368 2430 1415 nae
2464 1346 2615 1438 ejus
2662 1345 2840 1416 fiunt
2901 1343 3138 1414 rubeae
3185 1367 3201 1413 :
3240 1353 3310 1415 et
3370 1354 3743 1440 expertum
3813 1355 3944 1429 est,

2317 1458 2512 1553 quod
2542 1482 2703 1529 cum
2748 1466 2974 1529 mater
3005 1457 3331 1529 ambulat
3385 1459 3951 1554 impraemedita-

2313 1581 2410 1655 te,
2445 1574 2795 1666 praeponit
2829 1570 3082 1668 pedem
3125 1571 3459 1644 dextrum
3501 1596 3517 1643 ε
3555 1581 3628 1644 et
3693 1574 3752 1643 si
3819 1597 3953 1643 ex-

2313 1708 2605 1780 surgere
2635 1684 2912 1765 debeat,
2958 1693 3311 1756 sustentat
3369 1709 3444 1756 se
3507 1708 3726 1755 manu
3779 1686 3951 1757 dex-

2310 1808 2422 1869 tra
2468 1823 2484 1870 :
2519 1809 2589 1871 et
2618 1800 2865 1870 oculus
2898 1801 3050 1895 ejus
3121 1799 3370 1871 dexter
3400 1808 3509 1871 est
3566 1801 3948 1872 velocioris

2310 1920 2574 2000 motus,
2658 1920 2727 1983 et
2783 1910 3101 1983 levioris.
3164 1911 3531 1983 Masculus
3591 1914 3809 1983 etiam
3869 1914 3945 1983 in

2307 2032 2511 2094 utero
2542 2033 2872 2095 movetur
2908 2032 3075 2119 post
3103 2033 3246 2097 tres
3292 2047 3602 2105 menses,
3648 2024 3944 2096 foemina

2305 2158 2478 2207 vero
2509 2146 2672 2231 post
2718 2145 3047 2232 quatuor.
3095 2136 3451 2208 Dixerunt
3507 2138 3725 2209 etiam
3786 2139 3944 2232 qui·

2306 2248 2469 2319 dam
2512 2249 2598 2321 de
2628 2248 2831 2320 valde
2873 2253 3209 2345 expertis,
3245 2251 3442 2345 quod
3510 2252 3572 2321 si
3613 2259 3943 2322 sumatur

2303 2362 2733 2459 aristologiae
2764 2387 3022 2434 aureus
3051 2387 3241 2435 unus
3264 2372 3333 2435 et
3355 2372 3652 2447 teratur,
3679 2372 3751 2435 et
3771 2388 3941 2435 cou-

2301 2473 2581 2546 ssciatur
2617 2498 2781 2546 cum
2814 2474 3051 2558 melle,
3089 2484 3158 2547 et
3197 2484 3648 2571 supponatur
3678 2478 3753 2546 in
3781 2474 3940 2546 vul-

2301 2611 2471 2659 vam
2536 2611 2700 2660 cum
2767 2586 2932 2659 lana
2970 2589 3179 2659 viridi
3252 2613 3293 2660 a
3337 2613 3548 2659 mane
3583 2612 3811 2684 usque
3846 2588 3937 2659 ad

2299 2701 2669 2773 meridiem
2693 2703 3046 2797 jejunanti
3088 2702 3399 2785 mulieri,
3461 2709 3638 2774 tuuc
3668 2706 3729 2772 si
3770 2701 3938 2772 dul-

2296 2817 2515 2888 cescit
2581 2817 2805 2887 saliva
2871 2816 3052 2909 ejus,
3097 2819 3427 2910 concepit
3467 2813 3872 2886 masculum
3913 2838 3929 2885 :

2296 2931 2354 3001 si
2395 2931 2848 3011 amaricatur,
2912 2931 3237 3024 concepit
3275 2928 3649 2999 foeminam
3686 2951 3702 2999 :
3742 2936 3813 2999 et
3868 2929 3930 2999 si

2295 3050 2539 3114 manet
2588 3041 2917 3137 insipida,
2981 3065 3128 3112 non
3190 3042 3519 3136 concepit
3590 3040 3927 3135 aliquid:

2292 3151 2418 3225 sed
2447 3176 2583 3249 ego
2650 3152 2874 3224 miror
2901 3152 2957 3224 si
3003 3148 3141 3224 hoc
3179 3159 3289 3224 est
3328 3174 3613 3234 verum,
3649 3161 3720 3222 et
3750 3150 3935 3223 indi-

2290 3276 2411 3362 get
2503 3265 3069 3338 consideratione
3159 3287 3449 3359 magna.
3545 3263 3932 3335 Foeminini

2289 3388 2528 3452 autem
2561 3389 2804 3475 partus
2834 3378 3227 3451 accidentia
3259 3377 3372 3449 his
3426 3385 3600 3450 sunt
3639 3384 3934 3448 contra-

2289 3494 2418 3563 ria.
