4919 6371
561 341 688 406 618

562 508 963 595 indigemuS,
1001 505 1127 570 nisi
1163 512 1234 571 ut
1266 504 1627 595 loquamur
1655 505 1737 572 de
1768 514 2010 573 natura
2042 513 2106 572 et

557 609 844 676 utilitate
875 609 1249 698 sanguiniS.

644 717 955 806 Amplius
987 726 1213 785 autem
1246 718 1313 785 in
1349 718 1805 809 quorumdam
1838 720 2108 785 anima-

558 827 725 892 lium
782 826 1112 915 sanguine
1178 829 1616 894 inveniuntur
1664 826 1776 892 fila
1832 825 2108 892 subtilia

559 934 642 1001 ad
683 933 961 1001 modum
1001 937 1296 1027 pilorum
1352 958 1470 1026 per
1521 937 1743 1024 ipsum
1795 943 2100 1001 extensa.

560 1041 634 1107 In
693 1043 1146 1132 quorumdam
1206 1051 1433 1108 autem
1494 1040 1895 1107 animalium
1946 1060 2110 1104 san-

559 1150 762 1239 guine
792 1148 935 1216 haec
973 1171 1112 1215 non
1145 1149 1607 1222 inveniuntur,
1643 1148 1816 1212 sicut
1847 1146 1913 1210 in
1945 1166 2108 1211 san-

558 1264 761 1353 guine
792 1282 1148 1329 cervorum
1181 1267 1246 1325 et
1276 1255 1732 1347 quorumdam
1765 1256 2055 1323 aliorum
2083 1275 2099 1319 ε

559 1378 624 1437 et
673 1369 823 1435 ideo
880 1366 1117 1434 talium
1170 1364 1566 1432 animalium
1621 1365 1899 1453 sanguis
1965 1384 2105 1429 non

558 1472 974 1563 coagulatur.
1031 1470 1106 1537 Si
1157 1479 1388 1538 tamen
1437 1470 1727 1537 multum
1773 1470 2105 1536 terrestris

558 1581 643 1647 sit
671 1579 822 1646 talis
860 1578 1159 1668 sanguis,
1203 1577 1603 1668 coagulatur
1633 1585 1911 1667 propter
1956 1576 2106 1665 pri-

558 1686 901 1752 vationem
933 1682 1359 1751 humiditatis
1388 1705 1538 1773 quae
1569 1690 1672 1752 est
1701 1684 1770 1748 in
1793 1683 1964 1772 ipso.

646 1796 959 1887 Amplius
1007 1804 1234 1863 autem
1272 1780 1666 1862 'intellectus
1718 1795 1782 1860 in
1827 1792 2105 1860 bomine

559 1913 624 1972 et
669 1905 1025 1973 aestimatio
1073 1906 1142 1972 in
1183 1904 1333 1971 aliis
1372 1903 1782 1970 animalibus
1832 1902 2106 1992 puriora

560 2019 716 2077 sunt
755 2018 817 2078 et
854 2010 1160 2084 meliora,
1213 2016 1278 2074 et
1342 2007 1717 2096 impuriora
1765 2014 1833 2074 et
1869 2007 2108 2096 pejora

560 2117 930 2185 secundum
971 2116 1447 2206 dispositiones
1474 2116 1825 2206 sanguinis
1870 2123 1936 2181 et
1983 2113 2103 2181 hu·

563 2228 770 2293 moris
817 2225 930 2315 qui
979 2234 1079 2292 est
1121 2224 1270 2292 loco
1319 2225 1669 2314 sanguinis
1719 2245 1905 2291 :non
1950 2223 2107 2311 qui-

561 2334 714 2400 dem
758 2340 1032 2423 propter
1078 2331 1511 2422 frigiditatem
1551 2330 1929 2420 sanguinis,
1986 2329 2105 2397 sed

562 2450 833 2533 propter
869 2440 1313 2508 subtilitatem
1356 2447 1424 2507 et
1459 2437 1835 2506 claritatem
1893 2438 2104 2528 ipsius

559 2550 889 2637 majorem
923 2558 984 2616 et
1026 2549 1388 2615 minorem.
1429 2546 1818 2614 Subtilitate
1874 2554 2101 2613 autem

560 2667 621 2726 et
653 2658 951 2725 claritate
983 2665 1163 2724 caret
1202 2665 1402 2725 terra.
1456 2665 1733 2746 propter
1762 2654 1945 2745 quod
1974 2662 2104 2722 ter-

561 2775 837 2832 restrem
895 2764 1188 2831 multum
1266 2762 1584 2830 habentia
1666 2763 2097 2852 sanguinem,

557 2874 895 2964 grossiora
925 2880 988 2940 et
1022 2870 1370 2940 hebetiora
1399 2879 1556 2939 sunt
1599 2874 1665 2938 in
1707 2873 2103 2960 conceptio-

560 2980 759 3048 nibus
807 2989 872 3047 et
924 2980 1435 3071 operationibus
1484 2981 1753 3047 animae.
1824 2977 2100 3044 Animal

558 3090 737 3156 enim
806 3087 1064 3156 liabens
1148 3088 1623 3156 humiditatem
1719 3087 2096 3155 naturalem

555 3196 975 3264 subtiliorem
1007 3206 1068 3263 et
1104 3196 1473 3287 puriorem,
1508 3193 1713 3263 habet
1743 3196 2097 3263 meliorem

554 3327 827 3370 sensum
864 3325 879 3370 :
922 3312 1199 3394 propter
1223 3303 1406 3394 quod
1446 3303 1649 3369 etiam
1692 3301 1907 3370 multa
1946 3303 2101 3369 ani-

556 3413 758 3481 malia
804 3415 1099 3482 carentia
1142 3415 1500 3504 sanguine,
1543 3411 1899 3480 subtiliora
1939 3421 2097 3480 sunt

553 3523 621 3589 in
670 3519 1324 3613 apprehensionibus
1363 3518 1787 3588 sensibilium
1839 3528 1906 3588 et
1945 3518 2095 3586 aliis

553 3628 956 3721 quibusdam
987 3626 1497 3719 operationibus
1524 3627 1793 3706 animm,
1820 3626 2098 3717 quibus-

552 3733 705 3800 dam
739 3733 887 3800 aliis
925 3732 1338 3800 animalibus
1385 3731 1789 3816 sanguinem
1834 3729 2098 3798 baben-

552 3839 756 3916 tibus,
808 3840 983 3908 sieut
1030 3839 1352 3918 sormicae,
1405 3845 1470 3905 et
1518 3860 1701 3928 apes,
1746 3846 1807 3904 et
1852 3835 2098 3926 hujus-

552 3944 732 4013 modi
806 3969 820 4012 :
873 3948 1033 4036 quia
1078 3945 1348 4013 bonitas
1406 3944 1798 4032 buJusmodi
1848 3967 2098 4035 appre-

552 4051 984 4131 hensionum,
1018 4053 1189 4121 sicut
1229 4052 1553 4132 diximus,
1585 4074 1721 4118 nun
1777 4059 2096 4119 causatur

550 4185 632 4229 ex
672 4162 888 4230 calido
918 4170 982 4229 et
1013 4161 1282 4252 frigido,
1316 4161 1432 4228 sed
1472 4161 1699 4251 potius
1730 4182 1813 4226 ex
1856 4159 2090 4227 subtili

549 4278 665 4338 aut
694 4271 874 4338 claro
905 4278 1022 4338 aut
1052 4291 1290 4362 grosso
1322 4278 1438 4337 aut
1468 4268 1761 4337 obscuro
1801 4267 2092 4338 humore

551 4376 867 4445 naturali.

636 4494 976 4563 Animalia
1016 4503 1243 4562 autem
1276 4517 1568 4587 quorum
1602 4492 1854 4562 humor
1891 4502 2089 4562 natu-

552 4603 708 4672 ralis
739 4612 838 4672 est
878 4601 1109 4670 multu·
1150 4603 1548 4694 aquositatis
1579 4611 1642 4671 et
1672 4602 1807 4669 citu
1839 4601 2096 4692 infrigi-

551 4711 815 4788 dadilis,
875 4717 1031 4777 sunt
1098 4709 1374 4799 majoris
1439 4710 1932 4786 timon-usitatis,
2011 4729 2093 4775 eo

551 4818 732 4910 quod
782 4818 984 4886 timor
1037 4826 1313 4909 propter
1361 4816 1595 4908 fugam
1635 4819 1990 4908 sanguinis
2028 4824 2094 4884 et

550 4926 792 4994 valoris
831 4932 894 4990 et
925 4925 1199 5015 spiritus
1239 4924 1320 4991 ad
1370 4946 1509 5002 cor,
1555 4923 1896 5013 infrigidat
1935 4946 2094 4992 cor-

551 5057 676 5123 pus
719 5054 735 5098 :
780 5041 846 5099 et
884 5033 938 5098 si
985 5040 1144 5099 tunc
1195 5030 1594 5121 congelatur
1632 5028 1906 5110 humor,
1950 5054 2088 5099 non

547 5141 682 5207 cito
750 5139 916 5207 redit
983 5140 1167 5208 calor
1229 5137 1610 5205 dissolvens
1659 5138 1883 5229 ipsum
1948 5161 1964 5208 :
2023 5146 2090 5208 et

549 5248 699 5315 ideo
732 5247 892 5315 talia
938 5247 1256 5315 animalia
1294 5253 1644 5315 remanent
1687 5244 1801 5312 diu
1854 5246 2088 5314 timida

547 5364 614 5423 et
655 5355 1028 5422 immobilia
1081 5377 1097 5422 :
1155 5362 1218 5422 et
1267 5353 1418 5423 ideo
1467 5352 1719 5421 animal
1749 5354 1942 5443 cujus
1972 5375 2090 5423 cor

547 5464 702 5532 talis
732 5470 830 5530 est
860 5461 1377 5553 complexionis,
1412 5462 1543 5530 boc
1572 5470 1697 5539 est,
1731 5460 1991 5553 frigidae
2022 5469 2089 5530 et

544 5567 841 5638 humida>
871 5590 1174 5659 aquosae,
1206 5569 1462 5658 patitur
1507 5588 1686 5658 saepe
1735 5589 1818 5634 ex
1858 5566 2089 5658 quali-

545 5677 657 5745 bet
705 5677 839 5745 levi
888 5676 1243 5744 occasione
1271 5675 1404 5744 tale
1442 5675 1708 5743 timoris
1747 5675 2081 5758 accidens,

1556 332 1636 399 l).
1690 332 1889 400 ΑΕΒ.
1944 332 2162 401 MAG.
2216 331 2420 401 ORD.
2476 324 2769 400 PRAED.

2218 506 2406 595 Aqua
2446 509 2625 574 enim
2667 507 2907 599 frigida
2947 509 3283 598 praecipue
3315 508 3578 574 viscosa
3625 513 3759 577 cito

2211 615 2608 705 congelatur
2649 638 2663 682 ε
2701 624 2975 706 propter
3022 614 3207 706 quod
3248 618 3455 682 etiam
3508 618 3765 684 animai

2213 743 2446 787 carens
2478 724 2832 811 sanguine,
2869 724 3147 811 majoris
3188 730 3286 790 est
3322 724 3590 789 timoris
3623 725 3766 789 ani-

2212 827 2371 893 mali
2413 825 2688 894 habenti
2720 832 3121 919 sanguinem
3159 853 3173 895 :
3213 832 3302 897 ita
3336 831 3524 921 quod
3554 831 3761 897 etiam

2213 935 2374 1002 talia
2425 936 2743 1002 animalia
2798 939 3109 1004 timentia
3157 938 3759 1017 immobilitantur,

2212 1042 2304 1107 ita
2353 1041 2534 1131 quod
2592 1063 2727 1107 non
2778 1051 3163 1118 moventur,
3229 1044 3357 1109 nisi
3412 1045 3761 1113 modicum

2209 1160 2486 1239 propter
2524 1151 2764 1217 fortem
2805 1153 3190 1240 passionem
3226 1161 3289 1218 et
3340 1153 3764 1244 congelatio-

2210 1281 2366 1326 nem
2407 1259 2693 1327 timoris.
2740 1258 3067 1337 Quaedam
3107 1263 3311 1327 etiam
3347 1261 3588 1328 talium
3622 1265 3767 1329 ani-

2211 1365 2493 1433 malium
2551 1368 2879 1457 sanguine
2929 1370 3305 1436 carentium
3365 1369 3436 1436 in
3513 1371 3759 1439 timore

2209 1475 2598 1548 constituta,
2636 1480 2903 1540 mutant
2932 1474 3197 1542 colores
3229 1498 3391 1542 suos
3423 1499 3509 1543 ex
3541 1477 3760 1544 multa

2210 1575 2640 1647 destitutione
2689 1582 3099 1648 exteriorum
3149 1605 3188 1649 a
3238 1581 3464 1651 calore
3509 1591 3575 1652 et
3615 1585 3756 1674 spi-

2211 1686 2365 1752 ritu.

2296 1792 2609 1882 Amplius
2641 1801 2864 1860 autem
2893 1794 3263 1884 aliquando
3295 1805 3453 1864 sunt
3484 1799 3555 1863 in
3594 1820 3758 1864 san-

2209 1900 2413 1987 guine
2516 1900 2898 1989 aliquorum
2987 1903 3391 1969 animalium
3470 1926 3760 1993 corpora

2209 2027 2417 2095 parva
2448 2006 2529 2073 ad
2564 2007 2842 2074 modum
2877 2007 3169 2096 pilorum
3203 2033 3322 2099 per
3351 2014 3759 2101 sanguinem

2210 2122 2510 2193 extensa,
2562 2121 2625 2181 et
2674 2113 2814 2180 baec
2856 2124 3242 2183 terrestrem
3300 2115 3554 2184 babent
3594 2140 3761 2183 san-

2207 2222 2508 2311 guinem,
2544 2223 2659 2312 qui
2690 2245 2841 2289 cum
2882 2222 3124 2299 calefit,
3178 2224 3295 2291 diu
3333 2225 3533 2292 valde
3574 2233 3757 2292 tenet

2206 2329 2501 2398 calorem
2538 2353 2553 2397 ε
2589 2341 2655 2399 et
2695 2330 2841 2398 ideo
2892 2328 3035 2400 haec
3072 2332 3368 2400 multum
3409 2343 3570 2402 sunt
3617 2336 3759 2401 ira-

2205 2438 2450 2515 cunda,
2486 2447 2551 2507 et
2581 2439 2694 2505 diu
2727 2441 2895 2506 iram
2926 2441 3311 2518 retinentia,
3348 2450 3417 2509 et
3445 2451 3606 2510 sunt
3640 2466 3759 2510 au·

2207 2546 2398 2613 dacia
2466 2568 2480 2612 :
2551 2546 2894 2613 iracundia
2950 2549 3133 2614 enim
3186 2558 3419 2617 movet
3457 2549 3755 2618 calorem

2206 2661 2482 2744 propter
2526 2654 2837 2721 vindic-tte
2894 2658 3298 2745 appetitum,
3345 2658 3412 2723 in
3465 2680 3601 2748 quo
3645 2682 3759 2725 se-

2206 2761 2503 2829 cundum
2550 2761 2903 2829 diastolem
2955 2785 3071 2830 cor
3139 2772 3459 2832 movetur
3525 2766 3758 2833 exsuf-

2206 2871 2377 2937 ssans
2414 2893 2497 2937 ex
2526 2895 2595 2938 se
2644 2870 2937 2939 calorem
2968 2880 3030 2939 et
3062 2875 3471 2963 sanguinem
3513 2882 3578 2942 et
3609 2875 3757 2965 spi-

2205 2979 2433 3045 ritum.
2490 2977 2784 3067 Sanguis
2840 2988 3069 3046 autem
3129 2980 3281 3047 talis
3339 2981 3456 3048 diu
3517 2981 3756 3060 fervet,

2205 3086 2361 3176 quia
2416 3088 2857 3153 terrestreitas
2906 3095 3088 3154 tenet
3137 3086 3438 3156 calorem
3498 3087 3758 3157 diutius

2204 3218 2408 3284 quam
2437 3217 2630 3285 aqua·
2672 3193 3041 3262 humiditas
3087 3219 3102 3263 ε
3139 3196 3354 3265 lilaria
3385 3199 3571 3265 enim
3611 3221 3762 3266 cor-

2200 3323 2365 3391 pora
2415 3302 2751 3369 terrestria
2812 3324 2963 3392 quae
3010 3314 3162 3370 sunt
3226 3305 3293 3394 in
3335 3304 3576 3372 talium
3606 3306 3760 3372 ani-

2202 3407 2482 3475 malium
2520 3409 2876 3499 sanguine,
2927 3408 3317 3477 efficiuntur
3365 3413 3541 3479 sicut
3598 3435 3754 3479 car-

2200 3514 2413 3583 bones
2444 3517 2619 3606 ignis
2666 3524 2970 3606 tempore
3015 3517 3383 3586 iracundia:
3420 3540 3437 3587 ε
3491 3528 3558 3588 et
3605 3520 3753 3589 haec

2199 3632 2298 3692 est
2337 3646 2539 3691 causa
2585 3623 2743 3692 dicti
2782 3623 3108 3715 vulgaris,
3155 3626 3341 3717 quod
3401 3636 3636 3696 taurus
3687 3636 3753 3697 et

2198 3754 2441 3824 porcus
2479 3731 2674 3799 valde
2702 3740 2859 3800 sunt
2900 3734 3223 3801 iracunda
3281 3736 3635 3821 animalia,
3679 3746 3745 3806 et

2200 3839 2582 3913 indiscreta,
2640 3848 2702 3906 et
2758 3837 3038 3908 ferventi
3086 3844 3182 3908 ira
3231 3862 3248 3907 τ
3302 3864 3386 3910 eo
3438 3843 3625 3934 quod
3686 3846 3754 3911 in

2198 3946 2643 4036 sanguinibus
2673 3968 2910 4014 eorum
2942 3945 3153 4013 multa
3196 3946 3358 4015 talia
3399 3957 3558 4016 sunt
3601 3947 3757 4016 lila-

2200 4055 2297 4121 ria
2363 4076 2671 4145 corpora.
2742 4061 2808 4122 et
2875 4054 3210 4144 praecipue
3288 4056 3357 4121 in
3421 4057 3755 4146 sanguine

2201 4164 2397 4230 tauri.
2439 4163 2649 4250 Cujus
2678 4165 2950 4251 signum
2982 4168 3107 4234 est,
3143 4161 3327 4252 quod
3361 4162 3563 4228 citius
3592 4185 3757 4231 eon-

2199 4270 2464 4362 gelatur
2500 4273 2687 4339 omni
2735 4271 2869 4339 alio
2917 4270 3251 4362 sanguine
3314 4293 3329 4338 :
3374 4278 3439 4338 et
3469 4271 3750 4361 quando

2201 4381 2345 4447 istae
2393 4388 2614 4471 partes
2660 4402 2781 4471 per
2824 4378 3235 4448 colationem
3295 4378 3754 4447 extrahuntur

2199 4512 2239 4557 a
2302 4490 2657 4580 sanguine,
2718 4510 2856 4556 non
2922 4487 3326 4578 congelatur
3391 4490 3679 4557 omnino
3728 4510 3745 4556 :

2200 4619 2355 4687 pars
2405 4597 2585 4664 enim
2642 4594 2975 4664 terrestris
3031 4616 3117 4661 ex
3179 4592 3469 4662 humido
3527 4616 3750 4685 aqueo

2199 4712 2521 4784 extracta,
2562 4702 2714 4771 facit
2746 4701 2933 4792 quod
2960 4699 3321 4769 humidum
3351 4708 3591 4792 postea
3624 4717 3754 4771 ne··-

2199 4831 2331 4901 que
2358 4807 2790 4898 adjuvabitur
2817 4828 3038 4897 neque
3078 4807 3553 4876 exsiccabitur.
3610 4807 3752 4878 Lu-

2197 4924 2343 4984 tum
2383 4937 2548 4983 vero
2603 4912 2961 4981 humidum
3017 4912 3211 4980 facile
3264 4914 3670 5005 congelatur
3706 4936 3746 4982 a

2195 5023 2443 5114 frigore
2477 5042 2494 5089 ε
2528 5022 2853 5112 quoniam
2892 5041 3049 5091 cum
3089 5043 3214 5111 per
3255 5020 3473 5112 frigus
3512 5023 3748 5112 expri-

2195 5135 2403 5201 mitur
2429 5138 2496 5198 et
2525 5131 2885 5222 expellitur
2907 5153 2992 5199 ex
3021 5133 3168 5222 ipso
3217 5130 3545 5211 calidum,
3595 5134 3747 5202 exi-

2193 5242 2291 5309 bit
2320 5263 2475 5308 cuin
2504 5241 2727 5309 calore
2768 5239 3154 5318 humidum,
3188 5239 3376 5331 quod
3406 5249 3511 5308 est
3554 5241 3748 5310 calo-

2195 5351 2286 5416 ris
2314 5347 2691 5436 subjectum
2734 5370 2751 5416 :
2787 5358 2852 5417 et
2881 5357 3043 5416 tunc
3080 5354 3348 5416 constat
3379 5355 3447 5417 et
3494 5372 3745 5442 conge-

2191 5460 2372 5528 latur
2414 5467 2725 5528 terrestre
2773 5459 3055 5538 siccum,
3098 5457 3275 5526 sicut
3319 5457 3622 5527 diximus
3670 5461 3739 5529 in

2187 5568 2381 5637 libris
2436 5566 2843 5635 antehabitis
2886 5564 3337 5650 naturalibus,
3379 5574 3447 5636 et
3493 5571 3740 5658 praeci-

2189 5700 2322 5770 pue
2361 5680 2431 5746 in
2477 5683 2720 5768 quarto
2767 5678 3251 5745 Meu-erorum.
3315 5674 3483 5745 Haec
3530 5677 3740 5768 igitur
