4919 6371
531 327 570 390 Γ»
1523 328 1608 393 D.
1660 325 1858 391 ALB.
1911 320 2127 386 MAG.

535 496 915 586 discrepant
952 498 1035 565 ab
1076 499 1303 588 aquila
1342 506 1409 564 et
1443 517 1635 560 mure
1665 500 1731 557 et
1767 489 2068 556 homine.

536 601 622 684 Et
648 600 778 670 hoc
825 613 927 671 est
971 605 1342 671 secundum
1381 600 1824 689 quantitatem
1870 593 2078 659 conti-

540 731 747 776 nuam
782 734 797 777 ε
828 710 1199 779 secundum
1230 715 1456 772 autem
1481 704 1924 792 quantitatem
1944 700 2078 767 dis-

538 826 791 885 cretam
848 839 997 907 quae
1042 824 1144 882 est
1208 833 1528 877 numerus
1585 808 2075 889 membrorum,

538 925 1047 993 communicant
1090 925 1383 1008 pennata
1419 917 1635 984 multa
1667 940 1819 985 cum
1848 915 2079 983 homi—

539 1057 624 1101 ne
652 1035 722 1100 in
752 1050 1038 1098 numero
1097 1025 1370 1115 pedum,
1413 1035 1480 1094 et
1508 1025 1827 1094 differunt
1855 1027 1924 1092 in
1959 1046 2080 1091 eo-

538 1143 695 1208 dem
720 1163 761 1205 a
789 1135 1154 1226 generibus
1183 1144 1674 1204 aranearum-et
1700 1133 2072 1201 vermium:

538 1245 863 1335 quoniam
896 1242 1206 1332 quaedam
1254 1243 1526 1311 illorum
1573 1240 1827 1308 habent
1877 1237 2080 1325 pedes

538 1359 716 1430 octo,
743 1349 1052 1440 quaedam
1073 1350 1331 1428 decem,
1367 1356 1434 1415 et
1463 1346 1770 1437 quaedam
1801 1364 1941 1410 sex.

631 1458 1015 1526 Secundum
1064 1459 1461 1547 qualitatem
1528 1461 1756 1520 autem
1829 1472 2084 1518 conve-

543 1569 741 1653 niunt
804 1576 871 1634 et
916 1565 1235 1634 differunt
1298 1565 1368 1628 in
1431 1562 1681 1639 colore,
1729 1568 1796 1626 et
1827 1559 2083 1626 caeteris

546 1673 982 1765 qualitatibus
1014 1694 1165 1762 quae
1211 1678 1370 1737 sunt
1396 1671 1745 1759 passiones
1783 1674 1898 1735 aut
1925 1689 2085 1757 pas-

544 1780 775 1856 sibiles
802 1778 1186 1869 qualitateS,
1228 1782 1345 1843 aut
1390 1774 1730 1842 naturales
1768 1772 2083 1863 potentiae

543 1888 652 1955 vel
691 1887 1109 1976 impotentiae
1146 1883 1614 1951 membrorum
1649 1905 1664 1949 :
1697 1884 1872 1950 sicut
1915 1880 2085 1948 dici-

544 2017 700 2062 mus
729 1994 997 2061 leonem
1027 2013 1175 2060 esse
1213 1990 1447 2060 calidae
1475 1993 1721 2069 carnia,
1764 1998 1830 2057 et
1868 1990 2084 2079 pisces

541 2124 685 2169 esse
715 2101 1027 2169 carnium
1058 2099 1482 2189 frigidarum.
1536 2142 1541 2147 ·

548 2262 555 2265 .
626 2207 707 2275 In
728 2208 865 2275 situ
884 2206 1090 2275 etiam
1113 2205 1190 2274 sit
1207 2201 1606 2293 hujusmodi
1618 2202 2035 2292 comparatio
2062 2215 2078 2259 ε

540 2314 723 2388 sicut
777 2313 1067 2383 dicimus
1115 2309 1723 2380 communicantias
1776 2330 1922 2375 esse
1957 2306 2088 2375 ele-

529 2422 816 2513 phantis
838 2429 910 2489 et
937 2419 1150 2487 simiae
1180 2426 1251 2486 et
1274 2416 1596 2498 hominis,
1626 2416 1699 2484 in
1734 2414 1869 2485 hoc
1902 2413 2086 2505 quod

542 2525 865 2596 mamillae
893 2546 1132 2593 eorum
1169 2530 1331 2590 sunt
1365 2522 1436 2590 in
1474 2520 1859 2613 pectoribus
1894 2521 2086 2611 ipso-

546 2655 699 2699 rum
733 2654 750 2700 2
783 2639 852 2700 et
889 2631 962 2698 in
1010 2629 1252 2698 eodem
1287 2628 1666 2718 discrepant
1701 2649 1743 2695 a
1779 2648 1984 2695 vacca
2020 2635 2087 2697 et

545 2759 749 2828 capra
808 2745 881 2806 et
936 2758 1091 2815 ove,
1134 2757 1287 2825 quae
1341 2732 1596 2803 habent
1638 2755 1753 2801 eas
1815 2734 1975 2800 sitas
2014 2734 2086 2801 in

543 2845 904 2936 posteriori
954 2850 1160 2933 parte
1215 2840 1471 2911 ventris
1523 2839 1657 2920 sub,
1703 2841 1892 2908 coxis
1932 2860 1948 2906 :
2019 2848 2085 2907 et

546 2958 913 3040 utrumque
950 2946 1454 3017 horum'diss'ert
1498 2967 1741 3014 acane
1790 2952 1859 3012 et
1890 2944 2079 3035 lupo,

544 3057 656 3148 qui
689 3079 810 3147 per
847 3062 1060 3124 totam
1110 3051 1367 3121 ventris
1408 3050 1904 3143 longitudinem
1957 3049 2086 3119 ha-

544 3162 708 3232 bent
745 3164 909 3231 sitas
937 3182 1301 3229 mammas.

538 3324 557 3330 Β
636 3268 1071 3360 Comparatio
1100 3268 1309 3336 etiam
1336 3265 1483 3336 haec
1509 3266 1587 3334 fit
1620 3266 1693 3335 in
1738 3264 2087 3335 membro-

549 3401 702 3445 rum
739 3377 1007 3446 actione
1039 3396 1057 3442 :
1091 3373 1265 3444 sicut
1299 3373 1683 3464 discrepant
1719 3371 1993 3462 elephas
2022 3379 2090 3439 et

550 3509 766 3578 equus
802 3485 876 3553 in
911 3484 1048 3553 hoc
1092 3483 1279 3575 quod
1312 3480 1586 3572 elephas
1622 3487 1882 3573 pugnat
1925 3502 2088 3549 aure

549 3616 698 3675 sua,
739 3600 808 3662 et
844 3599 1031 3660 tenet
1072 3589 1259 3680 quod
1300 3589 1570 3679 accipit,
1603 3609 1791 3667 nare,
1837 3586 1909 3655 id
1959 3594 2086 3666 est,

549 3699 735 3767 naris
779 3695 1181 3788 proboscide
1213 3717 1230 3763 ε
1266 3693 1452 3785 quod
1493 3715 1636 3761 non
1679 3691 1838 3763 facit
1874 3714 2091 3782 equus

549 3827 715 3874 aure
739 3811 809 3874 et
834 3825 999 3873 nare
1024 3824 1151 3871 sua
1182 3824 1205 3872 :
1237 3810 1307 3872 et
1352 3801 1526 3871 sicut
1549 3821 1756 3870 vacca
1804 3798 2092 3890 agrestis

550 3933 703 4002 quae
738 3915 999 4001 pugnat
1033 3929 1169 3977 ano
1210 3930 1332 3999 per
1376 3906 1813 3977 emissionem
1846 3913 2095 3975 sterco-

549 4017 666 4093 ris,
701 4014 889 4106 quod
925 4036 1066 4083 non
1092 4012 1255 4083 facit
1281 4012 1514 4082 asinus
1541 4019 1607 4080 et
1645 4011 1781 4081 leo.

640 4121 720 4190 ln
748 4121 1064 4211 passione
1093 4126 1323 4188 autem
1358 4118 1439 4188 fit
1476 4115 1874 4205 hujusmodi
1908 4137 2096 4185 com-

553 4229 841 4321 paratio,
871 4227 1049 4296 sicut
1089 4226 1162 4294 in
1201 4224 1418 4295 oculis
1444 4222 1705 4294 herodii
1734 4230 1804 4294 et
1827 4246 2097 4314 vesper-

553 4336 810 4406 tilionis
845 4357 862 4403 :
897 4334 1013 4425 qui
1044 4333 1424 4424 discrepant
1454 4334 1524 4401 in
1551 4332 1860 4422 passione
1898 4329 2095 4398 iumi-

556 4445 663 4514 nis
698 4442 964 4512 solaris.
1014 4441 1104 4510 Et
1127 4462 1336 4531 penes
1365 4439 1584 4509 dictos
1630 4438 1870 4508 modos
1922 4436 2096 4506 mul-

556 4551 768 4642 tiplex
786 4556 888 4618 est
920 4548 1336 4638 comparatio
1374 4546 1445 4620 in
1470 4545 1798 4617 membris
1834 4546 2096 4614 anima-

553 4660 750 4729 lium.
794 4655 910 4725 Sic
934 4657 1119 4725 enim
1144 4654 1461 4736 dicimus,
1481 4652 1670 4747 quod
1693 4674 1851 4723 caro
1896 4652 2097 4720 unius

557 4764 871 4835 animalis
890 4762 1305 4834 assimilatur
1320 4763 1458 4832 ossi
1477 4762 1756 4832 alterius
1782 4782 1805 4829 ε
1833 4767 1901 4829 et
1925 4762 2100 4829 sicut

562 4883 665 4942 est
700 4875 771 4941 in
797 4870 1128 4963 partibus,
1171 4870 1265 4938 ita
1294 4876 1393 4939 est
1439 4871 1511 4938 in
1547 4877 1693 4939 toto
1728 4890 1745 4936 ε
1779 4868 1950 4937 sicut
1985 4866 2097 4934 ‹li-

562 4982 805 5059 cimus,
839 4978 1028 5070 quod
1067 5000 1286 5068 equus
1313 4976 1724 5047 assimilatur
1766 4999 1967 5067 equo.
2016 4973 2103 5042 Et

562 5086 878 5158 similiter
925 5082 1461 5175 unumquodque
1493 5082 1679 5175 quod
1723 5091 1826 5152 est
1870 5081 1952 5151 de
1982 5104 2106 5149 nu-

566 5214 755 5262 mero
806 5190 1097 5260 aliorum
1135 5212 1464 5280 generum
1499 5189 1898 5258 animalium
1935 5211 2106 5257 con-

564 5299 987 5368 venientium
1043 5298 1118 5365 in
1153 5296 1375 5366 forma
1414 5320 1554 5366 una
1605 5303 1675 5367 et
1709 5297 1979 5387 specie:
2041 5304 2108 5363 ct

564 5405 698 5475 hoc
761 5411 890 5489 est,
948 5406 1123 5473 sicut
1177 5403 1498 5484 diximus,
1556 5402 1769 5495 quod*
1804 5425 1954 5493 quae
2009 5411 2108 5471 est

2180 320 2383 386 ORD.
2442 324 2736 392 PRAED.

2264 485 2350 551 Et
2387 490 2695 574 quaedam
2727 515 2868 558 non
2895 505 3055 561 sunt
3095 501 3572 568 convenientia
3611 500 3737 566 sibi

2178 590 2548 657 secundum
2580 592 2756 660 hanc
2785 596 3303 684 dispositionem
3345 607 3640 693 partium
3675 614 3740 671 et

2178 697 2410 776 totiuS,
2443 707 2511 765 et
2539 708 2699 766 tunc
2726 700 3083 768 diversitas
3112 706 3254 770 sive
3287 708 3738 800 discrepantia

2179 808 2469 895 partium
2506 817 2605 877 est
2648 810 3017 901 aliquando
3047 835 3256 902 penes
3288 830 3732 904 augmentum

2182 926 2248 983 et
2277 917 2800 987 diminutionem
2832 922 3301 989 membrorum
3333 945 3486 1012 quae
3520 930 3737 993 sumi-

2182 1032 2291 1092 tur
2317 1050 2456 1094 non
2496 1029 2772 1116 quidem
2813 1032 2884 1096 in
2939 1056 3079 1099 una
3121 1036 3346 1123 specie
3395 1036 3732 1113 animaliS,

2182 1133 2301 1198 sed
2343 1136 2412 1199 in
2450 1156 2588 1201 uno
2628 1158 2879 1224 genere
2935 1142 3312 1206 communi.
3355 1142 3581 1208 Genus
3626 1164 3742 1207 au-

2184 1245 2320 1303 tem
2351 1236 2526 1317 dien,
2556 1242 2731 1306 sicut
2751 1243 2983 1307 avium
3008 1266 3248 1331 genuS,
3268 1256 3388 1313 aut
3408 1250 3734 1336 piscium:

2185 1344 2510 1433 quoniam
2536 1354 2906 1435 utrumque
2931 1348 3215 1414 istorum
3241 1353 3544 1419 continet
3570 1355 3742 1419 mul·

2183 1457 2253 1515 ta
2281 1449 2351 1516 in
2407 1472 2479 1518 se
2530 1473 2786 1541 genera
2822 1451 3216 1521 subalterna
3244 1462 3312 1521 et
3347 1459 3628 1544 species.
3664 1458 3740 1525 In

2186 1554 2425 1621 avibus
2492 1557 2675 1622 enim
2717 1566 2877 1624 sunt
2932 1558 3165 1626 multae
3194 1560 3455 1648 species
3485 1561 3743 1628 reduci-

2183 1660 2354 1729 biles
2385 1662 2455 1727 in
2483 1685 2702 1729 unum
2732 1686 2976 1753 genus,
3012 1666 3197 1754 quod
3234 1667 3469 1733 avium
3522 1667 3741 1755 subji-

2185 1769 2357 1837 citur
2410 1769 2641 1858 generi
2721 1791 2737 1834 :
2811 1762 2879 1836 et
2933 1771 3002 1836 in
3060 1773 3360 1859 piscibus
3400 1773 3734 1852 similiter,

2186 1877 2357 1942 sicut
2384 1874 2585 1963 piscis
2616 1897 3051 1965 squamosus,
3086 1878 3203 1967 qui
3245 1879 3496 1945 multas
3535 1878 3740 1948 hahet

2185 1983 2467 2072 species,
2517 2005 2674 2051 cum
2716 1992 2948 2052 tamen
2993 1985 3120 2054 sub
3161 2009 3413 2076 genere
3451 1988 3740 2076 piscium

2184 2092 2632 2158 contineatur.
2667 2091 2933 2159 Horum
2966 2094 3149 2161 enim
3196 2094 3508 2161 omnium
3540 2118 3744 2183 gene·

2187 2219 2337 2262 rum
2370 2204 2515 2263 tota
2553 2197 2918 2265 multitudo
2959 2198 3431 2267 membrorum
3467 2198 3748 2267 diversi-

2185 2300 2421 2370 ficatur
2449 2323 2568 2392 per
2596 2305 3107 2372 convenientias
3138 2313 3207 2372 et
3234 2306 3743 2372 contrarietates

2181 2408 2700 2498 proprietatum,
2752 2434 2904 2501 quae
2939 2419 3102 2479 sunt
3140 2413 3210 2478 in
3257 2414 3380 2490 eis,
3414 2412 3591 2480 sicut
3644 2412 3739 2479 di-

2184 2518 2431 2597 ximus,
2477 2519 2651 2588 sicut
2685 2542 2809 2609 per
2854 2520 3333 2590 calorem-aut
3382 2522 3673 2612 liguram
3717 2543 3733 2588 :

2183 2625 2330 2696 haec
2362 2629 2547 2696 enim
2584 2630 3007 2698 conveniunt
3043 2629 3454 2720 quibusdam
3504 2652 3742 2699 secun-

2185 2732 2346 2800 dum
2379 2737 2620 2825 magiS,
2656 2743 2724 2802 et
2752 2736 3160 2827 quibusdam
3199 2737 3578 2804 secundum
3606 2722 3735 2803 mi*-

2184 2862 2312 2909 nus
2353 2864 2370 2909 ε
2404 2841 2947 2911 diversificantur
2974 2844 3177 2911 etiam
3209 2844 3282 2910 in
3320 2842 3528 2912 bisin
3570 2843 3744 2910 mul-

2182 2948 2470 3015 titudine
2497 2956 2565 3016 et
2581 2950 2923 3038 paucitate
2967 2958 3037 3018 et
3071 2952 3405 3041 parvitate
3442 2959 3509 3020 et
3546 2974 3747 3041 mag-

2185 3051 2494 3121 nitudine
2542 3076 2558 3120 :
2610 3061 2679 3121 et
2726 3063 2805 3123 ut
2840 3054 3317 3124 universaliter
3347 3055 3633 3137 dicatur,
3676 3059 3746 3124 in

2186 3169 2554 3252 augmento
2592 3169 2661 3232 et
2687 3160 3144 3232 diminutione
3173 3185 3315 3232 sum
3347 3164 3745 3254 quantitatis

2185 3268 2523 3336 continuae
2552 3277 2621 3337 et
2655 3269 2988 3339 discretae.
3026 3269 3100 3337 Si
3127 3271 3312 3338 enim
3344 3269 3744 3359 qualitatem

2188 3373 2434 3444 horum
2472 3376 2931 3461 attendamus,
2964 3377 3277 3468 quaedam
3317 3386 3479 3445 sunt
3518 3377 3744 3445 mollis

2188 3485 2432 3562 carnis,
2456 3491 2525 3552 et
2561 3484 2873 3574 quasdam
2904 3484 3091 3562 durae
3135 3485 3358 3553 carnis
3393 3509 3409 3555 ε
3454 3486 3627 3554 sicut
3677 3494 3746 3555 et

2187 3587 2258 3656 in
2302 3589 2468 3678 ipsis
2530 3587 2861 3666 memhris
2899 3589 3211 3680 quasdam
3257 3599 3421 3658 sunt
3476 3589 3741 3670 mollia,

2189 3701 2257 3765 et
2293 3694 2604 3786 quisdam
2642 3695 2841 3777 dura,
2874 3702 2944 3765 et
2981 3695 3296 3787 quaedam
3326 3695 3636 3776 humida,
3679 3703 3746 3765 et

2190 3801 2498 3893 quadam
2527 3801 2728 3880 sicca,
2763 3811 2832 3872 et
2867 3802 3102 3873 multae
3138 3811 3300 3872 sunt
3337 3803 3489 3872 aliae
3527 3803 3750 3897 diver-

2192 3910 2422 3977 sitates
2468 3908 2968 3990 membrorum,
3027 3933 3198 4001 quas
3255 3911 3324 3978 in
3401 3912 3751 3978 anatomia

2193 4013 2470 4083 inferius
2523 4036 2981 4104 exsequemur
3024 4038 3040 4084 :
3085 4017 3261 4084 sicut
3322 4014 3510 4104 quod
3556 4038 3748 4106 quae-

2192 4118 2350 4189 dam
2412 4118 2735 4188 animalia
2807 4119 3068 4189 hahent
3113 4122 3364 4211 picam,
3425 4123 3569 4189 sive
3635 4144 3752 4190 ro-

2192 4234 2436 4312 strum,
2468 4235 2538 4297 et
2564 4226 2881 4318 quaedam
2937 4249 3101 4296 non.
3146 4225 3479 4307 Quaedam
3518 4236 3747 4296 autem

2194 4335 2591 4404 habentium
2633 4334 2892 4424 picam,
2951 4332 3206 4403 habent
3268 4357 3421 4403 eam
3470 4334 3748 4426 longam

2195 4443 2368 4512 sicut
2391 4440 2654 4511 ciconia
2686 4461 2704 4508 ε
2738 4447 2806 4510 et
2834 4441 3147 4531 quaedam
3176 4439 3433 4510 habe'nt
3470 4442 3747 4511 brevem

2194 4547 2416 4627 valde,
2455 4548 2630 4617 sicut
2657 4549 3005 4639 psittacus.
3039 4547 3126 4616 Et
3161 4547 3476 4639 quaedam
3495 4547 3750 4617 habent

2199 4654 2444 4724 multas
2498 4654 2794 4745 plumas,
2846 4656 3025 4724 sicut
3067 4653 3413 4722 falconum
3444 4677 3746 4746 genera:

2198 4771 2263 4830 ct
2292 4760 2604 4854 quaedam
2632 4783 2911 4852 paucas,
2940 4761 3116 4831 sicut
3142 4759 3461 4830 struthio.
3488 4761 3573 4829 Et
3600 4762 3751 4831 uni-

2200 4869 2549 4941 versaliter
2611 4867 2927 4960 quaedam
2985 4867 3241 4938 habent
3290 4868 3425 4937 alia
3490 4877 3559 4939 et
3621 4868 3754 4936 alia

2201 4973 2511 5047 membra
2537 4973 2622 5042 ab
2660 4974 2956 5043 invicem
3001 4974 3183 5044 :hoc
3227 4975 3413 5044 enim
3473 4975 3756 5043 manife-

2202 5091 2383 5152 stum
2412 5080 2621 5152 estad
2640 5102 2949 5161 sensum,
2972 5081 3157 5172 quod
3169 5082 3484 5173 quaedam
3502 5080 3758 5150 habent

2203 5190 2436 5260 cristas
2455 5189 2684 5280 galeas
2704 5210 2826 5279 pro
2863 5186 3077 5279 galeis
3103 5189 3176 5256 in
3215 5188 3551 5279 capitibus
3580 5187 3747 5269 suis,

2205 5299 2380 5365 sicut
2430 5294 2653 5386 gallus
2701 5301 2769 5363 et
2804 5293 3080 5385 *gallina
3114 5317 3130 5362 :
3163 5302 3232 5364 et
3275 5295 3592 5386 quaedam
3615 5316 3757 5362 non

2209 5400 2486 5484 hahent,
2517 5401 2692 5469 sicut
2719 5399 2976 5491 aquila,
3004 5407 3072 5468 et
3097 5399 3316 5474 multa
3345 5400 3480 5469 alia
3507 5422 3762 5493 genera

567 5507 1061 5579 convenientia.
1118 5508 1194 5578 in
1246 5531 1247 5534 ¹
1280 5506 1633 5598 partibus„
1662 5504 1980 5576 omnibus
2044 5514 2112 5574 ct
2211 5503 2467 5572 avium.
2507 5500 2596 5571 Et
2632 5501 2949 5593 quaedam
2973 5501 3232 5584 habent
3250 5506 3472 5573 crines
3502 5512 3570 5572 et
3606 5508 3766 5571 sunt

570 5613 1045 5704 discrepantia,
1087 5611 1324 5690 eadem
1342 5607 1454 5692 ,cst
1480 5613 1648 5682 etin
1675 5620 1843 5681 toto·

2088 5675 2089 5678 ,
2212 5611 2497 5691 hirsuta,
2530 5619 2599 5679 et
2635 5609 2951 5701 quaedam
2978 5632 3143 5679 non.
3176 5610 3265 5681 Et
3303 5611 3617 5703 quaedam
3646 5608 3767 5677 ha-
