4919 6371
2003 459 2171 533 LIB.
2224 463 2253 531 1
2302 466 2419 534 DE
2465 469 3055 567 ANIMALIBUS,
3106 489 3421 565 TRAC'P.
3476 499 3572 565 111
4254 522 4382 592 147

2795 654 2904 713 tur
2958 660 3308 744 superflua
3357 672 3734 755 quantitate
3791 690 4073 770 propter
4129 694 4381 760 conti-

2793 774 2963 824 nuas
3012 762 3157 850 ejus
3202 766 3522 841 diastoles
3567 785 3634 843 et
3680 784 3996 868 systoles.
4040 791 4356 866 Tertium

2788 871 3018 935 autem
3094 884 3197 943 est
3251 882 3434 969 quod
3476 890 4039 976 proportionetur
4083 903 4346 990 pectori

2788 976 2855 1036 et
2880 975 3223 1064 pulmoni,
3257 994 3334 1054 ut
3350 988 3438 1055 sit
3464 998 3654 1061 tanta
3673 996 3821 1082 ejus
3843 1021 4168 1075 mensura
4194 1032 4355 1100 quae

2783 1085 2851 1144 et
2886 1081 2957 1149 in
2994 1097 3267 1173 pectore
3313 1097 3462 1164 sine
3501 1102 3762 1171 ossium
3800 1105 4081 1182 laesione
4125 1121 4348 1206 possit

2779 1183 3012 1270 locari,
3057 1204 3193 1265 eta
3235 1200 3562 1289 pulmone
3610 1210 4025 1287 sufficienter
4051 1235 4343 1296 eventa-

2777 1292 2857 1357 ri.
2891 1293 2997 1363 Ex
3032 1297 3141 1370 his
3190 1305 3405 1377 tribus
3452 1319 3916 1406 consequitur,
3965 1330 4156 1415 quod
4195 1355 4337 1403 non

2773 1398 2868 1464 sit
2894 1423 3165 1495 magnae
3224 1418 3621 1503 quantitatis
3661 1432 3729 1492 et
3764 1432 4154 1517 superssuae.
4207 1439 4350 1510 Lo-

1666 1482 1961 1556 CAPUT
2007 1489 2128 1556 lV.
2530 1530 2538 1536 ·
2770 1515 2964 1576 catur
3000 1522 3233 1585 autem
3290 1521 3361 1589 in
3408 1522 3561 1595 loco
3601 1529 3816 1617 ipsius
3865 1536 3999 1607 alte
4037 1542 4126 1609 ab
4156 1548 4344 1616 ossi-

2764 1611 2922 1699 bus,
2948 1641 3032 1688 ne
3063 1629 3245 1694 tactu
3283 1628 3454 1699 duro
3492 1635 3566 1700 in
3595 1645 4155 1725 percussionibus
4183 1656 4330 1725 suis

2761 1721 3075 1794 laedatur.
3104 1730 3264 1800 Alia
3282 1746 3513 1806 autem
3530 1762 3689 1830 pars
3715 1753 4150 1835 protenditur
4177 1780 4335 1831 ver-

2762 1850 2880 1898 sus
2909 1854 3092 1921 ossa,
3134 1842 3297 1929 quia
3326 1844 3422 1913 ibi
3446 1869 3589 1917 nou
3617 1854 3749 1920 nisi
3775 1856 3850 1924 in
3879 1871 4140 1948 puncto
4171 1866 4328 1939 laedi

2757 1945 3060 2024 poterat:
3095 1954 3163 2015 et
3198 1950 3506 2037 ejusdem
3534 1954 3836 2031 laesionis
3867 1989 4010 2038 non
4038 1980 4141 2042 est
4171 1997 4331 2046 cau-

2755 2065 2853 2125 sa,
2894 2069 2977 2116 eo
3007 2054 3194 2140 quod
3220 2066 3450 2130 motus
3490 2064 3638 2151 ejus
3676 2074 3998 2162 proprius
4035 2098 4180 2148 non
4215 2093 4324 2154 est

2751 2148 2821 2215 in
2858 2160 3049 2240 parte
3075 2156 3192 2227 illa
3225 2183 3243 2227 :
3287 2171 3515 2236 tamen
3547 2170 3619 2238 iu
3657 2172 3777 2242 illa
3815 2190 4008 2267 parte
4050 2194 4157 2254 est
4189 2188 4336 2263 du-.

2748 2255 2915 2336 rius,
2959 2267 3034 2327 ut
3081 2263 3229 2353 ipsa
3272 2267 3519 2344 duritie
3584 2299 3711 2349 sua
3768 2288 4038 2358 resistat
4087 2317 4319 2366 noeu-

2749 2368 3018 2435 montis.

1105 2207 1208 2279 De
1258 2214 1827 2306 dispositionibus
1871 2225 2096 2294 cordis
2133 2241 2196 2297 et
2240 2233 2463 2301 modis
2494 2236 2648 2326 ejus

1182 2332 1246 2388 et
1275 2328 1677 2396 anatomia:
1700 2330 1773 2397 in
1801 2355 1937 2422 quo
1969 2336 2173 2403 eliam
2206 2339 2288 2406 de
2302 2342 2640 2433 pulmone

1176 2437 1241 2494 et
1284 2428 1823 2524 diapleraqmale
1867 2449 1932 2505 et
1956 2443 2344 2532 panniculo
2384 2451 2631 2520 cordis.
2826 2474 3074 2548 Adhuc
3109 2493 3340 2556 autem
3372 2492 3592 2583 figura
3626 2502 3857 2571 cordis
3902 2516 4010 2576 ρει
4076 2512 4324 2601 pinea..

2742 2578 2850 2664 lis,
2885 2594 2960 2654 ut
2995 2599 3229 2662 motus
3267 2598 3440 2686 ejus,
3492 2606 3609 2693 qui
3659 2618 3764 2677 est
3819 2613 3891 2680 in
3947 2621 4310 2694 ventribus

2738 2686 2922 2760 basis
2949 2695 3121 2783 ejus,
3154 2711 3311 2791 apte
3331 2710 3653 2796 procedat
3682 2716 3767 2784 ab
3799 2742 3939 2790 uno
3969 2724 4302 2811 indiviso,

2735 2804 2801 2863 et
2837 2798 3095 2871 seratur
3130 2808 3216 2876 ad
3244 2810 3453 2882 idem.

1067 3395 1336 3465 videtur
1364 3421 1513 3467 esse
1551 3399 1942 3474 dicendum.

1149 3502 1460 3603 Dicimus
1487 3509 1724 3601 igitur,
1768 3511 1952 3602 quod
2001 3537 2119 3583 cor
2155 3515 2429 3612 quidem
2457 3546 2609 3593 cre-
2713 3569 2921 3638 quam
2951 3557 3172 3647 ungit
3206 3581 3394 3643 mm,
3436 3566 3567 3637 „igi
3592 3569 3667 3637 in
3709 3571 3866 3645 1000
3894 3575 4016 3650 ubi
4051 3585 4284 3654 „ritm-

1060 3617 1249 3680 atum
1297 3622 1401 3682 est
1452 3638 1542 3684 ex
1577 3640 1782 3689 carne
1837 3620 2007 3692 dura
2044 3632 2108 3693 et
2155 3625 2333 3715 forti,
2386 3640 2457 3697 ut
2482 3656 2606 3725 per
2710 3677 2794 3723 01
2821 3657 2995 3747 1950,
3035 3669 3106 3733 οι
3132 3662 3245 3737 1210
3269 3679 3377 3738 at
3413 3674 3592 3744 unde
3617 3679 3943 3755 oriuntur
3969 3692 4267 3773 “qm-33,

2707 3784 2792 3832 ex
2836 3787 3131 3855 quarum
3189 3776 3395 3847 etiam
3467 3785 3717 3854 tunicis
3771 3791 4047 3864 videtur
4117 3822 4270 3871 ene
