4919 6371
590 405 675 471 94
1584 401 1665 467 D.
1716 397 1914 466 ΑΕΒ.
1969 389 2186 458 MAG.
2241 387 2448 460 om).
2505 393 2801 462 PRAED.

582 576 879 643 tunicam
927 575 1119 664 cujus
1190 567 1565 662 plurimum
1624 591 1695 633 se
1753 563 2010 654 spargit
2059 561 2129 627 in
2242 585 2431 629 mum
2459 567 2833 634 secundum
2874 591 3102 636 ramos
3128 593 3289 636 suos
3327 571 3452 637 fert
3517 595 3793 640 sensum

584 682 927 750 musculos
956 699 1353 750 communes
1385 677 1559 741 inter
1597 671 1911 762 peltalem
1943 678 2010 736 et
2057 692 2131 736 os
2236 674 2563 763 tangendi
2600 697 2614 741 ε
2666 683 3048 743 transverse
3106 679 3290 743 enim
3341 681 3664 757 ascendit,
3728 689 3790 747 et

577 788 796 857 laudoe
827 808 842 855 t
878 796 944 856 et
973 788 1184 878 ipsius
1212 790 1444 850 tamen
1474 779 1820 847 residuum
1872 777 1942 843 in
1981 775 2131 844 aliis
2234 778 2320 845 ad
2351 780 2675 850 interiora
2703 783 3091 861 reflectitur,
3127 791 3190 850 et
3244 808 3448 875 super
3484 789 3788 879 tunicam

580 899 919 989 spargitur
981 890 1330 967 musculis»,
1420 889 1535 979 qui
1591 886 1748 955 huic
1816 884 2126 954 musculo
2232 889 2503 957 aurium
2542 891 2991 960 extrinsecam
3042 893 3434 982 spargitur:
3485 904 3549 962 et
3606 894 3790 986 quod

579 1012 735 1073 sunt
763 1001 991 1079 vicini,
1035 1021 1156 1066 nec
1193 1003 1424 1063 tamen
1464 1004 1621 1064 sunt
1648 995 1829 1063 idem
1871 1001 1939 1062 et
1973 1013 2126 1082 pro·
2229 1016 2354 1084 par
2378 999 2680 1086 primum
2720 1000 2948 1067 minus
2987 999 3147 1067 facit
3173 1008 3453 1090 propter
3494 1002 3597 1067 sui
3630 1025 3792 1091 par-

578 1118 805 1200 pterea
852 1104 1033 1197 quod
1070 1102 1182 1171 alii
1238 1105 1432 1171 nervi
1491 1103 1575 1172 ad
1648 1100 1815 1170 alias
1844 1100 2145 1170 fuerunt,
2228 1102 2515 1171 vitatem
2554 1113 2620 1174 et
2657 1105 3083 1182 brevitatem,
3114 1115 3392 1195 propter
3436 1130 3587 1197 quae
3645 1107 3792 1175 sus-

578 1213 832 1283 reducti
873 1211 1302 1278 necessitates
1346 1232 1361 1277 z
1407 1219 1470 1278 et
1502 1212 1662 1302 quia
1690 1227 1828 1275 non
1850 1203 1977 1272 fuit
1996 1202 2125 1270 bo-
2224 1205 2534 1277 sicienter
2561 1210 2850 1302 expandi
2890 1233 3028 1277 non
3103 1220 3325 1300 potest
3391 1221 3457 1280 et
3511 1213 3779 1283 dilatari

575 1341 739 1388 num
768 1323 844 1385 ut
880 1314 1213 1385 foramina
1241 1316 1850 1407 multiplicarentur
1879 1312 1949 1377 in
1995 1333 2122 1377 an-
2224 1313 2293 1380 in
2370 1314 2539 1384 locis
2606 1341 2757 1409 quae
2821 1320 3043 1411 ipsum
3131 1328 3534 1409 sequuntur,
3597 1321 3780 1389 istud
3907 1377 3935 1401 ,

573 1419 931 1495 terioribus
962 1429 1025 1492 et
1066 1423 1521 1501 inferioribuS,
1570 1420 1696 1488 fuit
1752 1416 1996 1487 melius
2042 1425 2119 1483 ut
2222 1423 2563 1492 emendat.
2601 1425 2798 1504 Quod
2856 1434 3083 1497 autem
3130 1436 3438 1494 remanet
3497 1450 3583 1496 ex
3645 1427 3777 1496 hoc

571 1526 657 1601 ad
708 1524 959 1624 linguae
1042 1537 1269 1600 motus
1313 1531 1438 1597 iste
1504 1547 1752 1596 nervus
1826 1524 1910 1594 ab
1987 1521 2117 1592 hoc

564 1640 716 1711 loco
745 1641 1028 1718 veniret,
1063 1640 1221 1731 quia
1264 1638 1519 1730 linguae
1586 1657 1738 1706 sens
1715 1661 1821 1705 us
1852 1636 1999 1746 jam
2029 1632 2113 1702 ab

566 1743 711 1818 alio
729 1737 880 1866 loco
911 1745 1307 1860 adveneras

1037 2715 1323 2790 (ιινιτι
1398 2712 1594 2822 xix.

536 3482 631 3555 ΕΙ
677 3492 775 3554 est
835 3504 1163 3573 meamne
1236 3462 1595 3548 declaratis
1656 3483 2080 3543 αηαΙοηιιαηι

626 3588 981 3662 aereorum
1040 3612 1083 3658 α
1118 3576 1373 3681 septem
1428 3578 1885 3679 spondilibus
1910 3572 2084 3648 colli

580 3674 1110 3873 Jredi'entium
1156 3699 1221 3763 et
1292 3684 1380 3764 ab
1429 3685 1593 3760 aliis
1640 3682 2077 3785 εροιιᾰίἱίὸιὶ.τ

672 3829 780 3874 OI‘S
786 3830 806 3874 1

596 4664 817 4743 Nervi
844 4674 1086 4755 autem
1119 4662 1239 4757 qui
1305 4686 1388 4732 ex
1456 4655 1678 4732 nucha
1732 4658 2068 4743 oriuntur,

522 4779 640 4872 qui
677 4799 798 4871 per
792 4746 983 4845 colli
1019 4771 1281 4842 vadunt
1308 4756 1677 4865 spondiles,
1719 4777 1875 4839 octo
1914 4775 2075 4859 sunt

519 4885 735 4980 paria.
767 4880 982 4973 Primi
1012 4852 1296 4974 quidm-nu
1334 4875 1516 5001 paris
1564 4873 1863 4975 egressio
1893 4884 1995 4947 est
2030 4900 2072 4947 a

521 4986 805 5089 (luobus¹
824 4981 1281 5091 foraminibus
1362 4982 1599 5081 primae
1672 4970 2071 5080 spondilis:

518 5098 638 5201 sed
662 5072 843 5226 1¹95..
827 5119 968 5201 non
996 5093 1124 5164 nisi
1155 5096 1225 5164 in
1262 5088 1503 5205 capitis
1532 5076 1856 5164 musculis
1884 5116 2071 5201 ⁸1³⁸?

515 5186 721 5301 gitur.
742 5178 865 5277 last
882 5211 1117 5273 autem
1147 5200 1277 5270 hoc
1304 5223 1432 5297 par
1467 5188 1661 5269 valde
1690 5186 2062 5286 minutum,

519 5338 602 5385 eo
631 5312 817 5408 quod
842 5308 1053 5383 stille
1082 5305 1274 5380 lo'cus
1335 5304 1425 5378 sit
1479 5316 1832 5402 angustus,
1891 5305 2067 5379 sicut

522 5424 586 5487 in
624 5421 962 5487 anatomia
997 5415 1253 5484 ossium
1287 5421 1385 5481 est
1420 5408 1967 5485 determinatum.

584 5530 929 5625 §ecuudi
941 5538 1171 5611 autem
1224 5525 1449 5625 paris
1462 5533 1652 5607 ortus
1713 5535 1834 5609 est
1888 5527 2068 5598 inter

518 5614 917 5732 spondilem
935 5633 1229 5733 primam
1258 5638 1325 5703 et
1362 5600 1755 5701 secundam
1776 5606 1924 5729 pet·
1954 5632 2067 5704 ϊο-

517 5747 1135 5835 raminaquaesunt
1163 5741 1473 5825 interea,
1532 5747 1600 5808 et
1651 5735 1780 5811 hoc
1844 5742 2066 5834 pluri-

2218 1532 2365 1621 pari
2405 1549 2773 1602 nervorum
2816 1534 3000 1625 quod
3020 1533 3103 1601 ad
3133 1542 3339 1626 caput
3373 1557 3517 1602 non
3546 1559 3783 1605 ascen—

2218 1640 2339 1719 dit,
2374 1641 2562 1710 vadit
2599 1643 2685 1710 ad
2714 1641 3062 1711 musculos
3099 1644 3215 1735 qui
3255 1643 3505 1712 suntin
3545 1651 3783 1737 poste-

2217 1747 2512 1821 rioribus
2551 1750 2731 1831 colli,
2767 1750 2948 1820 etad
2992 1752 3380 1821 musculum
3424 1751 3669 1834 latum,
3704 1760 3774 1823 et

2214 1861 2313 1952 ‘eis
2341 1857 2632 1952 largitur
2666 1868 2960 1930 motum.

2214 1975 2221 1984 “
2300 1965 2497 2038 Paris
2525 1973 2754 2037 autem
2783 1969 2960 2038 tertii
2999 1969 3194 2062 origo
3236 1980 3341 2039 est
3388 1994 3428 2038 a
3484 1967 3776 2040 forami-

2211 2076 2412 2144 nibus
2443 2095 2596 2168 quae
2637 2085 2797 2145 sunt
2850 2077 3030 2145 inter
3074 2078 3445 2148 secundam
3515 2087 3582 2147 et
3632 2087 3770 2148 ter·

2207 2185 2374 2252 tiam
2418 2201 2434 2251 t
2472 2192 2539 2254 et
2565 2192 2850 2277 uterque
2879 2205 3248 2254 nervorum
3290 2184 3497 2276 hujus
3552 2187 3764 2278 paris,

2205 2289 2274 2360 in
2306 2292 2480 2360 duos
2500 2289 2834 2361 'dividitur
2863 2309 3090 2361 ramos
3127 2315 3141 2361 :
3174 2300 3243 2362 et
3279 2293 3363 2360 ab
3412 2314 3555 2361 uno
3600 2293 3759 2384 qui-

2201 2400 2356 2470 dem
2390 2415 2584 2470 ramo
2624 2408 3037 2493 sparguntur
3071 2402 3271 2481 rami,
3306 2403 3422 2491 qui
3489 2409 3649 2468 sunt
3688 2400 3759 2468 in

2196 2507 3064 2602 profundo'm'usculorum,
3108 2512 3224 2602 qni
3294 2498 3451 2577 sunt
3510 2509 3628 2587 ibi,
3692 2517 3761 2578 et

2198 2621 2499 2687 maxime
2539 2640 2777 2687 eorum
2820 2619 2935 2710 qui
2995 2619 3279 2686 movent
3333 2627 3538 2709 caput
3602 2639 3759 2686 cum

2196 2724 2400 2795 collo.
2433 2719 2697 2795 Deinde
2753 2725 2836 2794 ad
2893 2723 3312 2817 spondilium
3362 2727 3596 2817 spinas
3644 2749 3755 2794 as-

2193 2834 2516 2913 cendunt,
2551 2842 2802 2903 etcum
2833 2831 2917 2900 ad
2966 2858 3080 2901 eas
3136 2831 3448 2916 veniunt,
3508 2841 3757 2902 tenen-

2194 2952 2304 3011 tur
2355 2967 2515 3014 cum
2579 2940 2918 3013 radicibus
2983 2944 3313 3035 ipsarum,
3387 2949 3451 3011 et
3519 2948 3754 3034 postea

2192 3049 2550 3122 elevantur
2577 3049 2664 3119 ad
2700 3050 2921 3142 capita
2950 3072 3213 3128 earum,
3247 3058 3315 3118 et
3373 3050 3748 3117 miscentur

2189 3183 2347 3230 cum
2403 3159 2791 3253 ligamentis
2854 3156 3415 3251 pannicularibus
3479 3155 3599 3250 qui
3666 3154 3752 3226 ab

2188 3266 2516 3339 auriculis
2568 3265 2983 3360 spondilium
3049 3276 3450 3347 nascuntur,
3514 3272 3751 3358 postea

2187 3373 2274 3446 ad
2301 3384 2532 3469 partes
2560 3375 2828 3445 aurium
2877 3374 3287 3445 reflectendo
3336 3373 3745 3442 elevantur:

2188 3490 2442 3581 etcum
2480 3479 2567 3551 ad
2630 3507 2828 3554 aures
2896 3480 3332 3583 perveniunt,
3404 3478 3754 3550 musculos

2188 3590 2282 3659 ibi
2337 3591 2652 3703 ΡοεὶιριΗ
2677 3592 2961 3660 movent
3026 3586 3097 3658 in
3158 3580 3425 3658 bestiis.
3488 3583 3755 3657 Ilamus

2186 3690 2419 3771 autem
2443 3662 2794 3791 secundus
2804 3680 2892 3768 ad
2922 3680 3247 3769 interiora
3282 3697 3501 3776 vadit,
3535 3696 3754 3766 donec

2185 3805 2274 3877 ad
2325 3782 2719 3877 museulum
2776 3792 2991 3877 latum
3040 3808 3410 3899 pervenit:
3480 3808 3550 3872 et
3595 3825 3752 3873 cum

2186 3912 2319 3984 hoc
2363 3910 2670 4011 quidem·
2698 3912 3130 4006 conjunctus,
3180 3910 3508 3981 miscetur
3558 3928 3752 3979 venae

2186 4030 2253 4095 et
2281 4021 2614 4094 musculis
2641 4023 3024 4123 quilipsum
3073 4021 3478 4115 cooperiunt
3530 4021 3607 4090 ut
3662 4019 3750 4088 sit

2184 4131 2430 4202 {ortior
2458 4140 2581 4227 {et
2616 4141 2720 4203 est
2780 4132 2987 4202 etiam
3030 4124 3309 4222 quando
3362 4153 3523 4199 cum
3589 4152 3751 4197 mu·-

2184 4238 2394 4309 sculis
2448 4238 2774 4310 miscetur
2843 4244 3234 4329 temporum
3299 4231 3551 4329 aliqu’
3590 4257 3750 4329 pars

2183 4346 2360 4440 ejus,
2392 4354 2458 4417 et
2490 4345 2560 4416 in
2588 4336 3002 4441 quibusdam
3060 4336 3302 4416 bestiis
3366 4366 3528 4414 cum
3582 4365 3751 4411 mu·-

2182 4452 2393 4525 sculis
2440 4453 2711 4525 aurium
2755 4476 2772 4522 ε
2819 4448 2826 4453 ¹
2845 4444 3230 4550 plurimum
3311 4444 3545 4521 tamen
3612 4470 3754 4519 suae

2182 4560 2564 4655 sparsionis
2594 4585 2734 4633 non
2772 4567 2876 4632 est
2891 4558 3024 4629 nisi
3046 4561 3117 4630 in
3155 4555 3488 4630 musculis
3508 4555 3751 4628 maxil-

2180 4667 2433 4739 larum.

2270 4773 2513 4859 Quarti
2543 4758 2708 4869 vero
2719 4740 2974 4871 paris
2966 4754 3158 4844 ortus
3195 4780 3368 4842 esta
3401 4760 3745 4841 foramine

2179 4879 2366 4977 quod
2394 4880 2580 4957 inter
2605 4880 2874 4956 tertiam
2897 4874 3287 4975 spondilem
3325 4885 3393 4950 et
3419 4868 3742 4973 quartam

2179 4998 2305 5075 est,
2338 5004 2409 5064 et
2432 4988 2762 5065 dividitur
2804 4988 3141 5063 divisione
3195 4988 3345 5081 ejus
3409 4987 3530 5081 qui
3582 4995 3742 5059 ante

2181 5101 2407 5194 ipsum
2472 5110 2576 5171 est
2613 5094 2720 5173 de
2787 5116 2964 5207 quo
2993 5095 3318 5168 diximus.
3392 5092 3744 5199 Dividitur

2178 5208 2363 5313 enim
2400 5206 2477 5278 in
2497 5214 2799 5313 partem
2801 5176 3314 5278 antecedentem
3346 5203 3412 5305 et
3459 5204 3533 5273 ἰιι
3580 5225 3744 5296 par-

2176 5322 2316 5384 tem
2343 5300 2687 5408 posterius
2712 5321 3138 5411 sequentem.
3185 5302 3325 5381 Sed
3349 5333 3512 5406 pars
3544 5306 3745 5380 ante-

2178 5448 2251 5490 c«
2236 5420 2338 5491 «lv
2326 5448 2424 5491 ·ns
2463 5431 2565 5496 est
2586 5446 2824 5517 parva,
2857 5431 2923 5493 et
2950 5421 3106 5492 ideo
3128 5443 3288 5490 cum
3309 5416 3561 5514 quinto
3588 5417 3742 5513 pari

2177 5531 2541 5639 miscetur.
2569 5528 2866 5663 Quidam
2903 5524 3141 5652 tamen
3164 5518 3491 5639 dixerunt
3523 5526 3613 5603 ab
3639 5549 3740 5635 eo

2177 5636 2409 5711 ramos
2426 5610 2816 5731 penetrare
2821 5608 3098 5737 ²¹sunites
3123 5612 3312 5711 telis
3324 5610 3740 5707 ueneat-iim

2176 5754 2499 5818 extensos
2524 5762 2731 5840 super
2761 5767 3012 5819 venam
3076 5734 3451 5826 suberiam,
3509 5737 3737 5813 donec
