4919 6371
1959 336 2131 403 LlB.
2185 333 2283 400 IX
2332 332 2450 399 DE
2496 332 3086 420 ANlMALIBUS‚
3135 335 3448 405 TRACT.
3499 333 3529 401 1

1109 511 1363 579 cienter
1410 506 1864 582 derivabatur,
1910 512 1976 572 et
2032 504 2186 571 ideo
2244 503 2665 572 moriebatur

1107 621 1268 688 cito.

1195 723 1587 814 Aliquando
1618 720 1823 787 etiam
1854 720 2014 787 dicit
2050 719 2451 789 Aristoteles
2482 722 2666 789 acci-

1104 832 1308 909 disse,
1343 827 1528 919 quod
1568 827 1880 918 quaedam
1908 828 2156 896 mulier
2197 828 2415 895 filium
2453 851 2666 919 pepe-

1103 941 1191 1006 rit
1217 937 1512 1028 septimo
1546 959 1778 1003 mense
1809 936 1893 1002 ab
1916 936 2480 1027 impraegnatione
2511 956 2657 1011 sua,

1102 1067 1239 1135 quo
1278 1043 1566 1122 salvatO,
1601 1066 1785 1111 nono
1844 1065 2079 1111 mense
2134 1041 2474 1131 completo
2506 1062 2662 1106 cum

1098 1150 1569 1242 complebatur
1606 1158 1876 1241 tempus
1915 1149 2122 1217 totius
2154 1146 2664 1237 impraegnatio-

1098 1260 1227 1335 niS‚
1263 1261 1526 1349 peperit
1555 1257 1729 1325 duos
1768 1256 2106 1346 geminoS,
2144 1262 2441 1345 quoru'm
2482 1276 2660 1321 unus

1095 1367 1290 1444 vixit,
1328 1376 1396 1434 et
1436 1365 1605 1432 alter
1633 1372 1946 1431 mortuus
1976 1362 2104 1428 fuit
2147 1384 2160 1427 ε
2208 1361 2420 1451 etqui
2461 1362 2655 1440 vixit,

1096 1470 1477 1561 augebatur
1505 1478 1572 1538 et
1608 1469 1955 1538 convaluit
1987 1490 2003 1537 t
2044 1468 2226 1559 quod
2257 1492 2399 1537 non
2436 1468 2660 1559 potuit

1094 1600 1242 1646 esse
1284 1578 1415 1645 nisi
1473 1600 1552 1645 ea
1601 1576 1683 1644 de
1733 1599 1962 1655 causa,
2000 1578 2161 1666 quia
2211 1576 2661 1666 impraegnata

1092 1685 1221 1752 fuit
1250 1683 1334 1753 de
1369 1685 1662 1775 geminis
1691 1692 1847 1774 post
1876 1683 2462 1774 impraegnationis
2493 1691 2661 1750 tem-

1092 1813 1220 1882 pus
1296 1814 1433 1882 quo
1506 1792 1815 1881 concepit
1895 1789 2092 1857 illum
2167 1812 2385 1856 unum
2420 1812 2658 1880 ·quem

1092 1898 1385 1988 septimo
1422 1920 1653 1965 mense
1683 1898 1969 1988 peperit.

1181 2005 1502 2095 Amplius
1563 2013 1793 2072 autem
1850 2004 2097 2094 saepius
2154 2002 2421 2082 accidit,
2476 2002 2659 2092 quod

1092 2111 1409 2204 quaedam
1479 2112 1796 2180 mulieres
1869 2109 2074 2178 simul
2161 2110 2512 2178 abortiunt
2594 2119 2661 2178 et

1095 2223 1515 2312 concipiunt,
1570 2221 1662 2288 ita
1728 2220 1912 2310 quod
1971 2222 2041 2286 in
2107 2242 2247 2286 uno
2296 2219 2658 2287 concubitu

1096 2351 1275 2395 unus
1323 2329 1463 2396 exit
1508 2350 1631 2418 per
1686 2327 2033 2408 abortum,
2094 2335 2161 2394 et
2224 2326 2397 2394 alter
2453 2327 2660 2393 intrat

1094 2460 1215 2528 per
1244 2445 1652 2525 conceptum
1689 2459 1704 2503 :
1740 2443 1808 2503 et
1837 2434 1971 2503 hoc
1997 2435 2391 2524 frequenter
2416 2433 2660 2502 accidit

1092 2546 1163 2611 in
1201 2541 1309 2610 his
1338 2565 1492 2634 quae
1535 2541 1827 2609 multum
1878 2540 2305 2609 delectantur
2345 2542 2412 2607 in
2443 2542 2654 2620 coitu,

1091 2654 1252 2743 quia
1282 2652 1445 2719 dum
1478 2651 1727 2720 matrix
1770 2674 2007 2719 earum
2047 2659 2368 2718 movetur
2414 2673 2499 2717 ex
2539 2649 2661 2717 de-

1087 2758 1366 2839 siderio,
1409 2758 1666 2825 excutit
1715 2780 1755 2824 a
1799 2757 2143 2825 radicibus
2200 2765 2267 2825 et
2313 2754 2663 2825 coctiliclo-

1087 2867 1290 2934 nibus
1329 2875 1735 2956 conceptum
1772 2888 1787 2933 ε
1824 2874 1891 2933 et
1938 2864 2105 2932 dum
2157 2863 2451 2932 multum
2501 2886 2660 2931 con-

1086 2973 1398 3064 cupiscit,
1442 2972 1744 3062 aperitur
1783 2971 1869 3039 ad
1927 2995 2164 3040 semen
2233 2971 2530 3038 ess'usum
2588 2971 2659 3037 in

1088 3082 1300 3158 coitu,
1352 3087 1422 3147 et
1479 3089 1639 3147 tunc
1696 3079 1958 3147 evomit
2009 3085 2374 3147 excussum
2420 3099 2662 3146 conce-

1090 3196 1277 3278 ptum
1326 3210 1531 3277 quem
1572 3188 1869 3255 excussit
1904 3210 2026 3277 per
2086 3196 2379 3266 motum,
2423 3193 2489 3254 et
2535 3209 2661 3253 su-

1090 3297 1191 3389 git
1246 3294 1540 3364 effusum
1596 3319 1830 3365 semen
1898 3295 1985 3364 ad
2031 3298 2352 3363 iteratum
2408 3318 2659 3363 conce-

1094 3414 1318 3496 ptum.

1185 3511 1384 3602 Saepe
1441 3512 1647 3579 etiam
1704 3511 2067 3603 contingit,
2130 3509 2316 3601 quod
2380 3509 2656 3602 quando

1091 3620 1201 3687 vir
1227 3620 1368 3688 coit
1396 3641 1554 3688 cum
1584 3619 1870 3688 muliere
1911 3628 2313 3712 praegnante
2351 3626 2506 3709 post
2536 3640 2658 3686 oc-

1092 3735 1330 3796 tavum
1362 3749 1668 3795 mensem
1734 3726 2181 3818 completum,
2215 3725 2490 3817 quando
2511 3726 2657 3815 jam

1093 3834 1396 3925 pondere
1454 3834 1654 3902 soetus
1714 3835 1963 3902 matrix
2016 3833 2255 3922 incipit
2329 3832 2577 3922 aperiri
2636 3853 2651 3898 :

1093 3951 1334 4034 postea
1361 3965 1517 4010 cum
1548 3942 1762 4032 pariet
1811 3942 2081 4019 mulier,
2115 3941 2376 4033 profert
2416 3941 2655 4009 l'oetum

1096 4047 1290 4137 quasi
1323 4046 1635 4115 indutum
1686 4049 2077 4115 viscositate
2107 4069 2190 4115 ex
2217 4047 2478 4115 semine
2509 4046 2658 4114 suso

1094 4178 1217 4247 per
1281 4156 1539 4225 coitum
1572 4178 1589 4225 ε
1624 4165 1693 4225 et
1750 4154 1956 4246 hujus
2020 4179 2298 4225 causam
2365 4156 2512 4245 jam
2589 4157 2657 4224 in

1095 4260 1493 4353 praehabitis
1549 4260 1753 4353 hujus
1799 4261 2075 4353 capituli
2125 4261 2653 4354 assignavimus.

1187 4370 1541 4463 Contingit
1586 4372 1792 4440 etiam
1837 4369 2233 4462 aliquando,
2270 4370 2455 4462 quod
2504 4393 2658 4438 mu-

1093 4476 1243 4558 lier,
1278 4501 1636 4571 praegnans
1666 4479 1954 4547 ess'undit
1982 4487 2254 4569 partum
2305 4477 2660 4546 sordidum

1094 4585 1675 4675 superfluitatibus
1778 4585 2235 4677 quorumdam
2347 4586 2659 4655 ciborum

1093 4714 1267 4783 quos
1298 4692 1761 4762 desideranter
1787 4692 2084 4762 comedit
2115 4715 2132 4761 ε
2170 4715 2254 4761 eo
2286 4693 2471 4785 quod
2517 4717 2661 4761 ma-

1093 4799 1229 4866 trix
1275 4798 1589 4888 indigens
1654 4801 2076 4870 nutrimento
2130 4799 2331 4868 soetus
2382 4800 2657 4891 quando

1092 4928 1308 4975 vacua
1357 4915 1486 4988 est,
1558 4908 1930 5002 aliquando
1972 4909 2296 4979 calefacta
2361 4911 2659 4981 multum

1095 5013 1400 5096 attrahit,
1441 5026 1509 5085 et
1547 5025 1710 5085 tunc
1756 5017 1967 5087 trahit
1996 5041 2278 5087 succum
2309 5019 2442 5087 cibi
2479 5019 2662 5088 indi-

1092 5129 1387 5212 gestum,
1422 5124 1600 5192 sicut
1629 5124 1886 5194 faciunt
1943 5147 2146 5194 renes
2195 5125 2472 5217 quando
2503 5136 2660 5195 sunt

1086 5226 1357 5296 sortiter
1382 5229 1688 5300 calefacti
1724 5254 1739 5300 :
1773 5239 1842 5300 et
1879 5238 2044 5299 tunc
2074 5230 2187 5300 ille
2217 5254 2461 5301 succus
2501 5234 2662 5325 quia

1089 5334 1317 5403 cibare
1365 5335 1693 5408 infantem
1750 5362 1890 5408 non
1948 5346 2196 5431 potest,
2239 5338 2540 5410 adhaeret
2596 5343 2660 5410 ei

1090 5450 1166 5508 ut
1197 5442 1512 5513 sordities
1542 5447 1963 5517 extrinsecus
1996 5444 2380 5516 adhaerens.

1182 5547 1511 5627 Quaedam
1540 5553 1748 5622 etiam
1778 5554 2053 5646 quando
2088 5553 2653 5645 impraegnantur,

1091 5662 1382 5723 utuntur
1420 5657 1638 5726 multo
1667 5659 1807 5728 sale
1848 5669 1915 5729 et
1955 5661 2172 5729 acutis
2212 5659 2450 5729 calidis
2495 5685 2662 5755 pro·

4202 337 4324 402 511

2772 511 2924 595 pter
2953 528 3246 574 acumen
3303 503 3594 571 cholerae
3647 527 3798 594 quae
3846 505 4233 574 dominatur
4262 508 4331 574 in

2772 613 2935 702 ipsis
2964 637 2978 680 :
3005 621 3073 679 et
3103 619 3380 701 propter
3402 633 3691 677 acumen
3722 613 4116 682 nutrimenti
4150 614 4331 703 quod

2773 718 3014 786 exinde
3063 723 3482 807 procreatur,
3530 726 3915 806 genuerunt
3971 718 4144 786 filios
4184 724 4329 788 sine

2773 822 3114 913 unguibus
3174 845 3188 889 :
3252 823 3579 913 quoniam
3644 824 4134 892 nutrimentum
4185 827 4327 894 sal-

2770 952 2923 996 sum
3006 953 3130 997 sua
3196 930 3541 999 caliditate
3598 933 4025 1022 consumpsit
4096 935 4326 1002 fumos

2769 1043 3138 1115 terrestres,
3192 1044 3260 1105 et
3315 1060 3439 1105 suo
3497 1039 3811 1105 acumine
3860 1039 4321 1129 expellebatur

2768 1142 2852 1210 ad
2900 1144 3386 1222 extremitateS,
3424 1152 3491 1211 et
3548 1146 3838 1213 corrosit
3886 1145 4141 1214 radices
4197 1169 4321 1213 un-

2767 1252 3028 1341 guium.

2859 1355 3188 1426 Similiter
3218 1365 3445 1425 autem
3486 1357 3556 1424 in
3612 1358 3786 1428 lacte
3817 1359 3999 1450 quod
4038 1369 4139 1429 est
4163 1370 4318 1430 ante

2765 1472 3025 1554 septem
3057 1487 3350 1543 menses,
3385 1465 3652 1532 nullum
3686 1467 3969 1534 omnino
4001 1475 4102 1535 est
4122 1468 4321 1557 juva-

2765 1581 3072 1641 mentum
3100 1572 3210 1641 vel
3251 1572 3505 1641 utilitas
3541 1596 3557 1640 ε
3598 1577 3926 1665 quoniam
3972 1585 4073 1644 est
4116 1585 4318 1646 tenue

2763 1680 3390 1772 sanguinolentum.
3439 1679 3612 1748 Cum
3644 1692 3874 1750 autem
3927 1683 4010 1751 ad
4050 1693 4319 1774 partum

2766 1793 3195 1881 perveniunt,
3247 1797 3407 1858 tunc
3453 1790 3559 1858 lac
3598 1790 3998 1860 melioratur
4040 1816 4055 1860 ε
4100 1801 4161 1860 et
4219 1792 4323 1862 lac

2766 1896 3038 1986 quidem
3080 1897 3381 1986 primum
3420 1904 3521 1965 est
3558 1895 3816 1964 salsum
3849 1906 3913 1965 et
3942 1897 4324 1989 aliquantu·

2766 2005 2908 2072 lum
2948 2005 3299 2072 saniosum
3342 2013 3620 2097 propter
3649 2004 3975 2074 humores
4015 2007 4323 2075 saniosos

2766 2134 2936 2202 quos
2966 2111 3229 2179 invenit
3260 2113 3328 2178 in
3357 2113 3487 2179 viis
3516 2134 3878 2194 venarum,
3911 2120 3976 2181 et
4005 2112 4131 2181 hos
4161 2123 4319 2182 ante

2765 2242 2834 2285 se
2884 2217 3201 2309 propellit
3240 2218 3325 2286 ad
3381 2219 3795 2288 exeundum.
3842 2219 3926 2287 Et
3974 2223 4069 2289 sic
4118 2222 4320 2289 etiam

2766 2324 3007 2393 accidit
3048 2325 3115 2392 in
3164 2324 3433 2405 ovibus,
3476 2334 3544 2393 et
3582 2326 3832 2404 vaccis,
3868 2334 3934 2393 et
3980 2326 4129 2394 aliis
4180 2328 4326 2394 ani-

2765 2432 3081 2500 malibus.
3126 2431 3463 2511 Quaedam
3513 2434 3722 2502 etiam
3777 2433 4096 2503 mulieres
4134 2443 4317 2526 post·

2767 2564 2970 2630 quam
3011 2542 3575 2632 impraegnantur,
3621 2540 3913 2610 multum
3955 2540 4322 2611 abhorrent

2763 2650 3002 2716 vinum
3033 2658 3101 2718 et
3147 2649 3592 2718 debilitantur
3621 2672 3705 2719 ex
3737 2661 3901 2741 potu
3942 2651 4152 2741 ipsius
4188 2675 4203 2718 ε
4238 2675 4319 2719 eo

2766 2758 2947 2848 quod
2979 2758 3203 2848 ipsum
3258 2757 3539 2849 impedit
3587 2781 3835 2826 nervos
3883 2768 3945 2826 et
3997 2767 4224 2849 caput,
4259 2767 4326 2826 et

2766 2865 2977 2934 malas
3010 2868 3328 2934 materias
3357 2865 3579 2935 elevat
3608 2866 3677 2933 in
3728 2867 4026 2957 origines
4064 2889 4321 2934 nervo-

2766 2999 2916 3043 rum
2949 2977 3141 3066 pueri
3177 2985 3240 3043 et
3272 2976 3533 3043 matris.

2855 3085 2955 3152 Ex
2995 3085 3319 3153 omnibus
3370 3086 3577 3176 igitur
3604 3083 4039 3175 praeinductis
4113 3093 4322 3175 patet.

2766 3192 2950 3285 quod
3006 3193 3418 3284 principium
3485 3193 3944 3283 generationis
4007 3214 4160 3284 quae
4223 3201 4322 3259 est

2763 3303 3068 3393 potentia
3152 3300 3551 3393 generandi,
3619 3309 3722 3368 est
3780 3302 3846 3368 in
3913 3323 4099 3368 mare
4154 3308 4328 3368 tunc

2763 3408 3038 3500 quando
3068 3409 3370 3500 primum
3409 3414 3633 3499 potest
3651 3409 3980 3498 projicere
4003 3428 4312 3498 sperma:

2764 3524 2830 3585 et
2850 3516 3260 3608 principium
3291 3514 3753 3606 generationis
3774 3523 3876 3583 est
3906 3515 3973 3582 in
4009 3513 4312 3591 immina,

2765 3622 2894 3692 huc
2922 3631 3048 3703 est,
3091 3622 3369 3715 quando
3417 3621 3626 3690 habet
3653 3623 4028 3712 potentiam
4085 3622 4322 3690 conci-

2761 3734 3014 3825 piendi.
3103 3732 3380 3825 quando
3451 3733 3752 3823 primum
3816 3732 4060 3800 emittit
4126 3754 4324 3799 men-

2762 3849 3053 3909 struum.
3100 3838 3238 3906 Sed
3276 3847 3506 3906 tamen
3553 3838 3622 3906 in
3646 3839 3778 3907 isto
3825 3845 4128 3928 tempore
4182 3860 4320 3905 non

2762 3949 2990 4014 statim
3028 3945 3329 4037 pariunt,
3391 3945 3522 4013 nisi
3572 3944 3920 4013 modicum
3956 3966 3973 4012 ε
4015 3953 4084 4013 et
4148 3967 4325 4036 quos

2762 4061 3117 4145 generant,
3159 4061 3320 4120 sunt
3365 4050 3624 4120 debiles
3689 4074 3827 4119 non
3902 4050 4320 4143 complentes

2762 4159 3118 4253 periodum
3152 4159 3471 4227 bumanae
3509 4160 3698 4227 vitae.
3721 4158 3878 4227 Jam
3910 4159 4092 4227 enim
4124 4182 4324 4249 supe-

2765 4270 2904 4338 rius
2936 4268 3262 4344 diximuS.
3291 4290 3443 4360 quae
3466 4275 3703 4336 aetates
3734 4274 3889 4335 sunt
3919 4267 4325 4335 convenien-

2764 4386 2865 4446 tes
2894 4386 3034 4445 tam
3076 4378 3145 4444 in
3180 4398 3367 4444 mare
3396 4398 3605 4467 quam
3648 4377 3717 4443 in
3747 4374 4025 4444 immina
4053 4375 4136 4444 ad
4169 4399 4324 4467 per-

2772 4485 3022 4553 fectum
3055 4481 3470 4575 principium
3526 4481 4011 4574 generationis.
