4919 6371
492 496 621 562 244

493 665 571 730 In
611 662 715 727 his
745 663 969 723 autem
1017 671 1168 736 qua·
1210 648 1540 735 generant
1579 636 1926 712 animalia,
1981 641 2046 698 et

498 774 729 838 carent
774 758 1086 829 dentibus
1119 752 1571 822 anterioribus
1602 751 1672 816 iu
1712 743 2046 836 superiori

496 870 916 949 mandibula,
950 865 1194 958 pendet
1227 865 1498 931 initium
1528 858 1704 951 girhi
1736 880 1776 923 a
1812 860 2049 921 ventre

500 983 745 1073 maj0ri
777 977 889 1069 qui
921 982 1208 1042 vocatur
1227 968 1643 1038 stomachus.

589 1090 836 1158 Vesica
875 1087 1079 1154 etiam
1119 1078 1522 1149 animalium
1552 1070 1703 1140 tela-
1729 1071 1870 1136 sive
1891 1083 2055 1151 pan-

497 1198 724 1268 niculo
757 1192 1192 1265 assimilatur,
1228 1182 1542 1274 quamvis
1578 1182 1842 1244 remota
1875 1171 1959 1235 sit
1992 1173 2058 1232 et

501 1305 812 1376 absoluta
870 1325 909 1367 a
955 1294 1325 1387 generibus
1354 1288 1644 1356 telarum
1690 1306 1703 1349 :
1749 1303 1831 1347 eo
1873 1272 2056 1366 quod

508 1414 678 1482 nihil
701 1406 1075 1477 involvitur
1108 1403 1176 1466 in
1217 1400 1363 1487 ipsa
1401 1396 1575 1461 sicut
1608 1387 2061 1456 involvuntur

503 1518 809 1588 membra
868 1515 935 1578 in
987 1508 1139 1578 telis
1192 1529 1207 1572 z
1253 1513 1315 1572 et
1368 1504 1529 1593 quia
1573 1495 1959 1565 extenditur
1998 1495 2062 1556 et

504 1619 949 1696 contrahitur,
994 1616 1180 1707 quod
1218 1634 1359 1679 non
1399 1609 1656 1676 faciunt
1702 1600 1859 1670 telae
1895 1621 1910 1665 :
1946 1595 2066 1663 sed

502 1734 571 1799 in
601 1727 977 1798 substantia
1003 1723 1324 1792 convenit
1353 1739 1511 1786 cum
1550 1712 1730 1795 telis,
1774 1729 1855 1775 eo
1881 1701 2066 1795 quod

505 1858 817 1907 nervosa*
843 1843 947 1902 est
974 1830 1374 1900 substantiae
1398 1827 1573 1892 sicut
1610 1817 1790 1885 telae.
1846 1813 2066 1879 Omne

506 1954 732 2016 autem
789 1938 1040 2009 animal
1084 1955 1418 2027 generans
1471 1927 1598 1994 sibi
1647 1920 1870 1991 simile
1918 1915 2069 1983 ani-

504 2054 644 2122 mal
680 2074 762 2118 ex
787 2057 1004 2123 utero,
1041 2042 1246 2111 habet
1286 2040 1582 2105 vesicam
1613 2029 1896 2099 telarem
1926 2022 2072 2089 dis-

508 2163 814 2228 tinctam.
856 2154 1084 2220 (lvans
1125 2157 1354 2217 autem
1399 2139 1652 2210 animal
1697 2157 1838 2204 non
1869 2131 2068 2199 habet

509 2267 804 2333 vesicam
873 2267 1120 2351 praeter
1181 2274 1430 2346 genera
1491 2250 1927 2317 lacertarum,
2007 2244 2074 2302 et

513 2381 765 2463 pra-ter
803 2366 1054 2435 animal
1097 2362 1281 2454 quod
1324 2361 1489 2427 laha
1523 2362 1837 2432 vocatur,
1889 2346 2073 2438 quod

512 2481 716 2549 etiam
740 2477 1038 2544 vicinum
1061 2480 1161 2540 est
1185 2464 1609 2561 generationi
1638 2463 2070 2534 lacertarum,

516 2587 676 2654 licet
705 2587 792 2652 sit
829 2581 1089 2674 pigrius
1138 2577 1278 2645 ino.
1323 2577 1379 2642 Λ
1420 2573 1645 2641 vesica
1682 2590 1846 2635 vero
1886 2587 2076 2632 mor-

517 2703 793 2762 tuorum
835 2709 1211 2777 numquam
1254 2683 1392 2751 exit
1422 2677 1795 2749 humiditas
1830 2674 2073 2749 urinw,

523 2823 603 2867 eo
655 2798 836 2888 quod
886 2793 1359 2883 congelatione
1409 2786 1650 2855 mortis
1701 2781 2078 2851 obstruitur

516 2906 767 2973 collum
812 2904 958 2990 ejus
1016 2923 1137 2991 per
1183 2897 1366 2988 quod
1412 2895 1610 2961 urina
1677 2887 2070 2958 etl'uuditur.

527 3009 917 3102 Aliquando
983 3015 1210 3073 autem
1273 3007 1339 3070 in
1396 3002 1622 3068 vesica
1690 2995 1939 3063 residet
1995 3017 2075 3060 ex

519 3120 712 3185 urina
771 3115 1202 3207 superfluitas
1253 3107 1590 3178 terrestris
1637 3107 1815 3172 sicca
1864 3102 2077 3191 gluti-

518 3248 712 3302 nosa,
764 3232 828 3291 et
880 3223 1021 3290 ha³c
1079 3220 1304 3288 calore
1343 3216 1650 3307 corporis
1679 3210 2078 3299 coagulatur

524 3337 593 3400 in
632 3332 951 3423 lapidem,
994 3338 1057 3396 et
1109 3330 1182 3395 tit
1220 3323 1473 3393 animal
1535 3319 1701 3389 illud
1772 3316 2078 3385 calculo-

523 3462 701 3508 sum.

604 3546 738 3613 lsta
803 3544 1008 3634 igitur
1063 3562 1270 3633 quam
1321 3538 1619 3605 diximus
1674 3541 1774 3600 est
1835 3540 2076 3598 natura

513 3673 872 3728 venarum,
924 3658 988 3716 et
1030 3669 1426 3723 nervorum,
1459 3652 1524 3713 et
1581 3640 1776 3719 corii,
1809 3646 1875 3704 et
1915 3635 2078 3703 tela-

515 3783 698 3837 rum,
765 3765 831 3825 et
896 3756 1219 3846 pilorum,
1280 3761 1348 3820 et
1411 3749 1783 3825 solearum,
1853 3754 1916 3813 et
1944 3765 2080 3810 un-

521 3867 790 3958 guium,
851 3874 916 3930 et
983 3861 1423 3952 ungularum,
1494 3866 1556 3923 et
1606 3875 1970 3926 cornuum,
2014 3858 2082 3918 et

520 3972 851 4049 dentium,
884 3979 949 4038 et
982 3976 1386 4043 rostrorum,
1418 3972 1480 4031 et
1511 3960 1799 4037 ossium,
1832 3965 1897 4025 et
1928 3980 2080 4023 rar-

519 4078 907 4170 tilaginum‚
987 4084 1048 4141 et
1138 4072 1428 4140 aliorum
1503 4064 2075 4156 liomogeniorum

523 4183 1019 4255 membrorum,
1062 4200 1213 4269 quae
1243 4185 1397 4243 sunt
1430 4172 1680 4242 similia
1709 4172 1880 4238 istis.

611 4291 787 4358 Caro
825 4296 1052 4355 autem
1111 4294 1175 4351 et
1229 4283 1354 4350 sibi
1410 4279 1632 4348 simile
1689 4275 2077 4345 membrum

524 4398 709 4492 quod
764 4403 864 4463 est
919 4395 1067 4463 loco
1115 4392 1364 4468 caruis,
1423 4397 1524 4455 est
1590 4387 1662 4453 in
1756 4381 2080 4451 omnibus

521 4507 926 4596 sanguinem
964 4500 1374 4570 habentibus
1410 4491 1848 4568 animalibus,
1882 4498 1948 4558 et
1976 4496 2080 4557 est

522 4635 682 4683 caro
720 4611 939 4702 posita
985 4609 1178 4700 quasi
1228 4604 1783 4696 supplementum
1839 4598 2082 4665 vacui-

521 4728 738 4789 tatum
771 4741 923 4810 qua·
954 4724 1109 4785 sunt
1144 4716 1320 4781 inter
1366 4713 1631 4781 corium
1679 4709 1977 4777 exterius
2014 4713 2078 4772 et

523 4852 603 4896 os
642 4827 949 4906 interius,
999 4824 1174 4891 sicut
1227 4820 1433 4886 etiam
1496 4819 1563 4885 in
1623 4815 1848 4906 primo
1906 4811 2079 4879 libro

523 4935 845 5003 diximus.
924 4931 1093 5011 Qua·
1162 4937 1391 4997 autem
1468 4923 1951 4992 convenientia
2016 4927 2077 4986 et

521 5041 874 5134 proportio
904 5045 1002 5107 est
1033 5038 1207 5105 ossis
1236 5034 1319 5103 ad
1351 5033 1618 5124 spinam
1650 5028 1966 5121 pist-ium,
2001 5049 2078 5093 ea

524 5150 728 5217 etiam
759 5155 858 5214 est
906 5145 1130 5212 carnis
1171 5164 1326 5235 qua·
1386 5148 1488 5208 est
1542 5139 1612 5205 in
1670 5131 2080 5204 habentibus

521 5255 774 5345 spinas.
827 5252 938 5319 Est
1019 5259 1249 5318 autem
1315 5270 1474 5317 caro
1514 5239 1887 5311 materialis
1923 5261 2079 5331 pars

523 5360 812 5427 influens
834 5381 952 5447 per
989 5356 1507 5431 nutrimentum,
1541 5358 1607 5419 et
1646 5348 1931 5417 effluens
1960 5368 2082 5437 per

522 5475 1036 5536 consumentem
1059 5462 1358 5531 calorem
1390 5484 1404 5528 :
1430 5468 1495 5528 et
1520 5456 1673 5527 ideo
1695 5456 1839 5522 sive
1867 5452 2074 5521 absci-

522 5574 721 5642 datur
747 5569 1117 5639 secundum
1159 5569 1571 5637 diametrum
1596 5559 2069 5653 longitudinis,

521 5683 664 5749 sive
692 5675 1078 5747 abscidatur
1111 5674 1488 5743 secundum
1527 5670 1938 5737 diametrum
1969 5665 2075 5732 la-

521 5786 854 5865 titudinis,
886 5806 1158 5876 semper
1212 5780 1553 5858 recrescit,
1586 5785 1655 5845 et
1709 5777 1844 5844 cito
1880 5795 1897 5842 τ
1934 5795 2071 5841 non

1487 471 1573 539 D.
1625 466 1827 534 ALB.
1883 460 2098 529 MAG.
2153 457 2357 526 ORD.
2414 453 2707 522 PRAED.

2154 631 2341 696 euim
2379 627 2688 694 recrescit
2718 629 2983 688 tantum
3018 616 3385 683 secundum
3419 611 3711 700 longitu-

2154 735 2382 801 dinem
2424 733 2634 797 incisa
2672 725 2945 818 quando
3006 722 3332 791 scinditur
3397 742 3539 786 non
3597 714 3712 782 ab·

2157 842 2423 907 scissa:
2488 831 3023 902 reconsolidatur
3071 830 3272 896 etiam
3343 847 3589 893 nervus
3648 827 3714 888 et

2159 969 2356 1020 vena,
2429 941 2700 1030 quaudo
2768 937 3138 1003 secundum
3214 932 3707 1023 longitudinem

2162 1050 2604 1116 scinduntur:
2661 1045 2774 1110 sed
2810 1044 3013 1110 etiam
3048 1039 3317 1130 qnando
3352 1037 3719 1104 absciditur

2163 1155 2536 1222 secuudum
2569 1152 2806 1228 latum,
2871 1148 3180 1216 recreseit
3223 1142 3464 1210 adhuc.
3500 1140 3718 1207 Diffe-

2171 1264 2384 1330 rentia
2413 1271 2641 1328 autem
2672 1267 2770 1326 est
2801 1260 2869 1325 in
2901 1256 3006 1323 his
3039 1276 3188 1345 quae
3220 1258 3372 1318 sunt
3402 1249 3718 1315 iuferiora

2173 1381 2234 1438 et
2266 1371 2613 1460 superiora
2643 1363 2947 1433 membra
2994 1384 3008 1427 ε
3043 1361 3365 1451 quoniam
3400 1354 3719 1421 inferiora

2171 1488 2331 1548 sunt
2360 1479 2656 1567 nigriora
2690 1484 2754 1540 et
2787 1473 3105 1562 spissiora
3147 1475 3420 1557 propter
3449 1462 3720 1551 sangui-

2172 1610 2327 1654 nem
2359 1579 2928 1650 melancholicum
2960 1578 3075 1665 qui
3110 1575 3318 1640 nutrit
3349 1593 3466 1638 ea:
3505 1590 3717 1657 supe-

2176 1696 2354 1759 riora
2418 1699 2645 1755 autem
2693 1683 3128 1753 vernantiora
3182 1689 3246 1746 et
3312 1679 3597 1745 clariora
3661 1683 3727 1741 et

2176 1799 2380 1866 nimis
2409 1798 2624 1887 spissa
2656 1800 2933 1884 propter
2971 1791 3374 1879 sanguinem
3407 1782 3720 1849 subtilem

2178 1917 2241 1975 et
2274 1905 2533 1973 clarum
2568 1904 2982 1969 nutrientem
3016 1920 3091 1964 ea
3125 1919 3272 1986 quae
3313 1901 3472 1961 sunt
3520 1913 3729 1979 supe-

2179 2017 2340 2081 rius.

2267 2120 2583 2210 Amplius
2676 2115 3163 2204 cujuscumque
3229 2108 3475 2175 fuerint
3540 2125 3729 2170 venae

2180 2250 2447 2317 magna·
2504 2234 2565 2292 et
2616 2221 2891 2313 amplae,
2960 2218 3335 2309 sanguisin
3394 2215 3490 2282 eis
3541 2213 3733 2301 niger

2179 2335 2400 2412 valde,
2436 2343 2502 2401 et
2550 2340 2819 2398 ventres
2860 2352 3095 2394 «uirum
3152 2333 3346 2392 erunt
3402 2319 3631 2410 magni
3668 2325 3733 2383 et

2180 2467 2336 2511 caro
2358 2464 2598 2533 pauca,
2624 2436 2908 2528 eoquod
2941 2434 3127 2502 calor
3157 2431 3502 2521 perforans
3531 2449 3733 2495 causa

2181 2561 2277 2618 est
2313 2546 2801 2635 magnitudinis
2848 2563 3207 2618 venarum,
3268 2548 3335 2605 et
3374 2538 3438 2603 in
3499 2536 3596 2603 eis
3634 2542 3736 2601 est

2180 2657 2457 2746 sanguis
2530 2654 2808 2720 adustus
2875 2650 2991 2740 qui
3068 2646 3404 2714 consumit
3469 2663 3736 2730 semper

2182 2787 2452 2831 earnem
2519 2769 2583 2827 et
2641 2766 3022 2847 turgentem
3088 2754 3231 2821 lacit
3282 2760 3615 2817 ventrem.
3684 2746 3732 2811 l‘]

2182 2881 2414 2937 contra
2455 2879 2684 2935 autem
2742 2888 2897 2931 cnm
2956 2871 3223 2929 ventres
3289 2866 3441 2924 sunt
3514 2854 3728 2946 parvi,

2186 2986 2458 3067 propter
2489 2974 2869 3064 oppositam
2903 2991 3175 3035 causam
3210 2990 3364 3032 raro
3398 2964 3518 3031 erit
3554 2959 3736 3028 mul-

2184 3094 2265 3151 ta·
2315 3081 2772 3172 pinguedinis.
2825 3079 3122 3143 l'cnlrcm
3181 3080 3405 3141 autem
3435 3089 3731 3159 parrum

2183 3215 2354 3257 voco
2377 3213 2513 3257 non
2542 3188 2813 3279 quidem
2845 3182 3218 3252 seeundum
3252 3177 3736 3269 pinguedinem

2184 3323 2333 3389 quae
2365 3307 2521 3364 ante
2568 3295 2885 3362 intestina
2914 3300 2978 3358 et
3009 3293 3183 3358 circa
3223 3312 3298 3355 ea
3350 3287 3740 3374 [requenter

2184 3405 2593 3482 ctnnnlalur,
2645 3402 2760 3468 sed
2837 3398 3111 3491 qnando
3164 3403 3422 3463 meatus
3483 3390 3739 3459 intesti-

2184 3534 2426 3578 norum
2468 3516 2625 3575 suut
2682 3506 2870 3597 parvi
2928 3512 2995 3571 et
3040 3502 3278 3578 stricti,
3323 3507 3388 3565 et
3429 3518 3619 3563 vena·
3663 3494 3732 3559 in

2183 3619 2433 3687 talibus
2529 3624 2689 3683 sunt
2780 3613 3053 3689 strirtae,
3157 3610 3271 3676 vix
3394 3625 3733 3696 apparen-

2184 3734 2309 3791 tes.

2275 3830 2588 3920 Amplius
2636 3833 2866 3894 autem
2925 3825 3101 3891 inter
3155 3818 3424 3910 girbum
3466 3823 3532 3883 et
3584 3817 3742 3906 pin·-

2184 3937 2547 4026 guedinem
2579 3930 2933 4022 sanguinis
2952 3937 3051 3995 est
3081 3924 3292 3993 multa
3322 3923 3680 3991 diversitas
3716 3942 3732 3987 z

2186 4046 2513 4137 «pioniam
2544 4040 2816 4133 girbum
2847 4044 3127 4129 propter
3151 4035 3253 4100 sui
3288 4030 3742 4099 terrestreita-

2186 4166 2324 4222 tem
2381 4164 2448 4222 et
2522 4152 2891 4219 siccitatem
2941 4144 3419 4238 pulverizatur,
3468 4137 3743 4230 quando

2186 4262 2471 4331 fricatur
2532 4257 2853 4327 manibus
2908 4263 3271 4345 postquam
3328 4248 3741 4315 exsiccatum

2190 4379 2315 4438 est.
2349 4367 2484 4437 Sed
2515 4364 2861 4458 pinguedo
2890 4362 3240 4452 antiquata
3274 4364 3340 4424 et
3377 4353 3741 4422 confricata

2190 4478 2387 4547 citius
2434 4474 2769 4566 liquescit,
2838 4480 2899 4537 et
2971 4469 3123 4536 ideo
3178 4467 3331 4557 plus
3360 4462 3445 4530 ad
3501 4482 3740 4550 sepum

2187 4607 2395 4677 quam
2441 4583 2524 4651 ad
2564 4580 2870 4671 sagimen
2912 4575 3182 4666 girbum
3221 4570 3536 4637 declinat.

2275 4690 2588 4781 Amplius
2617 4696 2845 4755 autem
2885 4680 3200 4750 brodium
3252 4679 3319 4746 iu
3359 4698 3497 4767 quo
3536 4673 3742 4741 deco-

2186 4802 2417 4892 quitur
2442 4821 2604 4867 caro
2644 4792 2961 4863 animalis
3002 4787 3412 4855 abundantis
3450 4786 3518 4852 in
3584 4784 3742 4874 pin-

2185 4907 2480 4999 guedine
2528 4915 2591 4975 et
2645 4901 2961 4971 habentis
3028 4921 3272 4989 parvos
3347 4899 3615 4962 meatus
3671 4891 3737 4957 in

2183 5023 2419 5083 ventre
2486 5022 2546 5081 et
2615 5012 2833 5090 venis,
2903 5029 3040 5076 non
3099 5002 3501 5095 coagulatur
3580 4995 3735 5064 forti

2185 5122 2689 5215 coagulatione,
2739 5116 2858 5186 sed
2914 5120 3180 5181 constat
3235 5103 3732 5200 aliquantulum

2185 5255 2341 5300 cum
2381 5230 2580 5299 fuerit
2659 5222 3147 5317 infrigidatum,
3194 5221 3366 5287 sicut
3398 5216 3731 5306 sagimen,

2186 5342 2360 5407 sicut
2421 5334 2739 5405 brodium
2798 5331 2952 5424 equi
3011 5337 3075 5398 et
3151 5326 3338 5418 porci
3387 5329 3452 5389 et
3520 5320 3730 5389 canis.

2183 5448 2350 5536 Ejus
2404 5454 2634 5514 autem
2679 5440 2996 5511 brodium
3071 5433 3255 5528 quod
3309 5428 3612 5500 abundat
3665 5428 3733 5495 in

2183 5555 2380 5648 girbo
2420 5563 2487 5623 et
2532 5574 2720 5643 sepo,
2772 5546 3169 5638 congelatur
3222 5550 3288 5610 et
3350 5538 3728 5618 induratur,

2183 5665 2354 5732 sicut
2411 5682 2653 5752 caprae,
2731 5658 2907 5740 ovis,
2966 5661 3032 5721 et
3068 5672 3313 5732 vaccae,
3342 5657 3413 5717 et
3441 5646 3730 5715 aliorum

2183 5771 2512 5838 similium
2547 5791 2565 5838 z
2599 5768 2665 5835 id
2704 5765 2888 5836 enim
2920 5759 3105 5853 quod
3158 5759 3367 5829 molle
3398 5756 3727 5835 remanet,
