4919 6371
567 420 695 487 266

564 585 646 650 ad
704 593 958 674 partem
1026 582 1322 669 corporis
1383 581 1813 648 inferiorem:
1851 590 1917 649 et
1956 579 2102 648 hirc

559 701 656 758 est
711 689 948 756 similis
1012 689 1333 754 creationi
1394 689 1713 756 mamillae
1753 691 1822 756 in
1856 690 2095 778 ligura.

555 796 859 863 Foemina
915 817 1075 862 vero
1144 795 1348 863 habet
1400 796 1566 863 duaa
1606 798 1754 864 vias
1787 797 2100 886 superius

555 904 1031 972 descendentes
1081 905 1162 972 ad
1234 907 1555 974 inferius:
1622 915 1687 975 ot
1774 906 1899 973 sub
1955 905 2099 970 istis

559 1011 688 1078 viis
717 1014 1004 1079 marium
1047 1021 1107 1080 et
1151 1013 1582 1079 foeminarum
1616 1019 1775 1079 sunt
1813 1032 2094 1098 corpora

559 1120 766 1187 rubea
796 1139 943 1209 quae
974 1127 1129 1186 sunt
1158 1142 1322 1185 vasa
1378 1118 1799 1184 continentia
1858 1137 1986 1181 ova
2029 1115 2096 1179 in

557 1226 871 1302 foeminis,
907 1235 972 1292 et
1000 1225 1101 1291 lac
1131 1226 1198 1289 in
1229 1222 1530 1289 maribus
1568 1246 1582 1288 :
1629 1230 1690 1288 ct
1726 1220 1835 1286 illa
1871 1243 1999 1286 ova
2032 1228 2094 1286 et

553 1333 657 1401 lac
710 1341 863 1399 sunt
940 1352 1021 1396 ex
1087 1330 1414 1417 superiori
1449 1336 1639 1418 parto
1694 1327 1939 1417 posita,
2002 1327 2096 1393 ita

556 1440 737 1530 quod
784 1445 1103 1526 apparent
1145 1437 1601 1502 extrinsecus:
1647 1442 1715 1502 et
1760 1435 1939 1501 intra
1967 1435 2093 1500 ista

553 1567 716 1612 vasa
772 1551 868 1610 est
898 1565 1153 1622 semen,
1195 1548 1259 1610 et
1287 1544 1471 1610 calor
1499 1545 1645 1634 ejus
1675 1549 1777 1611 eat
1812 1564 1991 1610 unus
2028 1550 2094 1610 at

555 1652 758 1729 idem,
803 1651 994 1719 albus
1031 1651 1340 1720 videlicet
1368 1652 1540 1719 leuis
1579 1650 1984 1741 superficiei,
2028 1656 2093 1716 et

554 1761 890 1852 quantitas
921 1777 1204 1828 ovorum
1248 1767 1312 1828 et
1359 1760 1637 1826 seminis
1690 1756 1893 1847 hujus
1941 1758 2094 1823 ani-

555 1865 750 1937 malis
815 1876 910 1936 est
976 1875 1304 1958 quantum
1374 1866 1639 1955 impleri
1695 1870 1923 1954 potest
1967 1884 2090 1930 vas

552 1977 772 2063 majus
820 1976 1036 2065 rapite
1069 1977 1369 2063 ipsorum
1401 1996 1415 2040 ε
1452 1980 1517 2039 ct
1546 1970 1700 2037 ideo
1759 1978 2089 2060 concepto

550 2082 807 2152 semine
838 2087 1218 2150 tumescunt
1246 2103 1405 2148 vasa
1447 2078 1559 2146 illa
1590 2095 1796 2169 supra
1850 2078 2088 2167 capitia

552 2214 787 2259 corum
847 2190 1320 2280 quantitatem.
1367 2187 1572 2276 Sepia
1614 2194 1844 2253 autem
1885 2182 2088 2252 habet

551 2300 618 2365 in
684 2298 998 2365 anteriori
1061 2298 1204 2386 ejus
1266 2295 1401 2362 «luo
1457 2315 1617 2361 vasa
1673 2293 1875 2384 plena
1940 2292 2086 2358 ovis

555 2424 702 2496 quoe
733 2412 884 2472 sunl
927 2403 1169 2470 similia
1212 2401 1547 2493 grandini,
1591 2408 1657 2466 el
1706 2408 1865 2467 sunt
1902 2397 2078 2466 alba.

550 2510 874 2580 Omnium
932 2519 1156 2577 autem
1223 2507 1690 2576 membrorum
1747 2506 2084 2574 dictorum

543 2619 710 2686 situs
749 2627 813 2686 et
854 2618 1066 2709 ligura
1099 2616 1305 2714 scitur
1334 2637 1457 2704 per
1493 2615 1938 2681 anatomiam.

635 2724 707 2790 ln
747 2721 1061 2791 omnibu.-
1097 2728 1323 2787 autcm
1356 2717 1721 2810 generibus
1751 2712 2084 2783 malachie

542 2834 891 2902 diversitas
947 2837 1040 2896 est
1104 2830 1281 2895 inter
1333 2849 1555 2895 mares
1612 2835 1679 2895 et
1718 2827 2079 2894 l'mminaa:

546 2941 870 3031 quoniam
927 2956 1143 3003 mares
1200 2942 1356 3001 suut
1409 2930 1830 3023 pulchriores
1869 2932 2089 2999 smmi—

546 3049 675 3126 ni3‚
699 3054 762 3115 et
793 3046 1089 3115 maximo
1121 3044 1187 3110 in
1217 3043 1405 3133 sepia
1441 3062 1455 3107 :
1517 3043 1847 3131 quoniam
1897 3049 2086 3107 anto-

544 3157 721 3224 riora
750 3173 1107 3245 corporum
1146 3152 1348 3241 sepite
1404 3149 1699 3219 smminoe
1730 3156 1891 3217 aunt
1936 3170 2088 3216 ma·-

543 3264 645 3353 gis
684 3260 861 3329 levia
903 3281 1106 3351 qnam
1165 3258 1364 3326 dorsa
1422 3260 1753 3348 ipsorum,
1795 3264 1865 3325 et
1929 3276 2088 3324 cor-

545 3391 710 3463 pora
739 3369 1025 3437 marium
1067 3377 1221 3433 sunt
1262 3366 1479 3455 magia
1508 3387 1745 3457 aspera
1776 3364 2088 3455 corpori-

546 3480 669 3545 bus
699 3475 1150 3544 scr-minarum.
1195 3475 1499 3563 Corpora
1529 3473 1715 3540 enim
1765 3471 2088 3540 immina-

543 3605 693 3652 rum
759 3585 915 3649 aunt
968 3578 1143 3648 lenia
1198 3580 1416 3658 llloaa,
1467 3588 1531 3647 ot
1571 3580 1873 3647 maxima
1911 3578 2090 3646 inter

546 3708 775 3761 coxas.

630 3798 943 3890 Amplius
1033 3806 1258 3864 autem
1353 3817 1604 3888 genera
1715 3794 2080 3873 malachie,

544 3930 692 4001 quoe
729 3912 887 3977 suut
913 3905 1288 3973 multorum
1344 3904 1623 3997 pedum,
1669 3912 1828 3972 aunt
1868 3904 2085 3972 multa

544 4037 828 4085 numero
860 4021 965 4081 :et
988 4034 1200 4081 unum
1231 4012 1573 4105 quoddam
1596 4031 1815 4101 genua
1845 4034 2086 4080 eorum

545 4124 724 4215 quod
747 4132 845 4191 est
877 4119 1251 4190 maximum
1272 4123 1542 4212 generis
1566 4143 1832 4197 eorum,
1857 4141 2089 4188 ascon-

543 4231 636 4299 dit
667 4248 1170 4321 superaquam,
1212 4234 1276 4294 et
1325 4225 1455 4295 hoc
1501 4232 1753 4295 vocant
1798 4225 2084 4317 quidam

542 4356 982 4405 asc-emmeant
1012 4354 1027 4402 ε
1060 4343 1125 4401 ot
1163 4330 1294 4400 linc
1324 4333 1485 4401 dicit
1515 4332 1868 4400 Avicenna
1897 4352 2089 4399 aem·

543 4469 660 4536 per
697 4451 925 4511 natare
956 4460 1161 4531 super
1189 4460 1481 4531 aquam:
1519 4446 1586 4508 et
1632 4437 1917 4531 quidam
1953 4460 2087 4506 vo·-

540 4558 695 4620 cant
762 4551 982 4641 ipsum
1031 4548 1390 4614 draconem
1427 4546 1855 4637 aquaticum.
1918 4544 2085 4616 Post

543 4658 709 4728 illud
737 4666 961 4728 auu-m
993 4678 1209 4747 genus
1236 4664 1338 4723 eat
1367 4653 1531 4723 illud
1563 4652 1751 4745 quod
1778 4653 2082 4722 ambulat

538 4773 1013 4857 superterram
1055 4762 1120 4829 in
1160 4759 1496 4853 profundo
1537 4759 1788 4828 maria:
1822 4765 1889 4828 et
1928 4767 2082 4852 pont

542 4874 731 4952 illud,
791 4870 1161 4940 secundum
1233 4870 1679 4949 Avicennam.
1751 4880 1909 4938 aunt
2000 4891 2082 4937 oa

540 5003 688 5075 qua!
754 4985 987 5049 natant
1046 4980 1113 5046 in
1170 4978 1398 5047 medio
1457 4978 1633 5045 inter
1678 4976 1965 5046 fundum
2013 4984 2081 5046 ot

538 5109 731 5182 aqua·
768 5088 1217 5179 superficiem,
1259 5095 1321 5153 et
1354 5086 1469 5153 illa
1500 5092 1657 5153 sunt
1706 5105 1914 5177 parva
1967 5107 2081 5152 re-

536 5207 768 5293 spectu
836 5198 1127 5266 duorum
1194 5196 1750 5287 prtecedentium‚
1807 5204 1873 5264 et
1920 5200 2082 5263 sunt

539 5305 766 5375 multae
819 5304 1263 5372 diversitatis:
1326 5310 1393 5369 et
1449 5301 1533 5370 de
1580 5323 1870 5371 numero
1921 5302 2081 5370 illo-

540 5437 687 5485 rum
727 5418 826 5481 est
855 5411 1128 5503 quidam
1170 5411 1439 5485 modus,
1473 5412 1589 5502 qui
1623 5410 1775 5479 licet
1827 5410 2078 5479 habeat.

537 5517 766 5611 pedes,
799 5525 1019 5584 tamen
1062 5515 1316 5582 nullam
1358 5516 1750 5604 juncturam
1792 5517 2075 5583 omnino

534 5626 737 5696 habet
791 5627 860 5693 in
900 5623 1231 5701 cruribus,
1277 5626 1407 5692 nisi
1449 5623 1636 5692 illam
1665 5644 1819 5717 qum
1854 5632 1959 5693 eat
2004 5625 2075 5692 in

535 5733 1008 5824 conjunctione
1069 5731 1280 5797 cruris
1327 5729 1410 5797 ad
1485 5744 1732 5822 corpus
1766 5752 1784 5800 t
1813 5739 1881 5800 et
1920 5730 2073 5800 ideo

1557 407 1640 480 D.
1698 409 1891 480 ΑΕΒ.
1947 409 2162 481 MAG.
2217 413 2421 484 ORD.
2479 409 2773 485 PRAED.

2208 583 2480 672 quando
2499 585 2763 671 ejicitur
2802 584 2884 650 de
2916 585 3110 661 mari,
3140 585 3425 650 moritur
3459 582 3753 656 tandein,

2206 695 2366 780 quia
2397 693 2612 760 redire
2655 714 2794 760 non
2837 701 3084 782 potest.

2292 799 2534 865 Adhuc
2597 806 2827 867 autem
2887 800 2968 867 de
3044 799 3266 865 modis
3326 800 3611 866 istorum
3654 805 3754 864 est

2205 903 2447 968 modus
2479 904 2794 970 animalis
2833 906 3018 994 quod
3066 912 3348 972 vocatur
3399 905 3634 981 molle,
3670 926 3750 969 eo

2203 1007 2386 1095 quod
2432 1029 2569 1073 non
2611 1007 2818 1074 habet
2856 1008 3119 1075 corium
3150 1032 3494 1100 asperum,
3531 1019 3596 1078 et
3633 1009 3750 1077 ha-

2200 1111 2315 1178 bet
2345 1112 2413 1178 in
2444 1114 2671 1180 medio
2703 1117 3009 1203 corporis
3049 1117 3151 1182 sui
3203 1117 3611 1205 profundam
3640 1117 3751 1184 fo-

2200 1241 2421 1297 veam,
2481 1228 2548 1287 et
2599 1221 2739 1310 ipse
2793 1222 3091 1310 pascitur
3137 1244 3314 1311 saepe
3340 1226 3536 1313 juxta
3568 1225 3751 1291 littus

2199 1329 2430 1407 maria,
2476 1338 2542 1396 et
2572 1328 2720 1396 ideo
2751 1351 2931 1420 aaepe
2962 1330 3228 1419 ejicitur
3256 1351 3293 1395 a
3337 1332 3503 1396 mari
3550 1350 3753 1421 super

2199 1459 2475 1504 arenam
2501 1446 2572 1505 et*
2606 1440 2897 1506 moritur
2933 1437 3213 1517 ibidem,
3249 1461 3330 1507 eo
3362 1438 3545 1529 quod
3577 1441 3748 1506 redi-

2197 1566 2266 1611 re
2323 1567 2463 1612 non
2507 1552 2732 1634 potest
2795 1545 2875 1612 ad
2936 1566 3236 1636 aquam:
3273 1531 3336 1614 et
3367 1545 3476 1614 hic
3500 1547 3743 1615 modus

2195 1658 2295 1718 cst
2328 1652 2529 1719 valde
2567 1673 2842 1743 parvus.

2281 1757 2526 1827 Adhuc
2563 1765 2791 1826 autem
2822 1756 2984 1826 huic
3012 1759 3289 1827 animali
3331 1763 3737 1849 conjunctus

2192 1874 2287 1931 est
2355 1867 2633 1955 quidam
2701 1868 2948 1935 modus
3005 1869 3123 1959 qui
3180 1878 3281 1935 eat
3322 1870 3388 1936 in
3420 1871 3631 1945 testis,
3675 1878 3738 1937 et

2192 1992 2569 2066 numquam
2609 1979 2743 2043 exit
2775 1977 2859 2044 ab
2892 1980 3013 2054 eia,
3048 1975 3164 2045 sed
3204 1976 3495 2045 extrahit
3539 1986 3739 2068 caput

2191 2090 2255 2150 ct
2321 2084 2652 2172 quosdam
2721 2081 2952 2175 pedena,
3030 2103 3150 2176 per
3208 2106 3380 2175 quos
3436 2087 3735 2176 pascitur

2190 2189 2463 2279 quaudo
2496 2193 2730 2280 recipit
2757 2192 3011 2259 cibum.
3049 2192 3128 2259 ln
3158 2191 3287 2259 hoc
3328 2193 3507 2258 enirn
3554 2193 3737 2282 quod

2189 2294 2318 2364 hoc
2356 2297 2769 2365 conchilium
2802 2297 3008 2366 habet
3045 2297 3298 2365 multos
3327 2298 3556 2388 pedes,
3609 2321 3734 2385 go-

2188 2407 2331 2473 neri
2364 2408 2868 2497 appropinquat
2889 2404 3242 2474 malachie.

2278 2514 2435 2582 Ilaec
2466 2515 2674 2601 igitur
2702 2523 2804 2582 est
2832 2514 3188 2604 dispositio
3218 2515 3530 2582 animalis
3591 2533 3732 2583 nia-

2191 2625 2320 2691 rini
2352 2623 2534 2713 quod
2572 2623 2916 2690 malachie
2939 2628 3242 2691 vocatur.
3271 2690 3280 2699 ,
