4919 6371
2032 355 2199 422 LlB.
2253 356 2284 422 1
2330 354 2449 422 DE
2498 352 3082 441 ANIMALIBUS,
3132 357 3442 426 TRACT.
3499 357 3559 424 11

1190 523 1647 594 auricularum
1678 518 1966 608 hepatis,
2036 524 2384 595 Avicenna
2444 524 2604 593 dicit
2640 526 2736 593 si·-

1189 631 1514 722 guiticare
1543 649 1557 694 :
1600 627 1778 693 sicut
1805 635 1868 694 et
1899 634 2295 723 magnitudo
2342 630 2735 702 eorumdem

1193 736 1500 826 ejusdem
1531 732 1798 823 hepatis
1836 735 2129 809 declarat
2173 739 2735 831 magnitudinem,

1196 853 1262 913 et
1288 845 1591 933 parvitas
1621 843 2046 930 parvitatem.
2084 848 2363 937 Ungues
2394 845 2598 912 ctiam
2639 840 2742 907 al-

1195 954 1263 1019 bi
1303 951 1490 1042 plani
1523 951 1766 1021 molles
1795 960 1863 1020 et
1905 962 2142 1023 tenues
2189 963 2256 1022 et
2293 951 2740 1020 subrubentes

1197 1068 1264 1128 et
1291 1060 1466 1128 bene
1495 1059 1850 1151 perlucidi,
1877 1063 2205 1150 optimum
2239 1061 2306 1126 in
2339 1058 2614 1128 homine
2642 1058 2740 1122 in-

1194 1168 1477 1259 genium
1509 1166 1834 1234 indicant.
1869 1165 1952 1232 Et
1990 1164 2120 1236 hoc
2157 1177 2258 1235 est
2288 1190 2502 1234 unum
2532 1188 2615 1234 ex
2644 1164 2742 1231 si·-

1193 1275 1347 1365 gnis
1386 1273 1573 1364 quod
1608 1270 1806 1337 valde
1872 1294 2022 1338 raro
2087 1273 2280 1353 fallit,
2360 1273 2520 1364 quia
2571 1271 2739 1339 tales

1191 1402 1459 1471 ungues
1524 1378 1609 1445 ab
1682 1377 1941 1466 optima
2006 1381 2377 1470 procedunt
2438 1377 2741 1469 comple-

1187 1487 1418 1553 xione.
1458 1484 1740 1574 Ungues
1772 1492 2000 1553 autem
2037 1488 2266 1555 inflexi
2297 1493 2365 1555 et
2388 1484 2603 1563 curvi,
2628 1506 2741 1550 ra—

1186 1616 1388 1685 paces
1419 1591 1718 1661 indicant
1753 1602 1820 1661 et
1850 1595 2347 1686 imprudentes:
2393 1603 2461 1663 et
2498 1594 2552 1661 si
2583 1600 2739 1659 sunt

1186 1724 1345 1770 cum
1367 1702 1583 1769 macie
1614 1700 2008 1790 digitorum,
2040 1703 2423 1794 significant
2442 1701 2736 1768 futuram

1186 1807 1481 1877 ethicam
1519 1806 1630 1876 vel
1659 1805 1963 1897 pthisim,
2014 1817 2131 1877 aut
2186 1818 2553 1899 utrumque
2590 1806 2737 1874 illo-

1187 1939 1365 1983 rum.
1401 1913 1536 1993 Qui
1566 1921 1799 1982 autem
1857 1914 2166 2005 impressi
2195 1925 2355 1985 sunt
2402 1917 2471 1983 in
2511 1914 2732 1982 medio

1188 2031 1254 2090 et
1283 2021 1577 2089 nimium
1606 2020 1833 2111 spissi,
1862 2021 2241 2111 significant
2264 2023 2480 2092 foedos
2518 2020 2731 2089 homi-

1188 2151 1311 2197 nes
1376 2138 1445 2197 et
1499 2127 1811 2196 stolidos
1858 2128 2106 2199 Breves
2157 2138 2388 2200 autem
2444 2129 2734 2197 nimium

1191 2258 1457 2326 ungues
1486 2234 1839 2304 declarant
1865 2236 2266 2329 malignum.
2302 2238 2466 2328 Ejus
2503 2238 2739 2327 dispo-

1194 2342 1461 2410 sitionis
1480 2341 1751 2409 indices
1779 2351 1939 2410 sunt
1956 2343 2345 2434 compallidi
2382 2365 2645 2434 ungues
2673 2349 2740 2408 et

1189 2449 1394 2540 nigri.
1430 2448 1674 2539 Asperi
1705 2454 1933 2516 autem
1981 2460 2048 2520 et
2094 2450 2366 2520 rotundi
2394 2450 2588 2542 proni
2626 2448 2741 2517 de-

1194 2556 1549 2625 clinantia
1592 2578 1939 2626 venerem.
1992 2557 2278 2639 Quando
2327 2567 2556 2627 autem
2593 2560 2739 2625 sine

1194 2664 1554 2732 manifesta
1583 2685 1791 2731 causa
1820 2687 2081 2755 ungues
2128 2667 2211 2735 de
2251 2666 2427 2734 facili
2468 2665 2736 2742 cadunt,

1195 2771 1458 2864 lepram
1506 2771 1896 2864 significant
1938 2773 2257 2843 futuram.
2301 2775 2509 2865 Digiti
2539 2775 2742 2842 etiam

1193 2879 1615 2951 cohaerentes
1653 2888 1721 2948 et
1758 2881 2100 2970 conjuncti
2151 2881 2458 2950 invidum
2517 2888 2744 2950 osten-

1196 2991 1368 3060 dunt
1397 2988 1756 3058 hominem
1779 3009 1797 3055 z
1824 2988 2084 3060 collecti
2110 2999 2337 3059 autem
2370 2999 2436 3059 et
2464 2989 2749 3080 conglo-

1199 3099 1367 3180 bati,
1409 3120 1697 3168 avarum
1732 3098 1966 3168 dicunt
1990 3107 2060 3169 et
2095 3100 2514 3193 malignum:
2557 3099 2747 3193 parvi
2800 3095 2808 3103 ’

1201 3231 1367 3276 vero
1414 3216 1482 3276 et
1516 3214 1762 3276 tenues
1799 3205 2106 3278 stultum.
2137 3208 2195 3277 E
2240 3216 2476 3277 contra
2520 3216 2748 3277 autem

1194 3316 1391 3408 parvi
1434 3324 1501 3384 et
1545 3315 1781 3393 crassi,
1833 3322 1901 3384 et
1934 3315 2237 3387 invidum
2284 3324 2351 3386 et
2422 3317 2746 3384 audacem

1196 3425 1497 3493 indicant
1535 3431 1604 3492 et
1638 3422 1886 3491 serum.
1920 3424 2051 3504 Qui
2080 3432 2309 3494 autem
2339 3426 2543 3493 nimis
2579 3425 2753 3493 vici-

1200 3534 1270 3602 ni
1311 3538 1572 3602 suntet
1607 3539 1848 3601 tenues
1875 3530 2096 3625 digiti,
2136 3532 2339 3626 longo
2375 3541 2531 3602 sunt
2563 3555 2601 3601 a
2638 3554 2756 3601 sa·-

1197 3641 1482 3734 pientia.
1518 3639 1596 3709 Si
1643 3642 1878 3709 autem
1920 3641 2273 3712 moderato
2310 3643 2533 3736 spatio
2565 3643 2642 3710 in
2678 3664 2753 3709 se

1196 3751 1475 3825 distant,
1500 3748 1688 3819 leves
1716 3747 1953 3817 dicunt
1979 3771 2125 3821 esse
2153 3759 2220 3821 et
2251 3750 2594 3844 loquaces.
2617 3749 2753 3829 Qui

1204 3880 1368 3927 vero
1399 3864 1794 3948 temperata!
1832 3867 1987 3925 sunt
2015 3859 2503 3951 magnitudinis
2539 3867 2608 3927 ct
2631 3856 2750 3926 ho·

1206 3973 1414 4033 nestae
1439 3963 1717 4054 speciei,
1747 3985 1975 4031 mores
2002 3967 2298 4055 optimos
2324 3965 2648 4034 indicant.
2666 3962 2753 4033 Et

1204 4073 1350 4143 baec
1378 4071 1616 4140 omnia
1645 4069 1854 4140 etiam
1886 4070 1954 4138 in
1984 4072 2233 4162 pedum
2265 4072 2495 4162 digitis
2527 4081 2595 4140 et
2620 4094 2756 4140 un-

1199 4181 1452 4273 guibus
1489 4186 1824 4271 quantum
1864 4179 1947 4246 ad
1987 4182 2178 4272 signa
2208 4204 2443 4250 eorum
2477 4204 2626 4272 qua·
2656 4180 2755 4247 di·

1200 4299 1309 4359 cta
1346 4298 1531 4367 suat,
1564 4287 2032 4357 attenduntur.

1212 4434 1217 4439 ·
1288 4396 1537 4467 Latera
1573 4397 1783 4466 etiam
1826 4397 2057 4467 tenuia
2118 4406 2189 4485 et
2223 4405 2515 4489 angusta
2539 4403 2605 4466 et
2632 4396 2758 4465 de·

1198 4527 1465 4596 pressa,
1501 4501 1940 4572 timiditatem
1968 4503 2291 4574 indicant.
2332 4506 2504 4585 Quae
2528 4511 2754 4572 autem

1199 4612 1448 4681 referta
1476 4619 1639 4680 sunt
1677 4610 2000 4680 carnibus
2042 4620 2111 4682 et
2137 4612 2331 4692 dura,
2389 4610 2756 4681 indocilem

1207 4720 1557 4787 bominem
1579 4718 1944 4786 ostendunt
1974 4744 1988 4787 :
2018 4720 2356 4790 baecenim
2386 4719 2755 4787 secundum

1212 4827 1574 4897 Platonem
1614 4825 1704 4895 ad
1750 4847 1950 4895 ranas
2013 4826 2413 4898 referuntur.
2444 4824 2759 4917 Amplius

1208 4942 1445 5003 autem
1504 4931 1790 5002 dorsum
1827 4941 1893 5001 et
1929 4933 2250 5016 solidum,
2281 4933 2479 5003 virile
2513 4941 2638 5001 est.
2683 4930 2757 4999 Si

1215 5043 1285 5111 in
1351 5040 1783 5112 contrarium
1822 5040 1935 5121 sit,
1982 5041 2296 5111 muliebri
2359 5038 2762 5111 adscribitur

1206 5150 1474 5242 generi.
1548 5150 1866 5229 Quorum
1930 5159 2155 5219 autem
2213 5150 2494 5219 dorsum
2533 5150 2764 5218 incur-

1204 5283 1369 5326 vum
1414 5266 1539 5337 est,
1586 5258 1641 5324 si
1686 5258 1751 5323 iu
1795 5256 1981 5323 molli
2021 5281 2217 5326 carne
2263 5260 2343 5324 su·
2378 5265 2552 5325 runt.
2588 5264 2650 5323 et
2700 5255 2751 5321 si

1198 5388 1350 5455 qum
1381 5366 1585 5454 juxta
1618 5362 1733 5430 illa
1768 5371 1925 5430 sunt
1950 5367 2368 5456 angustiora,
2403 5373 2756 5453 tamquam

1196 5471 1332 5538 sint
1364 5469 1739 5538 succincti:
1776 5466 1845 5535 1ιί
1878 5468 1945 5537 in
1983 5472 2170 5539 omni
2225 5494 2429 5563 opere
2481 5468 2761 5537 virtutis

1196 5576 1619 5669 praecellent,
1652 5582 1720 5643 ct
1748 5575 1819 5642 in
1847 5577 2286 5647 venationum
2324 5575 2551 5646 studio
2575 5596 2764 5642 sum·

1210 5686 1307 5753 mi
1346 5692 1573 5754 erunt.
1627 5680 1874 5751 Adbuc
1920 5684 2126 5774 spina}
2189 5708 2346 5776 pars
2375 5682 2672 5764 interior,
2704 5682 2759 5750 si

4291 361 4416 429 129

2847 525 2998 592 latis
3020 527 3246 613 J'aceat
3283 527 3582 605 natibus,
3648 534 3712 595 et
3773 526 3967 594 molli
4025 549 4228 595 earne
4279 528 4417 595 cir-

2845 631 3185 710 cumdata,
3220 632 3653 700 foemininum
3685 642 3812 711 est,
3858 644 3924 702 et
3954 634 4413 703 ess'oeminatos

2845 736 3162 804 ostendit.
3211 738 3281 805 Si
3315 750 3543 807 autem
3586 762 3740 829 pars
3771 742 4038 830 prolixa
4071 749 4172 810 est
4202 751 4271 811 et
4300 741 4415 810 de-

2843 841 3004 906 sinit
3042 840 3112 906 in
3142 852 3444 921 acutum,
3482 843 4081 933 intemperantiam
4114 844 4414 912 ostendit

2840 947 3229 1028 libidinum,
3264 961 3331 1019 et
3361 953 3826 1020 timiditatem.
3882 951 4120 1019 Virilis
4179 960 4410 1020 autem

2841 1078 2988 1124 esse
3025 1058 3200 1126 solet
3227 1061 3336 1126 cui
3367 1060 3724 1126 moderata
3756 1069 3821 1126 et
3862 1059 4103 1127 solida.
4164 1058 4240 1126 Si
4294 1060 4414 1126 ilia

2839 1164 3057 1231 solida
3095 1164 3350 1232 fuerint
3389 1175 3456 1233 et
3492 1165 3663 1234 dura
3703 1175 3771 1233 et
3821 1165 4116 1234 discreta
4157 1166 4409 1233 fuerint

2841 1270 3134 1348 ossibus,
3206 1271 3509 1339 indicant
3584 1273 3803 1340 ferum
3869 1281 3935 1339 et
4006 1271 4410 1341 bellatorem

2841 1375 3196 1446 hominem
3232 1403 3247 1446 :
3310 1380 3472 1447 talia
3532 1379 3719 1448 enim
3797 1380 3913 1447 ilia
3973 1381 4060 1448 ad
4135 1380 4435 1449 leonem⁴

2841 1483 3039 1553 Plato
3100 1486 3262 1554 dicit
3317 1487 3575 1555 referri.
3624 1486 3700 1554 Si
3758 1495 3992 1556 autem
4048 1488 4189 1554 sint
4216 1484 4410 1554 molli

2841 1613 3043 1660 carne
3071 1593 3436 1684 completa,
3473 1593 3808 1661 muliebre
3842 1593 4204 1684 ingenium
4236 1592 4413 1660 desi·

2838 1697 3171 1789 gnabunt.
3216 1698 3383 1779 Quae
3411 1710 3641 1768 autem
3675 1699 3969 1767 nimium
4000 1722 4213 1768 exosa
4251 1708 4412 1767 sunt

2840 1815 2907 1874 et
2937 1829 3188 1899 rugosa
3222 1818 3291 1878 et
3318 1811 3507 1877 tenui
3535 1816 3690 1878 cute
3748 1809 4199 1885 circumdata,
4232 1810 4410 1876 sicut

2837 1922 3000 1982 sunt
3029 1914 3140 1982 ilia
3171 1917 3554 1996 simiarum,
3589 1916 4090 2009 malignitatem
4119 1924 4412 2008 praeten·

2840 2022 3034 2091 dunt.
3071 2023 3484 2094 Earumdem
3523 2034 3754 2093 autem
3787 2049 4019 2093 rerum
4052 2027 4263 2094 etiam
4303 2023 4410 2092 fe-

2839 2152 3033 2198 mora
3108 2136 3268 2197 sunt
3333 2131 3529 2221 signa
3603 2128 3983 2199 secundum
4075 2128 4408 2197 l‘alemo-

2840 2257 3023 2303 nem.
3059 2233 3236 2315 Quia
3264 2238 3471 2305 etiam
3528 2236 3753 2305 femur
3790 2244 3860 2305 et
3917 2235 4037 2305 ilia
4093 2235 4403 2324 subjecto

2840 2365 2981 2410 non
3010 2341 3356 2424 differunt,
3399 2344 3518 2413 sed
3555 2345 3845 2428 ratione,
3879 2343 4056 2412 sicut
4089 2352 4279 2435 patet
4314 2364 4401 2410 ex

2842 2452 3200 2520 anatomia
3225 2453 3598 2542 soenorum.

2932 2575 3133 2645 Nunc
3157 2584 3391 2645 autem
3447 2579 3644 2664 signa
3674 2597 4031 2643 sumamus
4070 2596 4156 2642 ex
4186 2574 4412 2642 cruri-

2844 2684 2972 2750 bus
3012 2706 3164 2774 quae
3192 2693 3353 2752 sunt
3391 2687 3571 2751 inter
3607 2706 3789 2772 genu
3817 2691 3884 2750 et
3916 2682 4186 2773 pedem.
4232 2680 4412 2748 Dicit

2842 2790 3027 2857 enim
3059 2789 3482 2864 Aristoteles,
3527 2788 3715 2880 quod
3770 2811 3998 2878 genua
4037 2808 4192 2878 qum
4237 2787 4416 2853 inter

2842 2920 2915 2963 se
2998 2917 3332 2965 conversa
3405 2906 3590 2970 sunt.
3679 2897 3876 2988 quasi
3963 2893 4408 2972 collidantur,

2845 3002 2931 3070 ad
2978 3002 3373 3071 foemineam
3432 3001 3820 3070 referuntur
3889 3002 4410 3093 proprietatem.

2847 3106 3138 3188 Quando
3177 3109 3384 3176 etiam
3416 3130 3574 3200 pars
3628 3106 3845 3175 cruris
3874 3128 4031 3198 qua:
4070 3102 4199 3173 sub
4232 3126 4414 3197 genu

2843 3224 2948 3286 est
2984 3225 3052 3286 et
3081 3224 3365 3287 vocatur
3423 3240 3620 3296 sura,
3679 3222 3787 3283 cst
3839 3214 4048 3305 plena
4101 3221 4174 3284 et
4215 3211 4411 3305 quasi

2844 3325 3151 3416 gravida,
3186 3323 3536 3393 sordidum
3584 3324 3929 3413 signifieat
3957 3321 4319 3391 hominem
4347 3326 4417 3387 et

2847 3433 3375 3525 intemperatum
3443 3440 3511 3502 et
3576 3429 4093 3522 impudentem:
4129 3427 4416 3497 serviles

2834 3542 3029 3635 ‚enim
3069 3562 3298 3609 mores
3345 3537 3494 3609 boec
3529 3539 3731 3630 signa
3785 3533 4411 3627 comprehendunt.

2845 3646 3018 3715 Cum
3046 3654 3279 3716 autem
3320 3644 3689 3714 moderato
3716 3652 3877 3711 suat
3918 3640 4422 3734 magnitudinis

2847 3762 2917 3822 et
2949 3751 3394 3845 plenitudinis
3430 3750 3666 3821 solidae
3718 3757 3786 3818 et
3850 3749 4163 3817 discrete
4199 3744 4288 3816 ad
4316 3745 4424 3815 in·

2849 3863 3101 3947 vicem,
3162 3862 3503 3954 optimum
3561 3860 3918 3949 ingenium
3983 3854 4413 3927 indicabunt.

2854 3968 3097 4038 Molles
3131 3978 3364 4038 autem
3393 3991 3569 4037 surae
3595 3966 4036 4036 etl'mininatis
4064 3965 4422 4055 assignan-

2855 4087 2990 4157 tur,
3030 4085 3102 4149 et
3123 4077 3316 4146 sexui
3355 4074 3703 4146 muliebri.
3729 4073 3892 4143 1111ae
3916 4081 4155 4142 autem
4191 4080 4422 4163 partes

2857 4184 3155 4252 crurium
3186 4192 3343 4291 sgnnt
3377 4183 3704 4273 proxima·
3765 4181 3940 4247 talis.
4011 4177 4153 4246 lma
4213 4178 4421 4268 igitur

2857 4291 3110 4384 pedum
3141 4298 3209 4361 et
3232 4288 3533 4361 calcanei
3572 4312 3733 4357 cum
3772 4286 3983 4377 longa
4008 4294 4171 4356 sunt
4209 4291 4280 4353 ct
4308 4307 4426 4354 re-

2857 4399 3028 4467 ferta
3051 4395 3710 4476 carnibus‚stultum
3760 4390 4166 4462 indicabunt
4202 4396 4271 4461 et
4315 4389 4429 4459 ia-

2857 4528 3132 4576 sanum.
3164 4502 3254 4572 Et
3288 4503 3491 4572 refert
3527 4499 3661 4570 boc
3702 4497 4037 4567 Palemon
4066 4520 4111 4565 a
4163 4518 4240 4565 se
4295 4517 4430 4564 ιω-

2860 4612 3016 4704 pius
3039 4616 3443 4701 expertum:
3478 4605 3817 4698 precipue
3847 4611 4080 4675 tamen
4108 4601 4244 4672 orit
4269 4600 4427 4671 essi-

2859 4719 3087 4787 cacius
3116 4719 3415 4802 siguum.
3459 4715 3512 4782 si
3545 4716 3893 4798 contingat
3943 4714 4010 4778 iu
4060 4711 4160 4777 eis
4192 4708 4430 4776 humi-

2861 4825 2962 4895 les
2991 4847 3140 4894 esse
3169 4825 3422 4915 digitos
3459 4831 3522 4891 et
3562 4830 3819 4890 vastos.
3853 4820 4171 4899 Quorum
4192 4824 4426 4886 autem

2865 4931 3115 5025 pedum
3153 4939 3259 5002 est
3313 4927 3614 4999 ambitus
3650 4924 4099 4998 concavitatis
4136 4910 4429 5000 solidus,

2863 5036 2936 5107 hi
2955 5037 3123 5108 certi
3149 5044 3218 5106 et
3244 5034 3720 5125 circumspecti
3746 5041 3815 5102 et
3836 5028 4113 5100 honesti
4142 5047 4434 5098 consue·

2862 5151 3111 5213 verunt
3138 5164 3311 5211 esse.
3355 5139 3561 5211 l’edis
3587 5137 3771 5208 enim
3805 5137 3946 5204 ima
3976 5132 4257 5228 quando
4289 5132 4434 5200 dis-

2865 5258 3043 5318 creta
3084 5249 3325 5316 inierint
3373 5249 3611 5315 iiim-n·
3677 5253 3738 5311 et
3784 5242 4114 5322 articulis,
4169 5241 4431 5309 clarum

2864 5383 3273 5451 generosum
3305 5368 3370 5426 ct
3398 5354 3592 5423 virile
3614 5352 3970 5443 inge-nium
4002 5349 4429 5419 indicabunt.

2867 5466 3110 5536 Molles
3138 5475 3367 5535 autem
3408 5462 3462 5532 si
3494 5464 3629 5530 sint
3651 5459 3883 5552 ampla
3913 5481 4120 5529 carne
4150 5459 4441 5527 circum·

2867 5573 3033 5654 dati,
3062 5572 3269 5642 molle
3318 5567 3717 5641 indicabunt
3776 5567 4164 5661 ingenium.
4209 5563 4438 5634 Crassi

2865 5689 3096 5752 autem
3125 5689 3190 5751 et
3221 5680 3467 5749 breves
3502 5673 3711 5768 pedes
3738 5672 3939 5742 valde
3966 5673 4275 5743 iudicant
4314 5669 4441 5737 nr-
