4919 6371
579 332 703 398 172

570 509 836 569 tantum
886 495 1053 560 duas
1093 488 1296 555 habet
1337 489 1405 553 in
1453 498 1715 569 ventre,
1778 514 1928 581 quae
1990 514 2123 558 non

568 604 1171 699 proportionantur
1273 597 1730 687 magnitudini
1821 600 2121 685 corporis

567 719 845 804 propter
891 703 1200 771 eamdem
1269 704 1571 793 profecto
1641 724 1914 768 causam
1973 724 2121 790 quae

568 818 743 885 (licta
783 819 883 880 est
919 811 1001 878 de
1032 808 1414 900 elephante.
1450 807 1587 873 Leo
1618 806 1803 872 enim
1826 805 2119 873 calidum

564 924 764 994 valde
794 930 895 991 est
930 931 997 990 et
1034 920 1286 988 siccum
1320 915 1600 994 animal,
1632 923 1699 981 et
1737 914 1852 982 diu
1884 915 2113 983 alimo-

566 1035 679 1103 nia
706 1033 900 1102 lactis
929 1029 1166 1097 nutriri
1199 1047 1340 1091 non
1369 1032 1613 1114 potest.
1651 1024 1966 1094 Camelus
2003 1049 2120 1095 au-

565 1149 704 1210 tem
734 1137 941 1206 habet
978 1133 1145 1200 duas
1177 1129 1539 1210 mamillas,
1575 1137 1642 1200 et
1691 1133 1898 1200 unitae
1960 1143 2120 1201 sunt

565 1254 860 1338 quatuor
897 1262 1107 1309 conos
1146 1237 1499 1319 hahentes,
1535 1240 1711 1307 sicut
1750 1239 1917 1307 uber
1955 1263 2119 1308 vac-

564 1376 681 1421 cae.
735 1349 956 1417 Mares
1027 1367 1191 1415 vero
1256 1346 1659 1414 animalium
1718 1345 2116 1415 habentium

564 1460 808 1535 soleaS,
844 1478 984 1523 non
1011 1454 1266 1523 habent
1312 1457 1587 1546 signum
1628 1456 2111 1536 mamillarum,

563 1569 707 1636 sive
746 1565 1037 1634 divisam
1076 1561 1372 1630 habeant
1404 1561 1734 1652 ungulam
1758 1563 1933 1630 sicut
1961 1563 2107 1640 bos,

562 1677 705 1745 sive
744 1673 1105 1743 indivisam
1129 1672 1300 1738 sicut
1334 1693 1575 1760 equus»,
1609 1671 1738 1738 nisi
1768 1670 2115 1740 simillima

562 1787 700 1853 sint
738 1777 1132 1870 hujusmodi
1171 1778 1497 1845 animalia
1535 1779 1891 1860 matribus,
1943 1781 2117 1849 sicut

562 1884 932 1980 aliquando
972 1884 1214 1954 accidit
1262 1884 1332 1951 in
1369 1906 1548 1975 equo
1588 1892 1655 1953 et
1692 1884 1907 1965 hirco,
1945 1887 2117 1956 sicut

562 1998 863 2067 diximus
896 1993 1229 2084 superius.

648 2101 968 2193 Amplius
998 2107 1226 2168 autem
1266 2122 1475 2190 penes
1533 2123 1790 2192 organa
1828 2103 2113 2171 coeundi

563 2212 778 2281 multa
819 2208 1249 2276 inveniturin
1281 2207 1692 2277 animalibus
1712 2211 2117 2278 convenien-

563 2325 656 2393 tia
687 2330 755 2392 et
791 2317 1193 2388 differentia.
1258 2316 1602 2398 Quoniam
1660 2320 2112 2411 quorumdam

562 2428 1025 2502 masculorum
1064 2427 1275 2517 virgae
1304 2434 1464 2495 sunt
1511 2427 1809 2496 exterius
1857 2428 2117 2518 promi-

564 2546 806 2609 nentes
834 2543 900 2605 et
946 2556 1316 2624 suspensae,
1384 2542 1449 2602 et
1511 2533 1645 2604 hoc
1700 2535 2115 2626 frequentius

566 2641 1415 2717 convenitambulantibus
1443 2640 1897 2711 terrestribus,
1934 2642 2117 2722 Quo-

565 2753 883 2824 rumdam
929 2759 1160 2820 autem
1204 2750 1414 2842 virgae
1473 2758 1633 2819 sunt
1691 2751 1974 2819 interius
2046 2752 2115 2818 in

561 2871 802 2933 ventre
840 2857 1202 2937 conclusae,
1250 2865 1317 2928 et
1354 2858 1802 2949 egrediuntur
1850 2881 1973 2949 per
2007 2859 2117 2927 fo-

565 2992 801 3042 ramen
831 2975 1135 3058 tempore
1164 2965 1466 3035 libidinis
1498 2989 1516 3035 :
1548 2976 1615 3037 et
1637 2966 1782 3037 haec
1810 2967 2119 3058 frequen·

561 3083 697 3150 tius
734 3085 896 3148 sunt
933 3074 1236 3144 natatilia
1277 3076 1541 3144 marina
1577 3074 1972 3166 generantia
2020 3075 2117 3143 si-

559 3193 640 3261 bi
659 3188 938 3265 similia,
971 3189 1147 3256 sicut
1181 3184 1571 3278 delphinus.
1613 3195 1679 3256 et
1716 3195 2116 3256 caeterorum

560 3322 838 3393 genera,
871 3304 940 3366 et
976 3294 1400 3385 hujusmodi.
1432 3293 1607 3363 Cum
1644 3294 1830 3364 enim
1860 3296 2118 3363 instru-

560 3416 874 3477 mentum
912 3404 1132 3472 coitus
1160 3408 1474 3494 oporteat
1501 3424 1650 3472 esse
1678 3409 1799 3472 aut
1818 3402 2118 3472 denuda·

557 3526 706 3585 tum
735 3515 807 3584 in
836 3512 1199 3604 preputio,
1231 3519 1352 3579 aut
1402 3532 1635 3601 parvo
1689 3519 2114 3603 coopertum

557 3623 743 3717 quod
768 3620 963 3692 facile
1007 3620 1097 3689 sit
1160 3615 1593 3698 denudabile,
1653 3627 1727 3688 et
1781 3620 1869 3688 sit
1914 3619 2115 3689 valde

556 3728 881 3802 sensibile
943 3735 1011 3797 et
1070 3748 1466 3806 nervosum,
1534 3727 1784 3818 periret
1863 3725 2115 3817 frigore

555 3860 755 3931 aquas
791 3836 924 3906 nisi
969 3833 1429 3905 retraheretur
1466 3833 1540 3902 in
1564 3840 1903 3903 ventrem.
1959 3832 2115 3903 uu-

546 3949 665 4038 jus
692 3952 921 4016 autem
963 3944 1239 4035 signum
1267 3950 1396 4020 est,
1428 3941 1592 4034 quia
1634 3948 1701 4011 et
1763 3941 1834 4009 in
1880 3939 2114 4011 homi-

556 4054 763 4123 nibus
789 4051 912 4143 qui
948 4050 1199 4141 frigore
1230 4055 1541 4140 pereunt.
1582 4048 1847 4139 primus
1874 4069 2115 4116 sensus

556 4159 956 4231 nocumenti
1009 4156 1283 4247 frigoris
1346 4155 1822 4225 mortificantis
1887 4162 1989 4226 est
2041 4157 2113 4223 in

553 4264 994 4360 genitalibus.
1027 4262 1114 4333 Β(
1141 4261 1297 4333 ideo
1341 4262 1483 4333 fere
1549 4283 1796 4332 omnes
1858 4262 2114 4332 mortui

550 4376 805 4467 frigore
842 4372 1288 4442 inveniuntur
1326 4378 1448 4439 aut
1481 4368 1811 4463 genitalia
1880 4368 2110 4439 invol-

554 4493 739 4560 visse
767 4485 1036 4578 pannis,
1059 4490 1178 4551 aut
1200 4479 1531 4551 habentes
1577 4502 1660 4549 ea
1689 4479 1759 4549 in
1797 4477 2115 4548 manibus

558 4596 648 4667 ad
682 4589 1244 4664 calefaciendum.

643 4698 892 4773 Adhuc
921 4704 1149 4767 autem
1178 4717 1420 4764 eorum
1447 4716 1603 4787 que
1628 4701 1822 4763 extra
1851 4694 2109 4785 promi·

558 4821 798 4885 nentes
826 4807 1080 4879 habent
1106 4805 1336 4898 virgas
1371 4814 1436 4874 et
1493 4803 1869 4884 testiculos,
1920 4827 2113 4895 qum-

557 4922 715 4991 dam
744 4914 1001 4988 habent
1037 4912 1165 4981 ists
1193 4909 1507 4980 absoluta
1534 4931 1578 4978 a
1604 4907 1946 4980 radicibus
1974 4908 2114 4978 suis

556 5036 827 5097 tantum
883 5043 1237 5113 suspensa,
1289 5019 1462 5088 sicut
1519 5015 1731 5087 homo
1787 5025 1852 5087 et
1901 5039 2114 5109 pauca

556 5135 688 5203 alia
720 5150 1018 5224 quorum
1053 5130 1267 5219 virgae
1296 5149 1453 5196 cum
1492 5123 1670 5218 pelle
1708 5146 1862 5217 quae
1910 5123 2117 5192 desu-

555 5266 676 5335 per
714 5248 842 5318 est,
886 5238 1143 5306 intrant
1169 5237 1240 5304 in
1288 5233 1531 5303 vulvas
1570 5255 1848 5300 suarum
1889 5232 2116 5299 stt-nii-

554 5368 828 5418 narum.
880 5342 1210 5424 Quaedam
1263 5350 1495 5411 autem
1562 5338 1813 5409 habent
1886 5339 2115 5429 virgas

555 5477 678 5550 per
712 5449 948 5521 follem
986 5449 1071 5519 ad
1115 5456 1428 5520 ventrem
1475 5447 1852 5540 applicatas
1893 5468 1909 5514 ε
1954 5448 2115 5537 quia

556 5564 759 5637 aliter
800 5581 943 5630 non
987 5560 1417 5651 contingeret
1452 5559 1553 5628 eis
1591 5556 1811 5627 saltus
1849 5579 1871 5626 ε
1912 5554 2116 5645 hujus

559 5673 748 5744 enim
796 5667 1182 5761 applicatio·
1216 5665 1331 5735 dat
1382 5666 1899 5758 proportionem
1939 5663 2120 5732 diro-

1571 315 1656 382 D.
1710 316 1908 388 ALB.
1958 318 2175 387 MAG.
2233 320 2435 390 ORD.
2492 323 2784 392 PRAED.

2229 503 2330 561 cte
2361 496 2678 585 tangendi
2718 495 2996 562 vulvam
3029 499 3321 567 foeininae
3363 501 3431 565 in
3480 499 3586 567 his
3629 525 3781 591 quze

2227 600 2396 666 saltu
2431 611 2702 667 coeunt.
2734 601 2984 667 Tamen
3029 605 3097 669 in
3130 605 3523 692 hujusmodi
3560 610 3784 697 virga-

2226 728 2370 771 rum
2405 706 2828 774 absolutione
2860 717 2926 774 et
2966 711 3421 801 applicatione
3450 715 3775 783 ‹lillerunt

2223 812 2540 879 animalia
2570 813 2940 881 secundum
2970 816 3124 904 plus
3156 827 3221 885 et
3264 822 3515 888 minus.
3562 822 3780 913 Virga

2224 944 2382 1008 ergo
2422 923 2604 989 canis
2644 923 2940 990 anterius
2970 928 3193 1016 magis
3234 926 3570 1017 dependet
3611 952 3782 1018 pro-

2221 1030 2529 1117 portione
2571 1030 2872 1118 corporis
2920 1030 3023 1095 sui
3083 1055 3293 1121 quam
3351 1034 3547 1123 virga
3614 1036 3772 1124 equi

2220 1135 2324 1204 vel
2359 1137 2525 1203 tauri
2572 1158 2587 1201 :
2623 1136 2947 1224 quoniam
2980 1138 3187 1205 vulva
3221 1162 3414 1230 cquae
3445 1149 3512 1208 et
3554 1163 3779 1209 vaccae

2222 1250 2321 1308 est
2359 1241 2741 1307 immediate
2784 1241 2984 1328 juxta
3033 1266 3242 1311 anum
3307 1268 3323 1311 ε
3384 1246 3503 1312 sed
3567 1246 3778 1314 vulva

2220 1349 2454 1416 catulae
2494 1346 2694 1415 habet
2732 1347 3124 1418 distantiam
3165 1352 3250 1419 ab
3291 1375 3424 1420 ano
3482 1362 3769 1432 tantam,

2220 1462 2507 1542 quantus
2546 1463 2646 1521 est
2697 1475 2892 1520 arcus
2929 1455 3361 1545 gibbositatis
3416 1458 3774 1526 musculo-

2221 1581 2369 1627 rum
2419 1582 2745 1629 coxarum
2798 1568 3167 1630 retrorsum
3218 1572 3689 1654 porrectarum
3756 1589 3773 1633 :

2220 1676 2285 1735 et
2315 1667 2465 1734 ideo
2506 1669 2578 1734 in
2615 1667 2793 1735 saltu
2832 1669 3017 1735 canis
3059 1693 3199 1738 non
3238 1672 3668 1763 contingeret
3715 1673 3774 1739 si

2218 1782 2479 1841 tantum
2537 1782 2610 1840 ut
2648 1775 2804 1865 equi
2841 1773 2949 1842 vel
2982 1779 3157 1845 tauri
3195 1779 3389 1868 virga
3437 1801 3559 1846 sua
3598 1802 3773 1848 con-

2218 1882 2657 1971 stringeretur
2685 1880 2770 1948 ad
2798 1889 3133 1950 ventrem.

2308 1986 2695 2055 Secundum
2727 1986 2910 2055 hunc
2938 1989 3221 2058 modum
3252 1999 3354 2058 est
3384 1989 3771 2058 differentia

2220 2095 2288 2162 in
2319 2093 2647 2162 testiculis
2689 2118 2705 2163 :
2740 2097 3068 2185 quoniam
3098 2098 3388 2165 testiculi
3420 2099 3577 2189 equi
3619 2120 3774 2165 ma-

2217 2204 2321 2292 gis
2371 2201 2753 2292 dependent
2780 2224 2985 2293 quam
3023 2204 3316 2273 testiculi
3348 2205 3533 2295 porci
3566 2227 3772 2294 agre-

2217 2309 2336 2377 stis
2365 2318 2481 2377 ant
2508 2308 2882 2388 domestici,
2916 2320 2980 2377 et
3009 2315 3199 2380 canis
3226 2312 3518 2380 testiculi
3538 2311 3768 2379 medio

2221 2416 2422 2483 modo
2451 2440 2523 2484 se
2561 2415 2838 2486 habent.
2883 2416 3347 2510 Quascumque
3375 2421 3560 2487 enim
3609 2427 3771 2488 sunt

2219 2520 2433 2588 calida
2451 2519 2673 2600 valde,
2697 2518 2945 2589 horum
2974 2531 3244 2614 oportet
3272 2524 3494 2614 magis
3526 2522 3776 2613 depen-

2218 2625 2451 2694 dentes
2518 2649 2664 2694 esse
2719 2625 3090 2705 testicuIOS‚
3188 2638 3251 2696 et
3307 2629 3644 2720 praecipue
3711 2629 3768 2695 si

2219 2758 2372 2805 cum
2401 2734 2533 2803 hoc
2579 2742 2735 2802 sunt
2781 2733 3064 2804 humida
3109 2744 3177 2805 et
3211 2758 3485 2827 sperma
3522 2759 3768 2804 ascen-

2220 2846 2383 2914 dens
2411 2867 2492 2911 ex
2532 2845 2627 2910 eis
2666 2845 2734 2910 in
2774 2842 2942 2911 liora
2987 2848 3423 2914 communius
3464 2845 3534 2912 in
3574 2867 3771 2913 com-

2220 2953 2529 3044 plexione
2556 2959 2622 3017 et
2651 2960 2877 3018 meatu
2917 2958 3352 3044 temperetur.
3403 2952 3774 3031 Quaecum-

2220 3084 2348 3153 que
2387 3069 2610 3127 autem
2669 3059 2997 3150 oppositae
3044 3071 3202 3128 sunt
3246 3059 3766 3151 complexionis,

2218 3168 2531 3263 opposito
2577 3166 2782 3236 etiam
2826 3165 3034 3237 modo
3092 3191 3456 3261 suspensos
3511 3166 3769 3238 habent

2216 3274 2585 3346 testiculos.
2638 3274 2797 3343 llaeo
2850 3284 3079 3345 autem
3127 3277 3285 3348 sciri
3323 3284 3389 3346 et
3419 3274 3650 3368 colligi
3683 3275 3766 3344 de

2218 3383 2390 3453 sacili
2419 3390 2706 3476 possunt
2732 3406 2815 3450 ex
2848 3379 2958 3451 his
3005 3407 3158 3476 quae
3197 3387 3265 3454 in
3316 3384 3541 3477 primo
3589 3382 3764 3452 libro

2218 3492 2300 3564 de
2337 3492 2635 3562 hominis
2671 3490 2982 3565 testiculo
3028 3492 3480 3565 determinata
3517 3502 3678 3563 sunt
3727 3514 3769 3563 a

2217 3601 2437 3673 nobis.

2305 3726 2491 3795 Situs
2535 3732 2767 3794 autem
2811 3726 3022 3818 virgae
3069 3725 3452 3820 elephantis
3517 3725 3767 3795 similis

2215 3843 2316 3924 est
2360 3834 2519 3903 situi
2563 3835 2774 3925 virgae
2819 3836 3004 3925 equi,
3044 3835 3166 3907 sed
3207 3858 3424 3929 parva
3478 3843 3581 3905 est
3623 3857 3767 3904 non

2215 3943 2722 4035 proportionata
2742 3964 2868 4010 suo
2895 3946 3163 4036 corpori
3196 3952 3477 4037 propter
3505 3945 3767 4014 anima·

2215 4052 2297 4119 lis
2331 4052 2700 4120 siccitatem
2732 4071 2749 4118 ε
2792 4057 2861 4119 et
2897 4052 3047 4141 ejus
3074 4051 3367 4122 testiculi
3406 4073 3551 4122 non
3603 4059 3771 4121 sunt

2214 4165 2615 4249 apparentes
2669 4159 2980 4248 suspensi
3045 4167 3266 4245 extra,
3344 4157 3465 4229 sed
3534 4159 3769 4250 potius

2213 4273 2369 4335 sunt
2431 4266 2605 4333 intra
2653 4286 2865 4356 prope
2909 4287 3106 4336 renes
3158 4290 3177 4338 ε
3220 4267 3526 4359 oportuit
3578 4267 3768 4335 enim

2215 4382 2491 4465 propter
2524 4372 2893 4441 siccitatem
2921 4395 3076 4465 quae
3104 4375 3175 4443 in
3205 4377 3308 4464 eis
3334 4382 3465 4454 est,
3493 4396 3769 4466 sperma

2214 4481 2616 4552 descendere
2670 4503 2755 4549 ex
2804 4483 2985 4550 vasis
3040 4483 3125 4552 ad
3174 4483 3434 4553 coitum
3500 4491 3567 4551 et
3625 4503 3765 4550 non

2215 4590 2575 4659 ascendere
2613 4610 2633 4657 ε
2683 4597 2754 4658 et
2787 4588 2950 4679 quia
2990 4599 3152 4660 sunt
3208 4592 3389 4660 intra
3441 4588 3766 4669 testiculi,

2216 4707 2316 4766 est
2351 4696 2603 4765 velocis
2639 4705 2706 4766 et
2751 4693 2975 4765 brevis
3024 4699 3270 4778 coitus,
3328 4698 3505 4768 sicut
3559 4719 3769 4767 omne

2213 4804 2464 4875 animal
2519 4802 2705 4872 aliud
2757 4802 2942 4895 quod
2996 4805 3176 4875 intra
3212 4828 3285 4875 se
3339 4803 3549 4875 habet
3587 4802 3774 4873 testi·

2214 4912 2425 4989 culos,
2457 4912 2630 4981 sicut
2659 4918 2937 5001 apparet
2972 4914 3047 4981 in
3084 4912 3328 4983 avibus
3370 4935 3387 4981 ε
3419 4911 3777 5005 pondero-

2214 5022 2375 5090 sitas
2412 5020 2592 5088 enim
2644 5018 2926 5088 masculi
2972 5042 3113 5089 non
3163 5020 3449 5113 longum
3515 5021 3775 5112 patitur

2216 5152 2359 5198 esse
2387 5129 2666 5196 coitum.
2702 5126 2828 5195 llic
2858 5128 3066 5218 igitur
3090 5138 3189 5200 est
3220 5132 3394 5199 situs
3411 5130 3767 5218 virgarum

2216 5234 2611 5303 animalium
2650 5239 2714 5300 et
2753 5233 3107 5304 diversitas
3145 5258 3297 5327 quae
3322 5245 3425 5304 est
3458 5237 3526 5303 in
3558 5232 3770 5302 modo

2218 5342 2451 5433 ipsius.

2305 5449 2621 5542 Amplius
2648 5457 2879 5519 antem
2909 5453 3070 5542 quia
3113 5453 3453 5522 minctura
3498 5453 3773 5542 ejicitur

2215 5580 2338 5650 per
2382 5557 2692 5627 membra
2742 5560 3232 5649 generationis,
3254 5558 3769 5630 consideranda

2217 5666 2413 5734 estin
2443 5661 2575 5734 hoc
2600 5688 2728 5734 usu
2755 5666 3231 5735 convenientia
3258 5666 3665 5737 animalium
3698 5675 3768 5736 et
