4919 6371
465 393 600 460 470

469 564 702 631 alvear
739 585 964 628 suum.
1027 559 1356 638 Quaedam
1407 569 1637 628 tamen
1679 562 2016 635 examina,

472 680 539 738 et
586 668 893 758 quaedam
949 689 1110 756 apes
1176 668 1245 732 in
1304 672 1617 737 examine
1663 668 2022 759 aliquando

474 784 633 841 sunt
671 772 951 850 debilem,
995 780 1111 839 aut
1153 782 1378 854 aetate,
1440 785 1556 844 aut
1596 801 1681 845 ex
1713 785 2026 845 attenua-

472 884 682 957 tione,
736 887 854 946 aut
910 903 993 947 ex
1052 884 1269 951 nimio
1338 884 1569 953 labore
1619 908 1635 951 ε
1689 894 1755 952 et
1802 885 1932 950 itlae
1987 905 2025 948 a

476 987 786 1054 bestiolis
845 987 1041 1056 dictis
1097 991 1470 1060 vincuntur
1506 1000 1572 1060 et
1611 991 2029 1060 interficiun-

475 1104 611 1162 tur.

562 1202 805 1272 Adhuc
853 1212 1053 1272 nocet
1099 1204 1344 1294 apibus
1393 1204 1695 1271 defectus
1740 1201 1962 1268 mellis
2007 1225 2023 1267 2

471 1319 751 1401 propter
778 1311 962 1401 quod
1011 1312 1356 1400 sapientes
1394 1309 1708 1377 custodes
1766 1308 2021 1376 exami-

474 1440 671 1497 num,
713 1418 989 1507 quando
1027 1417 1162 1484 mel
1195 1415 1565 1483 extrahunt
1603 1415 1686 1483 ab
1735 1415 2030 1483 alveari-

472 1523 626 1602 buS,
699 1524 1306 1614 proportionantur
1374 1524 1474 1592 sic
1542 1532 1619 1592 ut
1688 1523 2031 1591 dimittant

471 1640 739 1699 tantum
771 1630 855 1698 de
893 1630 1094 1699 melle
1125 1632 1311 1722 quod
1357 1632 1648 1700 sufficiat
1674 1631 1914 1724 apibus
1944 1629 2027 1697 ad

474 1738 705 1808 cibum
746 1760 869 1829 per
910 1737 1211 1807 hiemem
1252 1761 1270 1806 τ
1307 1742 1636 1832 quoniam
1665 1742 1720 1807 si
1760 1738 1891 1807 mel
1927 1738 2025 1804 di-

471 1848 759 1913 missum
809 1847 907 1915 eis
961 1847 1242 1926 sufficit,
1305 1846 1682 1916 salvabitur
1735 1848 2021 1915 alvear:

471 1962 541 2022 et
568 1954 621 2020 si
664 1976 803 2022 non
834 1954 1109 2033 sufficit,
1152 1954 1385 2023 alvear
1412 1955 1868 2023 damnabitur.
1912 1955 2031 2023 Ci-

468 2060 599 2128 bus
629 2064 812 2129 enirn
852 2063 1377 2130 convenientior
1404 2084 1609 2154 apum
1637 2071 1776 2130 tam
1805 2062 2026 2131 hieme

470 2189 677 2257 quam
726 2175 984 2247 aestate,
1027 2177 1129 2236 est
1175 2191 1261 2237 ex
1307 2168 1509 2238 melle
1563 2192 1580 2237 ε
1621 2169 2027 2262 quandoque

470 2282 699 2341 tamen
750 2284 1140 2366 praeparant
1196 2276 1325 2344 sibi
1380 2277 1591 2345 alium
1666 2276 1889 2345 cibum
1939 2301 2021 2346 ex

469 2379 761 2450 humore
814 2381 1045 2473 aliquo
1096 2383 1277 2452 dulci
1327 2392 1395 2452 et
1443 2384 1634 2452 illum
1693 2394 2028 2476 reponunt

469 2487 541 2555 in
569 2485 800 2579 aliquo
848 2512 1011 2558 vase
1051 2489 1250 2570 duro,
1302 2499 1381 2560 ut
1417 2514 1558 2559 non
1597 2491 1867 2559 distillet
1908 2515 2031 2583 per

468 2594 695 2684 ipsum
745 2595 921 2664 sicut
976 2600 1048 2665 in
1095 2598 1550 2667 foraminibus
1591 2597 1919 2690 lapidum,
1962 2609 2027 2669 et

467 2705 804 2792 praecipue
861 2704 932 2770 in
990 2706 1181 2773 rimis
1238 2708 1691 2788 marinorum,
1753 2707 2025 2798 quando

468 2809 536 2875 in
571 2809 819 2876 talibus
864 2812 1168 2880 materiis
1197 2836 1490 2882 examen
1538 2811 1742 2883 habet
1770 2812 2028 2882 habita·

463 2918 749 2985 tionem.
797 2918 1020 3010 Super
1064 2919 1464 2989 Danubium
1504 2925 1687 2990 enim
1737 2923 1806 2991 in
1860 2946 2025 3014 rupe

459 3022 827 3092 inventum
885 3035 988 3094 est
1033 3050 1325 3096 examen
1381 3029 1789 3115 maximum,
1842 3030 2024 3120 quod

461 3138 819 3222 expertum
853 3132 980 3203 tuit
1032 3135 1120 3205 ibi
1164 3159 1312 3207 esse
1356 3160 1481 3230 per
1509 3136 2024 3207 redundantiam

461 3239 685 3309 mellis
731 3265 853 3332 per
904 3244 1159 3311 ostium
1208 3246 1568 3314 foraminis
1625 3269 1641 3314 t
1696 3255 1758 3314 et
1808 3256 2027 3314 extra-

465 3355 650 3415 ctum
702 3348 827 3417 ruit
864 3349 955 3417 ibi
1012 3351 1095 3419 de
1145 3352 1347 3420 melle
1386 3352 1746 3444 plusquam
1789 3376 1869 3420 ex
1917 3354 2028 3419 vi-

472 3455 644 3544 ginti
675 3455 825 3522 aliis
870 3459 1302 3527 examinibus
1331 3459 1593 3528 extrahi
1624 3461 1858 3551 possit.
1895 3460 2024 3528 Mel

476 3585 643 3654 ergo
699 3575 1117 3655 componunt
1173 3567 1244 3634 in
1288 3589 1468 3649 cera,
1510 3568 1629 3637 sed
1666 3568 2024 3637 humorem

478 3671 692 3738 alium
723 3681 987 3762 ponunt
1021 3676 1089 3743 in
1118 3696 1282 3743 vase
1320 3676 1579 3744 duriosi
1621 3699 1704 3745 ex
1746 3676 2027 3744 materia

477 3788 884 3870 praeparato,
937 3804 1088 3873 quoe
1140 3791 1243 3851 est
1297 3783 1473 3853 sicut
1517 3806 1668 3853 cera
1715 3783 2027 3851 indurata

472 3886 795 3965 multum,
828 3896 897 3958 et
923 3898 1024 3957 est
1069 3892 1292 3982 magis
1317 3893 1654 3960 terrestris
1682 3912 1886 3983 quam
1923 3914 2030 3959 cc-

475 4017 572 4063 ra.
617 3995 929 4065 Vidimus
993 4000 1199 4067 etiam
1274 3998 1667 4092 aliquando,
1717 4000 1898 4092 quod
1957 4000 2025 4068 hi

476 4105 593 4195 qui
652 4102 905 4173 habent
947 4107 1291 4184 examina,
1350 4107 1580 4176 cibant
1616 4131 1695 4175 ea
1740 4106 2026 4176 humore

478 4209 683 4288 dulci,
735 4211 850 4302 qui
891 4220 1122 4280 tamen
1165 4212 1323 4281 vilis
1351 4222 1478 4292 est,
1520 4216 1694 4282 sicut
1737 4237 1821 4281 ex
1850 4236 2026 4306 aqua

475 4315 693 4384 arnidi
741 4325 810 4387 et
860 4339 1037 4408 aqua
1093 4318 1465 4411 liquiritiae,
1514 4330 1581 4389 et
1634 4319 2023 4409 hujusmodi

478 4421 791 4490 dulcibus
834 4447 851 4492 :
888 4426 1086 4495 aliter
1122 4428 1308 4494 enim
1365 4428 1679 4496 examina
1728 4428 2029 4496 incurre-

477 4537 629 4597 rent
668 4542 1181 4601 nocumentum.

569 4637 773 4706 Aliud
816 4647 1043 4707 autem
1095 4641 1279 4733 quod
1318 4641 1614 4711 multum
1654 4651 1849 4711 nocet
1878 4642 2029 4733 api-

475 4742 628 4824 bus,
663 4752 822 4814 sunt
849 4768 1074 4838 vespae
1110 4748 1374 4817 citrinae
1403 4772 1656 4841 grossae
1690 4773 1708 4819 ε
1742 4751 1899 4842 quia
1930 4751 2029 4818 eis

477 4854 786 4924 resistere
825 4878 965 4924 non
1005 4865 1316 4948 possunt,
1349 4864 1414 4925 et
1443 4858 1756 4926 auferunt
1788 4859 1919 4926 mel
1943 4857 2027 4925 ab

476 4961 599 5038 eis,
634 4967 700 5029 et
732 4961 1102 5053 aliquando
1143 4964 1554 5032 interficiunt
1584 4986 1720 5031 cas.
1767 4964 2030 5031 Simili-

475 5075 580 5135 ter
617 5078 846 5137 autem
895 5078 961 5138 et
1007 5068 1408 5140 hirundines
1434 5080 1499 5141 et
1531 5069 1677 5139 aliae
1716 5069 2025 5161 quautam

476 5173 786 5253 aviculae,
831 5199 1001 5267 quas
1048 5176 1383 5267 offic-Ioles
1435 5184 1707 5256 vocant,
1757 5178 2025 5267 capiunt

479 5304 664 5372 apes,
718 5289 783 5348 et
839 5284 1229 5351 comedunt.
1285 5284 1467 5354 ldem
1509 5292 1735 5354 autem
1774 5282 2024 5350 faciunt

477 5386 800 5457 animalia
827 5411 978 5481 quae
999 5402 1277 5460 var-alos
1302 5402 1577 5471 vocant,
1611 5400 1674 5459 et
1696 5397 1794 5458 est
1816 5390 2028 5481 quod·

475 5498 633 5565 dam
691 5518 909 5587 genus
958 5496 1225 5566 lacertoe
1291 5522 1584 5591 magnae,
1646 5497 1829 5592 quod
1895 5503 2025 5565 stat

476 5606 550 5674 in
615 5603 972 5692 toramine,
1040 5611 1106 5673 et
1170 5614 1499 5676 exeuntes
1560 5630 1721 5700 apes
1792 5626 2028 5676 com&

475 5712 598 5786 (lit.

1470 386 1557 456 D.
1608 386 1808 457 ΑΕΒ.
1858 384 2077 455 MAG.
2127 380 2333 458 om).
2386 391 2682 462 PRAED.

2220 566 2462 636 Adhuc
2507 579 2733 637 autem
2782 592 2822 636 a
2870 571 3049 638 ranis
3093 579 3159 638 et
3199 574 3469 639 araneis
3519 573 3683 662 qui-

2131 671 2416 741 busdam
2468 678 2791 766 aquaticis
2849 687 3131 745 nocetur
3177 679 3471 746 multum
3528 680 3686 774 api-

2132 778 2258 843 bus
2285 803 2299 845 ε
2325 781 2598 869 quando
2625 787 2805 850 enim
2827 807 2985 873 apes
3004 787 3290 853 veniunt
3310 785 3396 852 ad
3429 808 3680 875 aquam

2132 882 2438 950 volentes
2492 883 2746 963 bibere,
2806 891 3294 976 superveniunt
3352 891 3450 957 eis
3499 912 3685 956 ranae

2134 995 2199 1053 et
2235 1008 2500 1054 araneae
2545 991 2895 1080 aquaticas,
2950 1001 3015 1057 et
3063 993 3483 1062 interficiunt
3537 1015 3679 1071 eaS,

2134 1102 2199 1158 et
2237 1093 2649 1162 devorantur
2675 1118 2715 1162 a
2751 1097 2956 1164 ranis.
3001 1096 3349 1166 Cadavera
3379 1123 3545 1167 vero
3574 1124 3683 1167 ea-

2136 1222 2285 1266 rum
2308 1212 2643 1292 suguntur
2662 1204 2746 1271 ab
2778 1206 3041 1272 araneis
3071 1208 3404 1295 aquaticis
3432 1229 3448 1273 :
3482 1229 3689 1296 prop-

2137 1315 2237 1372 ter
2282 1310 2462 1397 quod
2521 1311 2615 1377 illi
2665 1314 2780 1401 qui
2837 1312 3177 1402 sapienter
3231 1313 3688 1381 sollicitantur

2136 1416 2311 1480 circa
2357 1418 2696 1497 examina,
2742 1430 3006 1509 ponunt
3052 1422 3371 1488 examina
3420 1430 3683 1489 remote

2137 1521 2221 1588 ab
2270 1521 2774 1606 hirundinibus,
2835 1538 2900 1595 et
2946 1531 3329 1619 exstirpant
3383 1529 3686 1597 locustas

2136 1627 2218 1696 de
2250 1628 2447 1697 horto
2494 1633 2716 1701 vicino
2752 1656 2767 1700 ε
2821 1643 2885 1701 et
2924 1636 3087 1725 quia
3125 1658 3286 1726 apes
3325 1636 3572 1704 bibunt
3603 1636 3687 1703 de

2134 1735 2358 1802 vicina
2396 1760 2595 1830 aqua,
2650 1762 2861 1830 aquas
2906 1741 3164 1809 vicinas
3216 1742 3582 1832 purificant
3622 1751 3690 1810 et

2136 1843 2419 1911 liberant
2451 1869 2565 1914 eas
2595 1870 2634 1914 a
2681 1850 2861 1916 ranis
2900 1858 2965 1916 et
3021 1851 3289 1917 araneis
3328 1852 3684 1941 aquaticis,

2137 1969 2253 2027 aut
2295 1977 2416 2045 per
2458 1981 2711 2036 comas,
2763 1967 2881 2026 aut
2942 1981 3064 2048 per
3127 1958 3339 2026 alium
3395 1959 3684 2027 modum

2136 2067 2581 2158 purgationis.
2653 2067 2835 2157 Apes
2889 2068 3071 2133 enim
3149 2088 3531 2157 numquam
3580 2066 3686 2133 t'u·

2136 2175 2329 2264 giunt
2376 2172 2652 2263 aliquod
2708 2171 2957 2240 animal
3007 2172 3492 2264 quodcumque
3550 2195 3687 2240 no-

2139 2282 2391 2362 civum,
2434 2281 2560 2346 nisi
2609 2282 2690 2346 sit
2731 2278 2982 2347 animal
3029 2280 3134 2346 sui
3193 2281 3487 2370 generis.
3533 2279 3687 2348 Una

2136 2390 2316 2456 enim
2347 2388 2494 2479 apis
2523 2386 2724 2455 aliam
2763 2387 2935 2478 fugit
2978 2410 2993 2454 :
3036 2410 3165 2455 nec
3192 2396 3505 2478 pugnant
3534 2408 3688 2454 um-

2136 2518 2340 2587 quam
2388 2517 2574 2586 apes,
2615 2495 2745 2561 nisi
2792 2517 2945 2563 cum
2977 2515 3060 2562 eo
3099 2494 3283 2585 quod
3328 2503 3448 2561 aut
3477 2502 3579 2561 est
3619 2495 3690 2560 in

2137 2603 2415 2686 alveari,
2441 2610 2554 2670 aut
2587 2601 2767 2693 quod
2798 2602 3299 2693 appropinquat
3321 2601 3443 2668 illi.
3471 2600 3690 2668 Num-

2137 2735 2341 2804 quam
2401 2720 2628 2778 autem
2685 2719 2872 2779 extra
2938 2710 3168 2779 alvear
3231 2719 3494 2778 remote
3551 2732 3690 2800 pu-

2135 2829 2344 2910 gnant
2408 2828 2640 2888 contra
2705 2818 2980 2908 aliquod
3046 2826 3684 2910 quantumcumque

2134 2931 2397 2993 noceat.

2223 3136 2442 3205 Omne
2481 3144 2709 3206 autem
2748 3134 2929 3228 quod
2961 3136 3392 3227 impugnant,
3426 3132 3684 3202 interti-

2134 3247 2320 3313 ciunt
2357 3247 2411 3312 si
2445 3253 2752 3336 possunt,
2789 3254 2855 3312 et
2894 3266 3032 3311 non
3069 3242 3325 3311 habent
3362 3264 3571 3333 super
3598 3264 3681 3308 eo

2134 3355 2449 3444 pietatem
2517 3360 2576 3420 et
2622 3351 3150 3421 misericordiam
3189 3373 3205 3418 :
3245 3359 3312 3419 et
3341 3372 3691 3442 quaecum-

2137 3482 2268 3549 qne
2334 3462 2486 3551 apis
2547 3463 2811 3553 pungit,
2892 3462 2957 3528 in
3021 3459 3307 3529 vulnere
3363 3457 3693 3549 relinquit

2134 3563 2472 3643 aculeum,
2514 3589 2595 3633 eo
2633 3564 2817 3656 quod
2842 3573 3077 3633 tumor
3110 3563 3417 3632 vulneris
3454 3562 3686 3630 statim

2133 3674 2427 3765 stringit,
2459 3682 2523 3742 et
2572 3674 2850 3743 durities
2878 3672 3006 3742 loci
3049 3674 3292 3742 retinet
3316 3673 3385 3741 in
3412 3694 3486 3741 se
3514 3694 3689 3740 acu-

2132 3780 2315 3849 leum
2368 3804 2383 3848 :
2445 3792 2513 3851 et
2558 3782 2717 3873 quia
2763 3780 3036 3849 aculeus
3087 3780 3529 3849 continuatus
3580 3786 3684 3846 est

2132 3911 2289 3957 cum
2347 3889 2664 3956 intestino
2720 3888 2891 3978 apis,
2957 3910 3097 3956 non
3138 3894 3366 3978 potest
3416 3882 3681 3952 extrahi

2134 3994 2216 4062 de
2266 4018 2392 4086 ape
2436 3995 2734 4073 aculeus,
2777 3996 2902 4063 nisi
2944 3993 3202 4085 aliquid
3239 3994 3445 4062 etiam
3489 3999 3687 4059 exeat

2134 4102 2216 4170 de
2247 4104 2566 4171 intestino
2592 4126 2608 4171 :
2633 4112 2699 4171 et
2728 4103 2878 4171 ideo
2901 4104 3126 4170 omnis
3154 4101 3302 4193 apis
3322 4122 3477 4192 quoe
3501 4121 3689 4191 pun-

2133 4210 2253 4300 git,
2289 4209 2579 4277 moritur
2602 4207 2949 4300 aliquanto
2977 4216 3285 4297 tempore
3306 4214 3464 4297 post
3501 4227 3688 4297 pun-

2133 4324 2418 4383 cturam.
2490 4314 2833 4383 Multoties
2907 4322 3134 4382 autem
3218 4311 3417 4381 valde
3484 4318 3689 4379 nocet

2134 4432 2468 4515 punctura
2503 4431 2777 4515 propter
2818 4422 3362 4491 venenositatem
3402 4417 3622 4488 aculei
3667 4439 3685 4484 ε

2135 4539 2200 4598 et
2249 4529 2399 4598 ideo
2430 4528 2621 4599 locus
2656 4538 3003 4621 puncturae
3039 4526 3528 4619 exprimendus
3557 4534 3690 4604 est,

2136 4637 2352 4707 donec
2382 4637 2539 4707 inde
2567 4645 2763 4706 exeat
2792 4636 3091 4706 aculeus.
3128 4634 3425 4728 Signum
3455 4641 3691 4702 autem

2134 4745 2622 4815 venenositatis
2643 4751 2745 4813 est
2781 4743 3040 4811 inflatio
3069 4741 3228 4819 loci,
3261 4763 3415 4832 quae
3451 4740 3686 4809 statim

2140 4852 2383 4923 accidit
2427 4859 2579 4944 post
2632 4858 3060 4943 puncturam.
3103 4846 3403 4916 Maxime
3455 4854 3688 4916 tamen

2135 4969 2386 5029 nocent
2440 4966 2789 5052 punctura!
2847 4957 2993 5047 apis
3049 4976 3320 5048 magna:
3375 4953 3681 5023 citrinoe:

2135 5070 2295 5160 quia
2333 5075 2667 5160 punctura
2707 5063 2886 5133 illius
2924 5061 3142 5131 multa
3178 5060 3501 5131 interficit
3537 5060 3695 5128 ani-

2135 5176 2364 5255 malia,
2413 5176 2749 5268 praecipue
2795 5172 3069 5265 quando
3113 5170 3361 5263 pungit
3403 5171 3474 5235 in
3523 5165 3694 5236 locis

2135 5283 2443 5351 nervosis
2479 5305 2495 5350 :
2530 5291 2595 5350 et
2615 5281 2761 5372 jam
2789 5280 3018 5371 plures
3048 5278 3301 5347 mortui
3331 5283 3493 5343 sunt
3522 5274 3684 5366 equi

2135 5391 2218 5459 de
2254 5390 2606 5483 puncturis
2656 5386 2895 5456 talium
2950 5405 3209 5478 apum:
3262 5390 3328 5451 et
3368 5391 3469 5450 est
3516 5405 3687 5473 pro-

2133 5496 2443 5566 verbium
2484 5495 2886 5564 rusticorum
2951 5501 3019 5561 et
3063 5498 3442 5584 pastorum,
3493 5487 3682 5580 quod

2137 5631 2172 5672 ι
2216 5626 2464 5675 novem
2493 5624 2759 5695 magn-'e
2794 5602 3050 5672 citrinae
3088 5619 3250 5690 apes
3287 5618 3546 5690 equum
3577 5597 3683 5664 in-

2136 5714 2496 5804 terficiunt,
2536 5712 2665 5783 nisi
2710 5714 2845 5782 cito
2897 5705 3299 5779 defendatur
3333 5703 3421 5777 ab
3466 5706 3590 5776 eis.
3636 5728 3673 5772 ι
