4919 6371
1885 337 2056 404 LIB.
2108 333 2208 400 IX
2253 329 2374 398 DE
2421 326 3016 410 ANIMALIBUS,
3066 331 3381 400 TRACT.
3440 332 3502 398 11

1168 508 1409 575 Adhuc
1441 516 1669 574 autem
1700 526 2144 596 quaecumque
2170 502 2339 567 liunt
2368 523 2452 567 ex
2481 523 2631 567 san-

1081 616 1311 705 guine,
1333 614 1477 680 luec
1519 618 1985 679 restaurantur
2013 609 2331 677 abscissa.
2370 606 2442 674 Si
2475 630 2633 698 ergo

1083 742 1235 787 ossa
1266 726 1332 786 et
1375 718 1567 783 nervi
1601 724 1665 783 et
1694 738 1885 783 venae
1914 724 2139 783 essent
2177 738 2260 783 ex
2308 716 2636 804 sanguine

1082 832 1460 900 menstruO,
1503 829 1578 888 ut
1627 822 1847 891 dicere
1889 822 2158 890 videtur
2211 821 2632 898 AristoteleS,

1081 937 1424 1020 oporteret
1484 931 1667 1021 quod
1739 939 2281 999 restaurarentur
2341 926 2635 995 abscissa

1079 1037 1222 1105 haec
1253 1038 1564 1107 membra
1610 1063 1624 1107 ε
1669 1047 1734 1108 et
1772 1039 1903 1108 hoc
1940 1062 2081 1107 non
2119 1045 2220 1104 est
2257 1058 2496 1102 verum
2529 1036 2636 1099 in-

1072 1154 1356 1214 ventum
1388 1171 1510 1237 per
1541 1155 1818 1238 experta
1852 1170 1867 1213 :
1906 1146 2220 1236 quamvis
2251 1145 2433 1211 enim
2464 1142 2632 1209 forte

1074 1253 1391 1343 quaedam
1431 1276 1623 1322 venae
1664 1263 1729 1322 et
1759 1254 1949 1320 nervi
1991 1252 2230 1341 capitis
2268 1247 2632 1340 aliquando

1074 1359 1291 1427 redire
1348 1359 1435 1426 ad
1501 1358 2019 1426 continuitatem
2076 1364 2353 1447 possent
2417 1354 2629 1421 videri

1071 1472 1226 1555 post
1262 1464 1756 1531 abscissionem
1795 1471 2073 1553 propter
2100 1463 2206 1529 sui
2245 1459 2626 1540 mollitiem,

1071 1582 1297 1640 tamen
1338 1571 1419 1640 de
1453 1572 1724 1640 ossibus
1756 1573 1995 1662 capitis
2034 1571 2221 1639 duris
2250 1570 2380 1639 hoc
2417 1569 2628 1637 videri

1073 1702 1214 1747 non
1243 1687 1489 1770 potest.

1159 1785 1478 1876 Amplius
1510 1795 1739 1854 autem
1771 1785 2005 1874 objicit
2036 1784 2333 1853 Galenus
2372 1784 2624 1861 dicenS,

1070 1892 1253 1984 quod
1313 1916 1506 1961 venae
1549 1902 1617 1961 et
1671 1893 1932 1960 arteriae
1990 1891 2313 1960 revolutae
2370 1901 2528 1958 sunt
2565 1900 2631 1960 et

1068 1999 1409 2090 perplexa}
1451 2000 1520 2067 in
1560 2003 1741 2067 vasis
1779 2001 2160 2091 spermatis,
2197 2008 2261 2067 et
2291 1997 2395 2066 11ae
2427 2022 2630 2066 revo-

1064 2106 1219 2175 lutae
1261 2114 1424 2175 sunt
1465 2108 1534 2174 in
1592 2109 1712 2186 οἰδ,
1774 2117 1848 2176 ut
1904 2116 2035 2177 stet
2089 2107 2158 2174 in
2197 2108 2293 2173 eis
2348 2107 2625 2197 sanguis

1062 2237 1418 2306 quousque
1470 2215 1888 2307 decoquatur
1945 2217 2014 2283 in
2070 2238 2341 2306 sperma
2384 2238 2398 2281 τ
2451 2223 2517 2282 et
2566 2216 2622 2284 si

1063 2321 1400 2391 revolutio
1434 2323 1590 2391 talis
1630 2322 1849 2413 qualis
1907 2331 2007 2391 est
2057 2325 2124 2390 in
2171 2325 2352 2390 vasis
2399 2323 2617 2402 dictis,

1061 2437 1238 2497 esset
1266 2429 1336 2496 in
1368 2437 1512 2498 toto
1545 2453 1853 2521 corpore,
1888 2437 2327 2521 generaretur
2354 2452 2624 2520 sperma

1068 2538 1133 2603 in
1167 2544 1312 2604 toto
1343 2559 1657 2627 corpore,
1692 2537 1874 2628 quod
1906 2560 2045 2606 non
2076 2544 2175 2605 est
2204 2560 2468 2615 verum,
2502 2538 2621 2604 sed

1057 2643 1134 2712 in
1191 2653 1335 2712 toto
1393 2668 1679 2736 corpore
1736 2655 2065 2737 generant
2105 2647 2509 2735 sanguinem
2549 2646 2619 2712 in

1061 2752 1558 2821 nutrimentum
1601 2755 1846 2822 carnis,
1883 2752 2054 2820 Cum
2090 2755 2295 2843 igitur
2323 2753 2476 2820 talis
2509 2777 2619 2821 re-

1050 2858 1312 2927 volutio
1369 2883 1705 2928 venarnm
1743 2862 1831 2927 sit
1889 2861 1959 2927 in
2019 2861 2201 2928 vasis
2264 2861 2619 2951 spermatis

1056 2966 1361 3033 mulieris
1428 2964 1513 3031 ad
1562 2968 2073 3055 generationem
2142 2969 2500 3058 spermatis
2554 2975 2619 3034 et

1061 3096 1199 3142 non
1237 3074 1489 3152 carnis,
1527 3076 1653 3141 erit
1682 3097 1951 3164 sperma
1985 3075 2289 3144 mulieris
2336 3075 2619 3143 materia

1052 3192 1448 3274 conceptus,
1492 3192 1560 3251 et
1588 3205 1726 3252 non
1757 3184 2038 3277 sanguis
2067 3192 2482 3252 menstruus.

1137 3296 1385 3366 Adhuc
1413 3305 1671 3377 autem,
1705 3299 1928 3390 inquit
1968 3297 2297 3382 Galenus,
2333 3297 2402 3366 id
2437 3297 2622 3389 quod

1051 3403 1393 3496 significat
1424 3403 1612 3497 quod
1636 3406 1705 3473 in
1734 3406 2020 3474 muliere
2049 3405 2137 3473 sit
2164 3428 2432 3498 sperma
2463 3428 2620 3497 ope·

1055 3533 1215 3578 rans
1253 3510 1339 3579 ad
1380 3510 1673 3579 sormam
1714 3517 1784 3579 et
1823 3511 2116 3603 liguram
2162 3521 2230 3580 et
2277 3535 2513 3603 agenS,
2555 3520 2619 3580 et

1055 3638 1191 3684 non
1232 3624 1501 3685 tantum
1543 3619 1614 3685 in
1670 3618 1846 3696 viro,
1889 3626 1993 3687 est
2044 3617 2420 3687 similitudo
2479 3628 2618 3694 nati

1056 3745 1211 3792 eum
1242 3733 1459 3792 matre
1493 3747 1509 3791 ε
1545 3735 1663 3793 ant
1691 3726 1873 3792 enim
1908 3724 2285 3794 similitudo
2319 3728 2443 3794 ista
2473 3749 2624 3817 per-

1055 3831 1276 3900 ficitur
1314 3855 1354 3900 a
1390 3833 1726 3924 sanguine
1766 3842 2148 3911 menstruo,
2195 3843 2311 3902 aut
2350 3857 2389 3901 a
2427 3857 2622 3924 sper-

1054 3947 1234 4008 mate
1271 3940 1430 4020 viri,
1473 3949 1593 4009 aut
1647 3963 1688 4008 a
1751 3949 2090 4032 spermate
2150 3941 2477 4009 mulieris.
2542 3935 2621 4010 Si

1051 4056 1279 4116 autem
1337 4056 1443 4116 est
1510 4072 1550 4116 a
1617 4049 1953 4140 sanguine
2019 4059 2395 4127 menstruo,
2457 4058 2618 4119 tunc

1048 4178 1203 4223 cum
1259 4156 1367 4223 vir
1433 4179 1571 4224 non
1628 4155 1876 4225 habeat
1933 4159 2340 4249 sanguinem
2418 4182 2618 4227 men-

1049 4272 1341 4343 struum,
1385 4287 1526 4332 non
1570 4265 1699 4333 erit
1736 4287 2066 4355 umquam
2108 4276 2474 4357 conceptus
2517 4268 2616 4334 si-

1049 4371 1231 4439 milis
1277 4372 1481 4462 patri,
1523 4371 1644 4441 sed
1674 4395 1948 4464 semper
1989 4375 2213 4441 matri.
2270 4373 2344 4442 Si
2383 4383 2610 4443 autem

1055 4486 1156 4546 est
1191 4503 1230 4546 a
1268 4488 1612 4570 spermate
1637 4488 1908 4571 agente,
1942 4488 2008 4549 et
2047 4479 2175 4548 hoc
2205 4481 2613 4550 concedatur

1047 4608 1186 4653 non
1217 4610 1368 4655 esse
1437 4587 1770 4670 mulieriS,
1816 4596 2139 4680 sequetur
2175 4587 2357 4680 quod
2405 4612 2612 4658 num-

1045 4716 1252 4784 quam
1293 4696 1422 4763 erit
1460 4695 1663 4764 l'oetus
1701 4695 1946 4763 similis
1986 4696 2215 4778 matri,
2259 4696 2379 4764 sed
2426 4720 2611 4765 sem-

1043 4824 1166 4892 per
1217 4803 1392 4892 patri
1438 4824 1455 4870 ε
1525 4801 1696 4870 nihil
1738 4804 1925 4871 enim
1984 4805 2113 4871 erit
2177 4803 2603 4872 foeniininum

1044 4909 1226 4977 illius
1264 4909 1731 4978 similitudinis
1772 4911 1839 4977 in
1880 4918 2236 5002 conceptu.
2273 4912 2442 4979 Cum
2476 4913 2610 5004 igi-

1049 5027 1161 5087 tur
1197 5020 1629 5088 inveniamus
1666 5029 2070 5111 conceptum
2101 5020 2468 5112 aliquando
2506 5025 2606 5091 si-

1045 5126 1275 5194 milem
1334 5149 1480 5194 esse
1520 5125 1719 5216 patri,
1782 5135 1850 5193 et
1905 5125 2273 5218 aliquando
2312 5130 2599 5197 similem

1043 5233 1266 5307 matri,
1321 5253 1461 5298 non
1501 5238 1726 5323 potest
1771 5253 1917 5298 esse
1965 5254 2194 5312 causa,
2239 5234 2366 5300 nisi
2417 5234 2603 5326 qnod

1039 5361 1312 5428 sperma
1351 5339 1590 5406 matris
1619 5338 1872 5407 faciens
1900 5347 1969 5406 et
1997 5363 2288 5428 operans
2318 5342 2404 5409 sit
2432 5365 2604 5410 con-

1036 5453 1309 5536 ceptum
1347 5445 1419 5513 in
1448 5445 1970 5514 similitudinem
2002 5447 2239 5514 matris
2274 5470 2289 5515 :
2332 5471 2601 5540 sperma

1037 5559 1264 5619 autem
1303 5551 1517 5642 patris
1545 5552 1634 5619 sit
1681 5551 1936 5620 faciens
1979 5560 2048 5622 et
2094 5552 2394 5623 formans
2428 5578 2602 5625 con-

1038 5666 1310 5749 ceptum
1372 5659 1442 5727 in
1480 5657 2002 5728 similitudinem
2058 5661 2269 5752 patris

4176 335 4301 400 521

2745 507 2885 566 tam
2919 503 2984 568 in
3029 504 3310 570 muliere
3344 525 3550 593 quam
3592 503 3660 569 in
3693 503 3838 569 viro
3899 511 3996 569 est
4037 527 4305 594 sperma

2746 632 2880 676 non
2913 607 3137 676 solum
3170 609 3542 687 materiale,
3587 609 3705 677 sed
3755 610 3956 687 etiam
4004 612 4304 678 formans

2745 724 2810 782 et
2847 736 3163 804 operans,
3208 714 3293 781 Et
3330 714 3458 782 hac
3494 715 3759 782 ratione
3800 716 4074 782 inventa
4115 717 4301 784 mul-

2743 828 2888 886 tum
2920 819 3287 888 exsultavit
3325 820 3647 904 Galeam,
3685 844 3765 889 eo
3797 822 3982 912 quod
4025 832 4303 913 reputa-

2742 926 3018 993 viteam
3056 927 3256 996 valde
3295 927 3541 995 fortem
3590 951 3736 996 esse
3781 937 4016 995 contra
4054 928 4297 997 Philo-

2742 1030 2996 1122 sophos
3048 1035 3165 1124 qui
3221 1035 3608 1102 Aristotelis
3680 1044 4077 1124 acceperant
4146 1037 4302 1126 opi-

2742 1141 3018 1208 nionem
3054 1165 3069 1209 :
3105 1166 3240 1210 non
3264 1143 3446 1210 enim
3478 1150 3553 1209 ut
3583 1141 3711 1209 sibi
3741 1141 4120 1223 videbatur,
4149 1152 4299 1234 pot-

2741 1256 2841 1315 est
2895 1271 3041 1315 esse
3082 1247 3330 1339 aliquis
3382 1248 3661 1317 esl'ectus
3699 1251 4084 1316 communis
4122 1253 4296 1341 patri

2740 1363 2808 1421 et
2836 1358 3061 1436 matri,
3085 1356 3217 1422 nisi
3242 1378 3449 1423 causa
3478 1358 3566 1423 sit
3585 1357 3969 1424 communis
4000 1359 4292 1448 utrique.

2742 1459 3132 1530 Similitudo
3173 1470 3404 1530 autem
3447 1463 3590 1530 nati
3630 1471 3731 1530 est
3759 1466 4144 1531 communis
4173 1487 4299 1555 pa-

2738 1570 2820 1636 tri
2862 1578 2929 1636 et
2965 1571 3192 1637 matri.
3255 1570 3405 1639 Fiet
3459 1571 3669 1661 igitur
3709 1571 3823 1639 illa
3860 1594 3980 1661 per
4017 1595 4291 1640 causam

2737 1675 3002 1766 utrique
3033 1698 3473 1745 communem
3509 1698 3524 1743 :
3561 1700 3701 1744 non
3732 1685 3956 1745 autem
3990 1686 4091 1745 est
4110 1701 4296 1746 com-

2737 1784 2961 1851 munis
3029 1806 3233 1852 causa
3292 1792 3708 1865 menstruuS,
3777 1784 3889 1853 sed
3950 1808 4219 1876 sperma
4274 1807 4290 1852 :

2737 1892 2942 1980 igitur
2986 1899 3127 1959 tam
3169 1894 3240 1958 in
3280 1899 3496 1961 matre
3546 1915 3755 1983 quam
3808 1894 3874 1960 in
3936 1902 4125 1984 patre
4172 1896 4298 1961 erit

2733 2021 3026 2089 sperma,
3065 2022 3204 2066 non
3235 2001 3462 2069 solum
3495 2010 3568 2068 ut
3610 2002 3893 2067 materia
3931 2024 4001 2069 se
4033 1999 4291 2069 habens

2733 2106 2817 2173 ad
2856 2115 3290 2198 conceptum,
3344 2107 3464 2176 sed
3532 2110 3738 2176 etiam
3796 2110 3865 2176 in
3923 2132 3993 2177 se
4033 2108 4291 2178 habens

2726 2217 3049 2283 virtutem
3081 2216 3518 2285 formativam
3553 2237 3569 2284 ε
3615 2225 3681 2285 et
3718 2218 3815 2285 sic
3846 2219 3912 2284 in
3951 2227 4287 2308 spermate

2730 2324 3033 2393 mulieris
3072 2327 3198 2394 erit
3225 2327 3445 2395 virtus
3483 2327 3880 2419 generativa
3910 2328 4128 2395 activa
4154 2329 4294 2396 sic-

2729 2441 2802 2500 ut
2831 2441 2898 2501 et
2937 2434 3005 2500 in
3045 2443 3388 2524 spermate
3426 2435 3581 2503 viri.

2817 2538 3153 2609 Omnibus
3191 2551 3422 2611 autem
3452 2540 3560 2611 his
3590 2542 3969 2611 rationibus
4010 2553 4075 2611 et
4105 2545 4292 2611 simi-

2728 2648 2904 2716 libus
2941 2649 3175 2718 multis
3204 2652 3446 2740 positis
3474 2673 3513 2717 a
3544 2650 3829 2728 Galeno,
3874 2651 4106 2740 objicit
4143 2653 4284 2742 ipse

2726 2754 2853 2821 sibi
2915 2778 3036 2845 per
3101 2778 3310 2824 unam
3372 2758 3702 2825 rationem
3780 2756 4034 2835 dieenS,
4105 2756 4287 2847 quod

2728 2862 2885 2952 quia
2914 2886 3184 2953 sperma
3213 2864 3345 2931 viri
3376 2865 3618 2932 fortius
3647 2874 3773 2944 est,
3808 2874 3875 2932 et
3905 2864 4106 2932 habet
4140 2888 4293 2932 ma-

2726 2970 2830 3060 gis
2884 2971 3206 3038 virtutem
3276 2971 3688 3039 formantem
3747 2994 3952 3062 quam
4019 2995 4291 3063 sperma

2728 3076 3058 3158 mulieris,
3126 3078 3478 3147 videretur
3524 3079 3706 3170 quod
3766 3087 3966 3147 natus
4022 3104 4290 3172 semper

2727 3187 3000 3257 deberet
3020 3188 3362 3259 declinare
3387 3189 3475 3258 ad
3503 3188 4021 3257 similitudinem
4050 3191 4289 3280 patriS,

2727 3303 2792 3363 et
2849 3318 3229 3387 numquam
3298 3296 3384 3364 ad
3441 3295 3958 3364 similitudinem
4025 3298 4284 3365 matris.

2730 3401 2953 3470 Solvit
3016 3411 3246 3472 autem
3318 3404 3519 3473 istam
3594 3404 3937 3472 rationem
4032 3403 4286 3486 dicens,

2728 3507 2909 3598 quod
2950 3507 3105 3578 licet
3150 3531 3425 3602 sperma
3471 3508 3778 3577 mulieris
3821 3509 3908 3576 sit
3945 3508 4292 3581 debilioris

2725 3615 2995 3682 virtutis
3034 3615 3104 3683 in
3152 3615 3513 3685 formando
3552 3638 3762 3709 quam
3810 3639 4082 3706 sperma
4129 3619 4283 3698 viri,

2725 3729 2954 3789 tamen
2994 3722 3156 3813 quia
3184 3722 3368 3792 cibat
3393 3731 3460 3792 et
3487 3731 3824 3792 sustentat
3851 3747 3921 3792 se
3950 3726 4282 3816 sanguine

2727 3839 3077 3899 menstruo
3144 3833 3496 3910 continue,
3562 3831 3941 3923 vigoratur,
4020 3841 4084 3899 et
4150 3833 4282 3901 ali-

2726 3936 2999 4026 quando
3041 3935 3396 4006 invalescit
3441 3937 3514 4005 in
3562 3939 3816 4006 virtute
3866 3938 4284 4008 assimilandi

2723 4066 2929 4136 super
2949 4067 3223 4138 sperma
3249 4046 3406 4114 viri.
3433 4044 3612 4114 Dicit
3640 4047 3874 4121 etiam,
3899 4046 4082 4137 quod
4100 4070 4286 4138 sper-

2724 4173 2836 4219 ma
2872 4153 3180 4222 mulieris
3208 4152 3537 4246 supponit
3563 4176 3637 4222 se
3675 4153 3998 4244 spermati
4026 4155 4180 4234 viri,
4215 4164 4282 4223 et

2721 4258 2877 4330 facit
2903 4283 2977 4330 se
3006 4262 3237 4330 cibum
3266 4260 3397 4331 sibi
3427 4269 3493 4329 et
3522 4261 3917 4330 excitatura
3944 4273 4280 4353 spermate

2719 4371 2847 4438 viri
2920 4370 3006 4438 ad
3071 4368 3513 4438 formandum
3587 4377 3655 4438 et
3719 4367 4277 4460 distinguendum

2720 4476 3028 4547 membra
3063 4485 3461 4569 conceptus.

2808 4583 3006 4654 Redit
3033 4606 3198 4676 ergo
3237 4583 3497 4653 dictum
3527 4581 3767 4652 Galeni
3812 4585 3897 4653 ad
3934 4584 4066 4654 lioc
4095 4585 4278 4677 quod

2716 4693 2853 4762 duo
2881 4693 3020 4761 sint
3055 4701 3392 4785 spermata
3427 4714 3579 4784 quae
3608 4701 3770 4761 sunt
3797 4694 4126 4785 principia
4152 4719 4280 4784 ge-

2716 4801 3087 4870 nerationis
3115 4799 3519 4869 animalium
3557 4821 3818 4868 :unum
3839 4800 4115 4891 quidem
4137 4825 4279 4870 ma-

2715 4911 2832 4989 ris,
2864 4909 3050 5001 quod
3077 4931 3203 5001 per
3238 4909 3543 5000 seipsum
3590 4917 3694 4978 est
3728 4908 3982 4977 faciens
4021 4917 4088 4978 et
4134 4909 4279 4978 sor-

2715 5040 2909 5086 mans
2936 5026 3217 5110 propter
3241 5017 3540 5086 multum
3570 5016 3911 5109 spiritum,
3944 5017 4063 5108 qui
4098 5019 4275 5086 intra

2718 5126 3173 5195 viscositatem
3212 5126 3364 5216 ejus
3393 5124 3782 5194 continetur
3814 5145 3830 5191 :
3864 5132 3931 5193 et
3958 5123 4092 5193 hoc
4122 5126 4272 5194 ideo

2711 5232 2958 5301 dicitur
2986 5229 3239 5301 habere
3278 5233 3604 5300 virtutem
3644 5230 4106 5300 formativam.
4148 5235 4277 5302 Al-

2710 5351 2933 5410 terum
2981 5349 3216 5410 autem
3269 5339 3457 5433 quod
3503 5347 3608 5408 est
3652 5362 3922 5430 sperma
3966 5340 4273 5411 mulieris

2709 5472 2918 5541 agens
2948 5457 3016 5518 et
3044 5450 3376 5530 formans,
3409 5455 3512 5516 est
3538 5449 3717 5517 sicut
3743 5473 4078 5542 organum
4118 5474 4274 5518 mo-

2707 5566 2855 5626 tum
2901 5556 2988 5626 ab
3034 5557 3168 5626 alio
3207 5564 3278 5626 et
3313 5556 3688 5625 excitatum
3741 5579 3757 5624 ε
3810 5566 3880 5628 et
3927 5557 4081 5628 ideo
4128 5580 4270 5625 non

2328 5684 2343 5728 :
2398 5671 2466 5731 et
2503 5664 2599 5732 sic
2704 5664 3171 5746 formativam,
3205 5663 3856 5736 sedinformativam
3879 5665 4126 5734 dicitur
4152 5662 4276 5734 ha-
