4919 6371
537 371 625 439 46
1531 373 1617 441 D.
1666 369 1868 439 ALB.
1922 365 2139 435 MAG.
2194 365 2397 437 ORD.
2455 369 2747 439 PRAED.

535 551 867 634 quantum
921 548 1334 639 proveniunt
1389 546 1474 613 ab
1532 539 2087 610 inclinationibus
2193 545 2412 635 cipitis
2441 554 2716 639 propter
2743 547 3031 616 salutem
3071 548 3400 616 virtutum
3444 548 3741 615 motiva-

533 661 821 721 naturae.

940 1646 947 1662 ε
1042 1643 1048 1649 ·
1077 1610 1371 1679 CAPUT
1418 1608 1506 1676 V.

509 2382 608 2447 Et
650 2389 751 2447 est
775 2399 1108 2447 nncanssto
1137 2378 1500 2445 declarans
1541 2375 1814 2469 fiyuras
1852 2385 1918 2467 qt
1953 2375 2069 2442 da·-

849 2489 1136 2555 visiones
1162 2489 1417 2555 ossium
1445 2485 1719 2579 capitis.

591 3345 737 3415 Nos
781 3368 1085 3439 congrue
1130 3369 1272 3437 non
1314 3369 1687 3440 possumus
1732 3349 1924 3442 loqui
1971 3351 2057 3421 de

498 3453 995 3545 compositione
1024 3454 1316 3523 aliorum
1357 3453 1829 3525 membrorum
1878 3459 2058 3551 capi·

498 3558 586 3628 tis
621 3569 692 3629 et
729 3558 1315 3654 physiognomia,
1359 3563 1493 3631 nisi
1554 3563 1890 3634 faciamus
1943 3564 2056 3635 bic

495 3665 1022 3761 digreoeionem,
1052 3678 1127 3740 et
1189 3669 1637 3741 ostendamus
1690 3675 1949 3766 figuras
1983 3682 2055 3744 et

494 3775 1027 3867 compositiones
1083 3777 1294 3846 totius
1355 3777 1620 3870 eapitis,
1682 3773 1752 3850 et
1806 3769 2056 3851 anato-

495 3882 709 3951 miam
780 3882 1041 3952 ossium
1101 3906 1259 3977 quo
1320 3893 1482 3955 sunt
1545 3882 1618 3955 in
1655 3887 1831 3979 ipso.
1859 3886 2053 3959 Tunc

485 3988 672 4058 enim
718 3995 791 4057 et
825 3988 1276 4080 procedentia
1307 3991 1626 4061 sciuntur
1670 4014 1820 4062 esse
1856 4014 2045 4075 vera,

481 4103 553 4164 et
596 4097 1096 4187 consequentia
1154 4097 1429 4189 planius
1490 4098 1937 4192 intelligenda
1970 4122 2053 4168 e-

485 4208 647 4270 runt
680 4243 685 4258 »
727 4202 1046 4271 certiora.
1087 4202 1442 4296 Ὀοιιςι-ιιο
1478 4212 1737 4276 fantem
1804 4207 2051 4299 capitis

483 4328 644 4378 ossa
687 4315 760 4378 et
800 4310 1384 4402 compositionem
1448 4310 1862 4407 investigare
1904 4333 2049 4385 non

481 4435 877 4508 possumus,
920 4417 1049 4486 nisi
1094 4419 1290 4510 prius
1338 4418 1601 4513 figuras
1633 4421 1787 4513 ejus
1834 4429 1904 4491 et
1936 4421 2051 4492 di'-

482 4522 788 4593 visiones
832 4525 1301 4596 ostendamus.

562 4630 952 4722 Acceptum
974 4643 1101 4701 ,est
1126 4641 1357 4703 autem
1393 4633 1483 4705 ab
1520 4636 2040 4729 antiquissimis.

484 4734 899 4827 Hippocrate
952 4736 1299 4821 videlieet.
1334 4748 1411 4814 et
1463 4741 1810 4835 Apolline,
1864 4766 2051 4838 qua-

488 4849 657 4934 tuor.
718 4864 867 4913 esse
939 4843 1193 4937 figuras
1234 4847 1500 4939 *capitis
1560 4847 1848 4921 humani
1885 4874 2045 4946 quat

486 4946 845 5020 salvantur
913 4950 987 5020 in
1029 4950 1221 5021 vita:
1263 4951 1566 5023 infinitas
1599 4962 1834 5026 autem
1884 4978 2044 5028 -esse

489 5061 958 5125 monstrorum
1020 5079 1173 5150 qum
1221 5058 1470 5130 salvari
1517 5083 1661 5131 non
1725 5074 2038 5157 possunt.

483 5159 590 5230 Ex
616 5168 922 5253 quatuor
962 5171 1211 5234 ‘autem
1242 5205 1245 5208 ι
1274 5189 1431 5258 qum
1468 5167 1845 5250 salvantur,
1903 5195 2044 5243 una

482 5267 634 5338 sola
682 5276 819 5338 -est
860 5270 1236 5341 naturalis:
1267 5281 1337 5343 et
1388 5273 1540 5345 hoc
1590 5286 1696 5347 est
1740 5301 1896 5371 quo
1939 5289 2046 5350 est

483 5376 664 5448 sicut
679 5374 957 5469 sphaera
1007 5401 1422 5470 compressa.
1465 5382 1563 5451 ita
1612 5385 1802 5476 quod
1835 5395 2044 5478 caput

485 5481 735 5556 cranei
745 5480 1253 5578 aliquantulum
1273 5494 1386 5556 ‚est
1412 5487 1835 5582 oblongum:
1876 5495 2039 5584 quia

484 5595 653 5660 tunc
680 5585 757 5658 in
793 5609 884 5668 eo
907 5597 1011 5660 est
1030 5591 1351 5668 [elevatio
1380 5591 1739 5687 sincipitis
1759 5605 2043 5691 propter

2190 678 2366 722 rum.
2399 656 2560 724 Tres
2599 665 2824 724 autem
2858 655 3008 723 aliae
3065 666 3224 723 sunt
3263 655 3675 723 innaturales
3711 676 3725 721 ε

2189 768 2255 830 et
2290 763 2511 852 prima
2542 763 2812 852 quidem
2852 767 2953 827 est
2983 782 3136 850 quae
3192 761 3596 828 diminuitur
3650 784 3734 829 ex

2186 880 2377 962 parte
2405 868 2758 958 sincipitiS‚
2800 868 2896 934 ita
2955 866 3134 957 quod
3174 867 3467 956 sinciput
3522 868 3725 935 nimis

2186 977 2272 1044 ad
2307 997 2627 1043 craneum
2668 996 2904 1042 versus
2931 982 3267 1052 suturam*
3288 974 3580 1063 primam
3619 994 3732 1041 ca-

2184 1086 2340 1175 pitis
2369 1083 2861 1174 comprimitur.
2909 1082 3223 1151 Secunda
3267 1088 3367 1149 est
3422 1103 3576 1173 quae
3631 1081 3733 1148 di-

2184 1197 2514 1264 minuitur
2564 1218 2800 1264 versus
2839 1195 3128 1285 occiput,
3172 1194 3265 1260 ita
3311 1191 3494 1284 quod
3524 1191 3728 1258 nimis

2183 1303 2654 1393 comprimitur
2699 1304 2968 1392 occiput
3002 1322 3240 1367 versus
3269 1304 3575 1365 suturam
3613 1296 3727 1363 ul-

2182 1412 2416 1478 timam
2483 1410 2742 1500 capitiS,
2810 1414 2876 1475 et
2904 1406 2996 1473 ibi
3029 1405 3435 1473 decurtatur.
3506 1403 3731 1470 Tertia

2180 1525 2408 1585 autem
2475 1527 2598 1601 est,
2649 1539 2802 1608 quae
2867 1513 3273 1581 diminuitur
3321 1512 3392 1578 in
3431 1518 3732 1601 utroque

2177 1627 2492 1703 istorum,
2533 1625 2628 1692 ita
2656 1621 2843 1715 quod
2878 1626 3081 1713 caput
3109 1618 3526 1707 rotundatur
3559 1619 3732 1686 sicut

2177 1735 2422 1827 globus
2457 1733 2568 1803 vel
2606 1733 2895 1826 sphaera.

2194 1856 2197 1857 ’
2265 1844 2350 1912 Ει
2419 1830 2831 1934 ubicumque
2876 1848 3099 1933 ‘caput
3160 1840 3563 1908 diminuitur
3605 1836 3719 1904 vel

2176 1953 2587 2032 decurtatur,
2663 1951 2755 2020 ibi
2820 1958 2942 2020 aut
3012 1950 3243 2042 signat
3304 1946 3720 2016 debilitatem

2171 2061 2465 2138 virtutiS,
2561 2064 2678 2127 aut
2757 2056 3094 2127 defectum
3187 2054 3493 2124 materiae
3548 2074 3565 2119 :
3659 2058 3727 2120 et

2173 2168 2301 2236 erit
2334 2166 2562 2259 quoad
2606 2164 2739 2235 hoc
2799 2164 3212 2257 principium
3251 2181 3724 2254 perversarum

2172 2277 2670 2367 operationum.
2755 2274 2892 2343 Per
2971 2272 3390 2342 contrarium
3491 2275 3722 2336 autem

2172 2382 2738 2475 quandocumque
2803 2379 3059 2450 accedit
3113 2378 3200 2447 ad
3255 2376 3545 2445 formam
3594 2395 3727 2441 na-

2169 2489 2484 2566 turalem,
2545 2487 2771 2579 quoad
2813 2485 2947 2556 hoc
2990 2496 3094 2555 est
3143 2482 3557 2576 principium
3617 2503 3731 2547 re-

2167 2606 2428 2667 ctarum
2459 2598 2959 2689 operationum.
3014 2593 3088 2663 Si
3126 2595 3311 2662 enim
3352 2589 3724 2659 diminutio

2168 2715 2269 2775 est
2304 2713 2483 2783 ante,
2527 2703 2935 2795 significabit
2962 2702 3298 2772 defectum
3326 2702 3391 2768 in
3419 2718 3624 2766 sensu
3653 2692 3724 2762 el·

2167 2814 2654 2906 imaginatione
2707 2834 2724 2880 :
2774 2818 2842 2881 et
2895 2812 2954 2880 si
3037 2818 3246 2889 retro,
3311 2801 3722 2898 significabit

2167 2922 2501 2991 defectum
2549 2924 2620 2989 in
2657 2920 2934 2989 motivis
2999 2924 3066 2988 et
3128 2908 3591 2987 recordativis.
3638 2909 3717 2977 Si

2164 3036 2392 3096 autem
2430 3029 2504 3096 in
2533 3022 2756 3096 medio
2792 3024 3046 3095 recedit
3081 3046 3123 3093 a
3168 3024 3415 3099 forma,
3448 3015 3720 3109 signiti-

2163 3134 2339 3205 cabit
2368 3133 2706 3204 defectum
2734 3134 2807 3204 in
2845 3133 3101 3203 ratione
3157 3139 3227 3201 et
3271 3124 3712 3221 cogitatione.

2163 3243 2338 3311 Etsi
2394 3242 2467 3311 in
2522 3240 2843 3311 omnibus
2900 3228 3725 3326 &munitum-significat

2161 3349 2498 3420 deiectum
2555 3349 2625 3417 in
2683 3347 3028 3417 omnibus.
3108 3344 3287 3414 Sunt
3347 3348 3575 3410 autem
3645 3336 3717 3403 in

2160 3456 2378 3548 capite
2406 3453 2803 3539 divisiones,
2842 3453 2964 3523 ubi
2999 3474 3084 3524 os
3135 3471 3289 3522 osso
3340 3445 3710 3539 conjungi-

2161 3572 2295 3632 tur.
2355 3561 2494 3631 Sed
2547 3561 2917 3631 divisiones
2944 3561 3024 3630 in
3065 3579 3221 3630 osse
3259 3553 3508 3627 recenti
3565 3573 3708 3622 non

2158 3679 2318 3740 sunt
2353 3669 2755 3749 manifestae.
2800 3668 2936 3738 nisi
2991 3667 3108 3737 ubi
3159 3659 3708 3752 est-conjunctio

2157 3787 2438 3847 suturae.
2467 3776 2594 3845 Ubi
2624 3786 2852 3846 autem
2879 3773 3392 3867 conjunguntur
3415 3788 3539 3861 per
3564 3765 3709 3836 ior·-

2158 3885 2491 3955 tissimam
2547 3883 2945 3954 infixionem
3010 3882 3216 3951 unius
3244 3880 3314 3948 in
3386 3873 3574 3946 aliud
3635 3880 3704 3942 et

2156 3990 2686 4084 colligationem,
2749 3987 2844 4058 ibi
2902 3986 3149 4057 divisio
3184 4008 3326 4054 non
3390 3984 3702 4075 apparet.

2158 4100 2291 4168 nisi
2346 4098 2418 4167 in
2462 4094 2733 4167 ossibus
2785 4118 2952 4188 qum
2989 4093 3398 4226 diutissime
3411 4087 3706 4202 arciacta

2155 4214 2340 4276 sunt.
3219 4231 3222 4234 >
3257 4219 3264 4236 “

2247 4312 2424 4383 Sunt
2488 4314 2674 4383 enim
2729 4313 2800 4383 in
2853 4319 3026 4382 toto·
3045 4311 3276 4402 eapite
3317 4303 3706 4377 divisiones

2156 4421 2389 4492 decem
2416 4429 2487 4493 et
2511 4430 2666 4492 octo
2706 4443 2723 4491 :
2757 4439 3050 4516 quarum
3082 4417 3304 4512 primi
3339 4411 3442 4488 est
3465 4423 3704 4487 sutura

2156 4554 2310 4623 quae
2338 4537 2442 4599 est
2477 4537 2632 4622 post
2659 4550 2739 4598 os
2798 4527 2987 4622 quod
3055 4534 3344 4597 vocatur
3401 4519 3704 4616 sinciput

2155 4639 2301 4707 sive
2327 4658 2533 4731 prora
2554 4636 2820 4729 capitis,
2851 4643 2920 4705 et
2946 4642 3053 4705 est
3084 4632 3306 4704 forma
3343 4632 3491 4722 ejus
3524 4631 3704 4702 sicut

2152 4744 2640 4826 semicirculus,
2669 4754 2740 4815 et
2793 4751 2900 4815 est
2960 4764 3118 4836 qno
3170 4759 3344 4844 ιιοιι
3358 4738 3706 4894 clauditur

2153 4855 2383 4925 statim
2419 4860 2574 4948 post
2609 4852 3057 4923 nativitatem.
3307 4871 3344 4884 ‘·
3390 4863 3395 4890 ⁵
3436 4837 3446 4884 ἦ
3521 4875 3524 4886 ·

2242 4960 2558 5032 Secunda
2611 4968 2714 5031 est
2766 4979 2922 5054 qum
2939 4958 3154 5030 vadit
3172 4975 3299 5051 per
3324 4953 3706 5048 longitndi-

2151 5071 2381 5143 dinem
2408 5070 2649 5164 capitis
2682 5069 2809 5140 sub
2837 5067 3102 5140 vertice
3117 5053 3401 5160 capitis.
3468 5079 3476 5104 ¹
3615 5081 3618 5090 ·

2234 5177 2462 5248 Tertia
2497 5185 2597 5247 est
2636 5185 2918 5255 autem.
2935 5194 3089 5268 quoe
3127 5181 3232 5243 est
3283 5180 3521 5241 sutura
3568 5191 3703 5261 po-

2150 5284 2398 5355 sterior
2419 5305 2574 5376 qum
2600 5292 2700 5353 est
2745 5290 2902 5351 ante
2940 5282 3234 5373 occiput,
3262 5286 3333 5349 et
3366 5274 3575 5345 habet
3609 5275 3702 5344 fl-

2152 5413 2394 5484 guram
2439 5390 2788 5494 trianguli,
2821 5390 2911 5461 ita
2942 5387 3129 5483 quod
3163 5389 3372 5457 inter
3388 5391 3700 5453 suturam

2148 5499 2595 5593 posteriorem
2623 5506 2692 5569 et
2718 5499 3008 5592 figuram
3033 5499 3296 5565 suturae
3315 5488 3698 5568 anterioris,

2147 5626 2349 5696 qum
2343 5613 2483 5674 est·
2542 5603 2810 5696 portio
2803 5599 3112 5682 &circuliff
3129 5607 3367 5670 sutura
3443 5591 3703 5663 vadens

481 5693 775 5770 salutem
812 5717 1173 5798 sensuum.
1202 5709 1274 5772 et
1304 5700 1539 5794 aliqua
1578 5701 1876 5776 elevatio
1896 5728 2047 5778 oo-
2143 5731 2270 5803 per
2286 5709 2794 5805 :longitudinem
2834 5705 3088 5803 capitis
3121 5700 3518 5798 interiacet,
3533 5698 3700 5768 sie-
