4919 6371
1899 451 2069 519 LIB.
2122 447 2218 514 ΙΙΙ
2267 447 2386 514 DE
2433 446 3023 531 ANIMALIBUS,
3075 447 3386 514 TRACT.
3443 446 3503 513 ll

1085 625 1187 714 git
1266 632 1333 692 et
1426 622 1763 689 confortat
1846 643 1924 687 os
1983 618 2314 687 stomachi
2380 596 2453 687 ’et
2530 620 2639 686 in‘-

4179 446 4309 512 239

2749 620 2837 688 la.
2880 619 3209 698 Quaedam
3251 628 3479 685 autem
3520 641 3645 707 per
3665 617 4096 684 adustionem
4130 638 4320 705 sepa-

1084 734 1354 821 spissat‚
1378 738 1453 795 ut
1468 729 1751 794 virtutes
1775 729 1919 816 ejus
1943 728 2184 796 melius
2225 728 2642 796 retineantur
2744 735 2929 795 ratur
2959 750 2997 793 a
3026 725 3414 816 phlegmate
3439 748 3704 815 grosso,
3737 734 3803 792 et
3841 724 3984 792 haec
4015 724 4320 814 aliquan-

1086 838 1157 904 in
1199 838 1373 926 ipso.
1424 833 1738 902 Secunda
1794 842 2018 902 autem
2066 844 2187 913 est,
2233 837 2393 927 quia
2440 834 2525 902 ad
2565 858 2640 902 os

1088 942 1426 1011 stomachi
1447 965 1568 1031 per
1595 965 1790 1010 suam
1814 944 2194 1012 acredinem
2224 948 2637 1017 commovet,

1087 1049 1280 1116 etsie
1319 1057 1644 1138 provocat
1693 1050 1889 1117 famis
1929 1051 2304 1141 appetitum
2343 1071 2357 1114 ε
2402 1055 2469 1115 et
2515 1045 2646 1112 hoc

1089 1156 1368 1247 quidem
1400 1158 1605 1225 etiam
1639 1158 1936 1225 diximus
1966 1159 2277 1246 superius
2308 1156 2378 1221 in
2409 1163 2649 1221 analo-

1092 1264 1237 1330 mia
1264 1262 1546 1355 splenis,

1180 1370 1344 1439 Haec
1393 1371 1601 1462 igitur
1640 1367 2093 1437 melancholia
2150 1368 2477 1435 naturalis
2524 1367 2650 1434 faex

1089 1489 1194 1548 est
1219 1482 1599 1571 sanguiniS,
1644 1480 1817 1546 sicut
1861 1479 2180 1557 diximus,
2239 1502 2362 1546 nec
2427 1486 2653 1568 potest

1091 1608 1240 1653 esse
1271 1585 1500 1673 aliqua
1530 1583 1858 1652 naturalis
1890 1583 2343 1651 melancholia
2373 1605 2525 1672 quae
2567 1582 2654 1648 sit

1086 1691 1218 1760 faex
1282 1699 1349 1759 et
1395 1690 1783 1782 hypostasis
1849 1691 2141 1759 aliorum
2211 1689 2583 1756 humorum
2631 1711 2646 1755 ε

1096 1800 1426 1889 quoniam
1492 1821 1532 1864 a
1606 1795 1995 1888 phlegmate
2047 1821 2166 1886 per
2217 1795 2649 1863 residentiam

1086 1905 1261 1973 nihil
1304 1915 1660 1996 separatur
1687 1914 1963 1994 propter
2011 1905 2113 1970 sui
2158 1904 2647 1978 viscositatem,

1101 2012 1277 2079 sicut
1314 2034 1537 2101 neque
1584 2010 1669 2077 ab
1701 2009 1877 2077 elec.
1923 2010 1978 2076 A
2040 2008 2313 2077 cholera
2361 2008 2652 2076 naturali

1092 2119 1408 2187 similiter
1451 2142 1575 2210 per
1640 2118 2071 2186 residentiam
2127 2117 2295 2184 nihil
2367 2116 2450 2185 de
2517 2140 2653 2207 qun

1093 2230 1182 2297 sit
1246 2227 1650 2303 curandum,
1712 2229 2009 2319 separari
2067 2228 2311 2317 poterit
2376 2236 2658 2317 propter

1091 2335 1483 2426 frequentes
1514 2343 1741 2402 motus
1788 2335 2021 2424 ipsius,
2073 2342 2138 2401 et
2178 2333 2650 2412 subtilitatem,

1091 2451 1157 2512 et
1187 2444 1600 2534 paucitatem
1634 2442 2126 2510 terrestreitatis
2156 2443 2394 2532 ipsius,
2421 2449 2489 2509 et
2510 2442 2656 2531 ejus

1090 2551 1495 2620 levitatem:
1546 2558 1611 2618 et
1669 2549 1821 2618 ideo
1869 2550 2200 2641 contingit
2256 2550 2659 2620 melancho-

1087 2657 1258 2725 liam
1288 2657 1676 2725 naturalem
1708 2657 2084 2747 simplicem
2116 2659 2472 2746 sanguinis
2507 2683 2657 2725 esse

1090 2764 1553 2855 hypostasim.
1601 2764 1780 2832 Licet
1822 2774 2052 2832 autem
2092 2766 2182 2832 ab
2214 2765 2364 2832 aliis
2398 2763 2659 2834 humo-

1093 2873 1281 2939 rihus
1313 2894 1451 2939 nnn
1481 2881 1834 2961 separetur
1860 2871 2117 2962 aliquid
2149 2871 2655 2962 hypostaticam

1095 3002 1215 3069 per
1246 2979 1529 3047 modum
1564 2980 1966 3058 residentia»,
2002 2989 2401 3071 segregatur
2427 2989 2655 3048 tamen

1096 3110 1184 3153 ex
1216 3086 1314 3153 eis
1345 3085 1605 3178 aliquid
1639 3094 1950 3155 terrestre
2019 3086 2200 3177 quod
2231 3097 2330 3154 est
2364 3089 2431 3155 in
2465 3089 2653 3178 ipsis,

1100 3204 1219 3265 aut
1256 3218 1378 3288 per
1413 3195 1714 3265 calorem
1757 3196 2178 3269 adurentem.
2224 3205 2340 3265 aut
2389 3221 2511 3289 per
2537 3198 2660 3266 l'ri-

1099 3327 1227 3393 gus
1287 3304 1699 3394 exprimens.
1773 3304 1906 3371 Sed
1946 3303 2077 3373 hoc
2106 3305 2312 3373 modo
2369 3329 2661 3397 genera-

1092 3418 1206 3477 tur
1236 3410 1688 3480 melancholia
1737 3412 2175 3480 innaturalis:
2219 3420 2290 3481 et
2357 3413 2510 3481 ideo
2551 3414 2658 3481 in-

1094 3518 1427 3587 naturalis
1465 3519 1916 3588 melancholia
1950 3544 2086 3588 non
2128 3530 2233 3589 est
2261 3521 2391 3589 saex
2431 3529 2497 3589 et
2527 3520 2660 3612 hy·-

1089 3627 1385 3714 postasis
1423 3629 1800 3717 sanguinis.
1840 3626 1922 3695 Et
1961 3627 2113 3695 lieet
2144 3628 2353 3696 etiam
2383 3625 2659 3696 cholera

1095 3756 1303 3825 quam
1343 3757 1550 3825 supra
1604 3737 2004 3803 vocavimus
2049 3736 2397 3813 ademtam,
2447 3737 2656 3806 etiam

1095 3840 1185 3908 sit
1213 3840 1484 3910 adustio
1513 3844 1809 3922 cinerea,
1846 3853 2074 3912 tamen
2104 3844 2276 3912 sicut
2314 3867 2519 3935 supra
2550 3843 2661 3910 di-

1098 3948 1352 4028 ximus,
1389 3950 1461 4019 in
1510 3951 1749 4020 eadem
1806 3950 2080 4021 cholera
2137 3960 2366 4021 manet
2411 3950 2658 4020 subtile

1099 4066 1377 4128 acutum
1427 4067 1496 4127 et
1560 4058 1922 4128 humidum
1968 4084 1983 4128 ε
2028 4060 2158 4129 hoc
2221 4070 2451 4129 autem
2519 4083 2656 4128 nnn

1103 4175 1332 4234 manet
1372 4166 1440 4233 in
1476 4165 1932 4235 melancholia
1961 4169 2225 4236 cinerea
2262 4167 2549 4236 adusta:
2591 4176 2656 4235 et

1102 4272 1172 4340 in
1203 4270 1331 4343 hoc
1361 4284 1462 4342 est
1510 4274 1892 4344 differentia
1948 4276 2325 4343 adustionis
2371 4276 2658 4343 cinerem

1101 4377 1170 4445 in
1202 4377 1478 4449 cholera
1509 4380 1745 4459 rubea,
1780 4389 1846 4450 et
1879 4383 1943 4449 in
1977 4381 2426 4451 melancholia
2461 4383 2663 4451 inna-

1104 4485 1334 4553 turali.

1193 4613 1352 4682 lla-c.
1394 4616 1606 4707 igitur
1635 4616 2036 4685 innaturalis
2074 4616 2527 4687 melancholia
2559 4629 2660 4689 cst

1103 4721 1554 4813 quadruplex.
1596 4724 1744 4792 lina
1776 4725 2056 4816 quidem
2098 4748 2249 4817 quoe
2296 4747 2334 4794 a
2387 4723 2662 4795 cholera

1102 4829 1312 4899 rubea
1343 4855 1467 4924 per
1503 4833 1932 4902 adustionem
1987 4843 2368 4927 separatur,
2419 4836 2486 4903 in
2527 4859 2661 4927 qua

1101 4957 1244 5003 non
1285 4946 1512 5006 manet
1544 4937 1790 5006 subtile
1823 4937 2212 5020 humidum,
2245 4940 2406 5033 quia
2436 4941 2666 5009 evola-

1099 5041 1224 5118 vit,
1268 5040 1386 5108 sed
1437 5042 1585 5111 sola
1624 5052 1854 5111 manet
1910 5045 2274 5113 cinereitas
2324 5068 2476 5136 quoe
2520 5070 2665 5114 me-

1102 5148 1458 5217 lancholia
1496 5160 1805 5220 vocatur.
1842 5151 1995 5220 Alia
2034 5161 2264 5221 autem
2311 5162 2665 5244 separatur

1098 5276 1223 5345 per
1250 5255 1683 5327 adustionem
1713 5282 1753 5326 a
1780 5257 2214 5351 phlegmate:
2249 5267 2315 5329 et
2347 5258 2480 5329 hoc
2527 5261 2664 5331 du-

1099 5360 1390 5453 pliciter,
1442 5365 1620 5433 sicut
1657 5363 1906 5456 duplex
1964 5368 2032 5434 in
2071 5391 2317 5459 genere
2348 5376 2447 5436 est
2497 5367 2665 5436 sub-

1101 5471 1351 5539 stantia
1372 5470 1812 5565 phlegmatis.
1838 5474 2166 5554 Quaedam
2191 5476 2372 5543 enim
2395 5499 2665 5567 separa-

1101 5585 1214 5647 tur
1269 5605 1307 5647 a
1337 5582 1572 5651 subtili
1625 5581 2013 5675 phlegmate
2064 5608 2185 5676 per
2228 5585 2661 5655 adustionem

1098 5686 1465 5767 cineream,
1511 5696 1579 5758 et
1598 5687 1744 5759 haec
1781 5698 1881 5760 est
1910 5691 2086 5760 salsa
2103 5714 2347 5783 parum
2377 5692 2663 5762 tendens

1100 5791 1188 5861 ad
1225 5797 1720 5887 ponticitatem‚
1775 5806 1841 5867 et
1880 5822 2017 5868 non
2049 5806 2150 5869 est
2186 5797 2484 5869 multum
2511 5820 2665 5868 ma·-

2750 837 2833 904 do
2867 843 2966 901 est
3005 835 3199 910 acris,
3273 841 3337 899 et
3386 832 3754 922 aliquando
3823 834 4124 922 pontica,
4197 840 4314 900 aut

2748 941 2917 1007 sorte
2949 940 3299 1007 commixti
3341 940 3604 1029 saporis
3642 961 3656 1004 ε
3692 962 3912 1029 neque
3946 942 4151 1006 etiam
4186 941 4313 1006 ista

2751 1057 2849 1118 est
2886 1048 3175 1116 multum
3209 1049 3476 1116 nociva.
3512 1048 3566 1113 Τ
3569 1049 3736 1114 ertia
3771 1057 4000 1116 autem
4032 1069 4313 1137 separa-

2752 1167 2861 1226 tur
2889 1181 3007 1249 per
3035 1159 3468 1225 adustionem
3518 1180 3557 1223 a
3613 1159 3949 1247 sanguine
4009 1178 4157 1246 quae
4212 1163 4313 1223 est

2753 1268 3012 1356 saporis
3041 1267 3292 1358 pontici
3328 1289 3571 1355 parum
3612 1266 3956 1355 vergentis
4012 1265 4095 1331 ad
4153 1264 4313 1330 dul-

2754 1377 3085 1456 cedinem,
3121 1385 3187 1442 et
3218 1398 3353 1441 non
3414 1382 3510 1441 est
3563 1373 3761 1440 valde
3802 1374 4045 1440 nociva
4105 1375 4308 1440 etiam

2756 1486 2904 1551 ista.
2952 1483 3204 1561 Quarta
3264 1493 3496 1549 antem
3552 1489 3904 1571 separatur
3970 1506 4006 1548 a
4048 1480 4314 1547 melan-

2756 1589 2981 1657 cholia
3024 1597 3133 1655 :et
3183 1588 3314 1655 hnc
3366 1589 3706 1678 contingit
3745 1587 4013 1655 duobus
4062 1587 4310 1654 modis.

2760 1696 3143 1786 Aliquando
3169 1697 3352 1762 enim
3376 1719 3500 1785 per
3520 1695 3954 1762 adustionem
3978 1695 4317 1762 cineream

2763 1814 3182 1894 separatura
3216 1802 3671 1871 melancholia
3711 1803 4003 1870 naturali
4053 1801 4309 1880 subtili,

2761 1921 2822 1980 et
2856 1912 2997 1980 haec
3035 1921 3133 1979 est
3167 1915 3361 2002 nigra
3402 1913 3575 1980 acris
3597 1921 3661 1979 et
3693 1921 3964 1980 acetosa
3994 1911 4312 1989 bullienS,

2761 2017 3032 2109 quando
3064 2019 3241 2087 cadit
3272 2043 3479 2109 super
3521 2027 3773 2085 terram
3841 2042 3960 2108 per
4015 2018 4319 2108 egestio-

2762 2149 2942 2201 nem,
2977 2127 3170 2215 cujus
3190 2136 3469 2216 gustum
3492 2126 3764 2218 fugiunt
3791 2149 4064 2203 mnscae,
4093 2134 4153 2192 et
4186 2124 4316 2192 alia

2761 2234 3081 2301 animalia
3113 2234 3475 2301 humidum
3508 2237 3829 2303 stercoris
3859 2234 4228 2326 gustantia,
4255 2242 4319 2301 et

2761 2342 2900 2411 haec
2932 2345 3376 2435 pernecahilis
3424 2352 3525 2411 est
3564 2352 3628 2412 et
3678 2345 4116 2419 excoriativa,
4190 2346 4318 2409 nisi

2761 2454 2892 2520 cito
2947 2463 3340 2521 occurratur
3378 2455 3437 2521 ei
3489 2455 3556 2520 in
3590 2454 3950 2543 principio,
3996 2463 4061 2519 et
4117 2451 4323 2519 habet

2765 2561 3038 2651 insuper
3067 2560 3241 2629 hanc
3275 2562 3634 2641 malitiam,
3670 2562 3853 2653 quod
3881 2585 4018 2629 non
4051 2562 4131 2630 de
4164 2561 4320 2628 saci-

2764 2670 2807 2737 li
2879 2671 3105 2760 recipit
3160 2671 3594 2737 medicinam.
3644 2670 4031 2761 Aliquando
4091 2678 4319 2736 autem

2762 2802 2882 2867 per
2913 2777 3341 2844 adustionem
3374 2786 3730 2867 separatur
3774 2802 3809 2843 a
3868 2775 4326 2844 melancholia

2764 2909 3024 2973 grossa,
3069 2895 3134 2952 et
3191 2883 3332 2951 ha¹c
3407 2894 3502 2950 est
3599 2884 3884 2951 minuris
3961 2883 4318 2962 acrediniS,

2764 3015 3047 3081 paucam
3127 2991 3384 3058 hahens
3449 2992 3916 3081 ponticitatem
3976 3015 3990 3058 :
4065 2992 4322 3059 tardius

2765 3108 2990 3166 antem
3034 3109 3226 3167 nocet
3272 3124 3478 3190 qmim
3521 3124 3598 3166 ea
3668 3101 3750 3166 de
3792 3124 3927 3190 qua
3959 3101 4106 3189 jam
4169 3106 4324 3167 ante

2766 3206 3064 3274 diximus
3110 3230 3125 3274 τ
3169 3207 3284 3275 sed
3311 3206 3513 3274 habet
3545 3204 3725 3275 hanc
3747 3206 4107 3286 malitiam,
4144 3206 4327 3299 quod

2765 3316 2967 3382 etiam
3000 3315 3259 3382 tardius
3297 3336 3505 3406 quam
3567 3313 3681 3382 illa
3749 3315 3987 3405 recipit
4045 3313 4333 3382 medici-

2767 3446 2948 3491 nam.
2998 3424 3109 3492 lsti
3146 3425 3352 3510 igitur
3379 3432 3538 3490 sunt
3570 3423 3755 3490 modi
3807 3421 4320 3491 melancholiae:

2765 3543 2829 3601 et
2862 3558 2939 3602 ea
2968 3534 3244 3624 quidem
3286 3558 3437 3626 quae
3468 3543 3571 3602 est
3618 3534 3972 3612 naturalis,
4022 3533 4328 3602 almndat

2767 3643 2835 3710 in
2868 3642 3101 3711 multis
3130 3642 3571 3720 animalibus,
3605 3643 3697 3710 ita
3744 3641 3927 3733 quod
3960 3650 4145 3710 totus
4174 3664 4330 3709 san-

2765 3752 2918 3840 guis
2949 3775 3185 3819 eorum
3228 3760 3327 3820 est
3369 3749 3934 3828 melancholicus,
3978 3751 4151 3819 sicut
4200 3750 4336 3818 hu·-

2768 3863 2899 3930 hali
2932 3872 2991 3928 et
3027 3861 3151 3928 viri
3185 3871 3248 3927 et
3284 3860 3496 3927 hoves
3527 3862 3645 3952 qui
3679 3860 3863 3952 apud
3897 3883 4025 3927 nos
4060 3868 4334 3927 rut-sen!

2767 3979 3096 4038 vocantur
3132 3992 3145 4034 :
3182 3978 3242 4034 et
3287 3967 3600 4034 similiter
3638 3976 3737 4034 est
3774 3968 3842 4034 in
3883 3966 4035 4034 aliis
4065 3968 4329 4034 anima·

2770 4080 2970 4147 lilius.

2863 4186 2935 4254 ln
2976 4185 3373 4255 hominihus
3396 4195 3626 4253 autem
3672 4186 3882 4253 etiam
3916 4183 4335 4252 diversimo-

2770 4295 2851 4366 de
2891 4295 3334 4387 participatur
3362 4292 3615 4361 humor
3673 4295 3799 4363 iste
3836 4317 3851 4361 :
3904 4295 4233 4384 quoniam
4273 4292 4330 4360 si

2770 4403 3024 4473 nonsit
3056 4401 3350 4470 multum
3390 4401 3659 4481 adusta,
3730 4400 3849 4469 sed
3911 4403 4001 4469 sit
4063 4399 4333 4467 adustio

2770 4512 2998 4604 aliqua
3027 4534 3184 4580 cum
3216 4508 3673 4578 melancholia
3704 4508 3997 4577 naturali
4048 4531 4199 4601 quae
4229 4506 4338 4576 al·-

2774 4627 2939 4687 teret
2998 4619 3211 4709 ipsam
3261 4626 3327 4684 et
3382 4639 3522 4685 non
3592 4616 3945 4695 incineret,
3991 4616 4081 4684 ita
4148 4612 4334 4707 quod

2772 4727 3032 4796 fumare
3062 4726 3363 4817 incipiat,
3399 4734 3559 4795 tunc
3583 4723 4038 4794 melancholia
4062 4724 4177 4792 illa
4207 4725 4334 4793 erit

2773 4834 3035 4906 habeus
3064 4835 3316 4904 multos
3340 4842 3405 4902 et
3435 4831 3774 4901 stabilitos
3796 4840 3858 4899 et
3891 4830 4336 4899 confirmatos

2776 4943 3052 5034 spiritus
3095 4964 3111 5009 :
3147 4943 3307 5033 quia
3346 4939 3647 5010 calidum
3678 4940 3830 5028 ejus
3874 4937 4048 5005 hene
4069 4944 4331 5015 movet,

2775 5056 2840 5117 et
2871 5050 3016 5136 ejus
3056 5048 3415 5116 humidum
3458 5071 3616 5115 cum
3651 5045 3999 5139 hypostasi
4034 5044 4331 5113 terrestri

2777 5179 2913 5226 non
2948 5158 3316 5225 incinerata
3345 5156 3607 5247 optime
3666 5161 4023 5221 movetur:
4057 5160 4337 5244 propter

2775 5260 2961 5354 quod
2989 5260 3159 5329 tales
3179 5259 3435 5330 habent
3465 5259 3806 5329 stabilitos
3870 5267 4242 5351 conceptus
4272 5265 4341 5327 et

2774 5368 3317 5439 ordinatissimos
3394 5368 3698 5445 effectus,
3796 5376 3860 5434 et
3952 5366 4344 5436 efficiuntur

2775 5475 3057 5544 studiosi
3080 5482 3145 5543 et
3183 5475 3518 5542 virtutum
3562 5474 4012 5564 optimorum.
4057 5472 4143 5542 Et
4186 5470 4339 5539 ideo

2776 5583 2939 5651 dicit
2967 5583 3370 5653 Aristoteles
3400 5582 3472 5649 in
3512 5580 3688 5649 libro
3737 5580 3819 5650 de
3869 5580 4343 5650 Problemati-

2776 5690 2923 5771 bus,
2989 5690 3172 5783 quod
3247 5712 3494 5760 omnes
3567 5690 3869 5778 majores
3934 5684 4337 5778 Philosophi

2774 5799 2948 5869 sicut
2986 5800 3434 5892 Anaxagoras
3481 5805 3548 5866 et
3583 5796 3831 5868 Thales
3860 5796 4167 5865 Milesius
4212 5815 4226 5862 :
4269 5801 4337 5863 et
