4919 6371
1337 1083 1781 1289 DE
1960 1079 4287 1295 ANIMALIBUS

1786 1539 1790 1547 ’
1871 1603 2495 1756 LIBER
2627 1602 3709 1758 SEPTIMUS.

2013 2399 3387 2514 TRAGTATIJS
3524 2405 3588 2511 Ι

1952 2805 2097 2899 De
2151 2805 2576 2898 moribus
2624 2816 2711 2897 et
2761 2804 2958 2896 vita
3008 2802 3639 2897 animale'um.

1784 4176 2077 4245 CAPUT
2117 4176 2167 4245 l.

1197 4598 1529 4683 Qualiter
1554 4598 1902 4669 animalia
1927 4626 2059 4695 per
2086 4605 2285 4695 prius
2319 4615 2384 4673 e!
2401 4607 2743 4698 posterius

1280 4705 1594 4775 eamdem
1622 4716 1954 4778 naturam
1970 4711 2436 4805 participant:
2478 4725 2544 4781 et
2565 4737 2744 4805 qua-

1288 4813 1448 4881 liter
1474 4826 1734 4883 natum
1779 4840 1914 4911 per
1972 4819 2235 4906 qradm·
2271 4821 2527 4888 medios
2564 4822 2741 4890 venit

1285 4932 1372 5000 de
1408 4943 1714 5002 extremo
1742 4929 1842 5002 ad
1859 4941 2235 4999 ertrmmm
2255 4934 2294 4998 7

1280 5554 1544 5627 Natura
1573 5560 1851 5651 quidem
1881 5560 2277 5629 animalium
2309 5569 2636 5652 quantum
2659 5560 2741 5630 ad

2852 3613 3154 3683 cundum
3183 3611 3371 3705 quod
3409 3609 4046 3681 determinavimus,
4090 3608 4229 3677 Sed
4258 3608 4423 3701 quia

2851 3745 3061 3815 opera
3098 3719 3503 3790 animalium
3534 3742 3673 3787 non
3711 3716 4095 3811 procedunt
4120 3739 4164 3786 a
4191 3718 4416 3788 virtu-

2851 3831 3033 3901 tibus
3063 3826 3485 3899 naturalibus
3539 3851 3809 3906 eorum,
3852 3849 3994 3894 non
4049 3848 4421 3918 possumus

2852 3959 3261 4030 cognoscere
3301 3945 3616 4004 naturam
3693 3936 3901 4004 etiam
3958 3957 4116 4002 cum
4168 3934 4419 4004 virtute

2853 4072 3000 4123 suu.
3036 4048 3164 4115 nisi
3202 4048 3501 4115 sciamus
3540 4067 3947 4112 communes
3996 4042 4418 4111 differentias

2853 4178 3139 4247 operum
3177 4163 3246 4224 et
3272 4153 3715 4222 mansionum
3750 4173 3768 4219 ε
3804 4160 3871 4219 et
3916 4150 4002 4220 de
4027 4149 4140 4218 his
4169 4150 4420 4242 loque·

2851 4285 3012 4332 mur
3071 4270 3443 4353 antequam
3479 4259 3562 4328 de
3617 4258 3920 4327 hominis
3969 4258 4421 4349 ymen-atione

2851 4370 3410 4440 determinemus.
3446 4366 3897 4435 niven-santur
3933 4367 4119 4434 enim
4153 4367 4225 4434 in
4254 4387 4423 4457 ope·

2850 4476 3232 4547 rationibus
3270 4483 3337 4545 et
3377 4475 3520 4544 vita
3574 4482 3643 4543 et
3707 4471 4020 4542 moribus
4058 4470 4414 4541 animalia.

2854 4584 3187 4654 Similiter
3237 4589 3467 4651 autem
3523 4581 3878 4674 passiones
3925 4603 4170 4650 eorum
4217 4578 4417 4647 valde

2851 4704 3012 4766 sunt
3037 4691 3452 4763 differentes.
3514 4689 3881 4760 Passiones
3938 4689 4126 4758 enim
4183 4689 4415 4758 virtu-

2850 4816 2996 4877 tum
3059 4804 3309 4875 animae
3356 4802 3429 4872 in
3485 4799 3901 4871 animalibus
3970 4800 4422 4869 inveniuntur

2852 4915 3126 4985 multis:
3169 4910 3289 4982 sed
3343 4909 3742 4978 differentiae
3807 4908 4212 5001 passionum
4264 4903 4424 4974 illa-

2851 5048 3004 5093 rum
3044 5023 3113 5091 in
3144 5019 3427 5090 homine
3455 5016 3654 5086 valde
3684 5025 3847 5086 sunt
3884 5013 4297 5093 manifestae,
4336 5035 4420 5082 eo

2850 5132 3035 5225 quod
3065 5133 3207 5223 ipse
3251 5127 3633 5220 perfectiori
3700 5126 3874 5195 vivit
3929 5125 4190 5204 anima,
4271 5143 4422 5213 quae

2847 5236 3217 5307 nobiliores
3253 5241 3322 5302 et
3360 5235 3584 5326 magis
3633 5230 4028 5301 differentes
4067 5227 4278 5298 habet
4313 5226 4424 5297 vi-

2850 5370 2982 5416 res.
3018 5342 3342 5412 Divinam
3372 5342 3559 5411 enim
3589 5338 3886 5408 habetet
3929 5334 4308 5406 animalem
4353 5341 4421 5403 et

2850 5449 3406 5530 intellectualem,
3457 5455 3525 5516 et
3568 5447 3902 5539 imprimit
3948 5467 4111 5514 suas
4150 5441 4422 5536 passio·

2853 5585 2976 5633 nes
3032 5561 3101 5628 in
3141 5566 3458 5627 naturam
3524 5555 3854 5647 corporis.
3900 5553 3987 5623 Et
4040 5548 4414 5644 aliquando

1192 5665 1772 5756 compositionem
1841 5667 2304 5737 membrorum
2377 5677 2442 5738 et
2497 5692 2749 5761 genera
2855 5671 3062 5743 etiam
3100 5666 3328 5761 passio
3357 5672 3635 5734 causata
3681 5687 3725 5734 a
3759 5686 4049 5757 corpore
4087 5656 4425 5730 redundat

1195 5793 1439 5846 corum
1485 5773 1569 5843 de
1618 5798 1755 5866 qua
1799 5776 2123 5857 diximus,
2162 5783 2262 5845 est
2291 5776 2608 5847 differens
2634 5803 2749 5848 se-
2861 5777 3301 5849 inanimam:
3369 5780 3438 5841 et
3494 5770 3647 5843 ideo
3713 5774 4116 5866 passionum
4172 5764 4422 5834 harum
