4919 6371
652 250 732 316 16

643 437 854 482 unam
877 415 1059 482 enim
1088 415 1413 483 virtutem
1445 411 1804 485 imitantia,
1840 405 2198 495 negligunt

641 520 848 588 aliam
884 546 901 588 ι
945 528 1012 588 et
1058 522 1384 588 virtutem
1446 513 1810 589 imitantia,
1855 509 2199 577 nihilomi-

643 650 771 694 nus
817 627 1172 716 subjacent
1217 621 1521 715 passioni
1567 641 1717 709 quae
1766 620 2002 685 virtuti
2069 640 2198 706 op-

642 734 945 824 ponitur,
980 734 1156 800 sicut
1203 738 1588 797 extremum
1640 727 2011 815 opponitur
2055 746 2196 790 me-

649 842 788 911 dio.
851 839 1062 909 Verbi
1118 837 1366 927 gratia,
1426 832 1536 902 leo
1600 833 2075 901 liberalitatem
2131 839 2197 897 et

636 949 1283 1043 magnanimitatem
1353 944 1662 1011 imitatur
1726 952 1792 1011 et
1849 937 2200 1009 fortitudi-

643 1079 847 1125 nem:
883 1060 1132 1120 etcum
1153 1050 1579 1119 liberalitatis
1608 1051 1694 1118 sit
1724 1050 1805 1116 de
1824 1047 2099 1138 proprio
2131 1052 2198 1113 et

643 1158 1021 1232 abundanti
1053 1161 1592 1241 communicare,
1625 1163 1693 1223 et
1738 1156 1809 1220 in
1839 1153 1970 1220 hoc
2019 1175 2194 1243 gau-

642 1268 829 1346 dere,
880 1265 1022 1355 ipse
1078 1266 1545 1333 communicat
1567 1261 1909 1352 praedam:
1947 1267 2013 1327 et
2041 1259 2191 1326 ideo

1656 242 1735 310 l).
1784 241 1980 307 ALB.
2036 234 2251 301 MAG.

2307 234 2514 304 ORl).
2569 239 2866 306 PRAED.

2870 1267 3174 1335 CAPUT
3212 1265 3296 1332 V.

639 1374 872 1468 potius
938 1373 1244 1463 profusio
1312 1371 1584 1462 tyranni
1635 1369 1761 1436 erit
1826 1366 2194 1435 liberalitas
2310 1392 2337 1406 ·

640 1504 792 1564 sua,
816 1503 1024 1572 quam
1052 1479 1587 1549 communicatio
1619 1478 1915 1544 virtutis.
1952 1475 2194 1543 Adhuc

642 1596 873 1657 autem
931 1585 1415 1677 magnanimus
1466 1592 1532 1651 et
1595 1583 1787 1651 fortis
1866 1584 2188 1665 existens,

642 1682 954 1785 subjacet
980 1691 1346 1760 iracundiae
1381 1714 1397 1760 :
1432 1691 1625 1759 fortis
1675 1698 1903 1758 autem
1945 1689 2185 1781 gratia,

639 1801 810 1871 honi
839 1822 1091 1891 magna
1118 1798 1382 1891 invadit
1409 1806 1478 1867 et
1504 1798 1717 1866 vincit
1757 1820 1772 1865 ε
1806 1803 1874 1865 et
1910 1797 2008 1863 sic
2035 1794 2191 1864 faci-

638 1908 700 1977 le
743 1913 849 1976 est
875 1906 1107 1975 videre
1146 1906 1219 1973 in
1250 1904 1572 1973 omnibus
1608 1903 1781 1971 aliis.

642 2089 653 2095 ,
725 2012 927 2094 Quod
963 2021 1191 2081 autem
1231 2013 1533 2080 maxime
1562 2013 1633 2078 in
1652 2011 1758 2078 his
1792 2010 2186 2098 attenditur,

636 2118 951 2212 estquod
980 2141 1119 2187 non
1150 2125 1365 2211 agunt
1391 2126 1579 2186 actus
1609 2118 1958 2207 regiminis
1998 2118 2190 2185 istius

633 2225 877 2309 libere,
936 2225 1055 2294 sed
1117 2248 1279 2294 vere
1314 2223 1648 2348 impulsu,
1671 2231 1949 2346 propter
2004 2225 2189 2314 quod

633 2342 864 2404 mente
884 2341 952 2402 et
977 2334 1240 2402 ratione
1269 2340 1337 2401 et
1364 2334 1695 2401 memoria
1725 2332 1952 2399 minus
1982 2354 2188 2452 quam

551 2478 565 2505 ε
633 2428 770 2510 alia
797 2441 1295 2531 participantia,
1328 2438 1574 2508 melius
1600 2435 1855 2507 liabent
1882 2438 2187 2528 regimen

632 2548 821 2626 vitae,
866 2547 1041 2615 sicut
1086 2547 1234 2667 apis
1284 2568 1436 2637 quae
1467 2544 1637 2612 nihil
1683 2545 1933 2614 mentis
1960 2551 2030 2612 et
2062 2566 2185 2634 pa·

525 2652 536 2664 ‘
640 2676 795 2751 rum
867 2652 1227 2723 momoriae
1267 2651 1501 2733 habet,
1571 2660 1638 2720 et
1702 2651 1919 2720 multo
1956 2653 2186 2720 minus

2295 2007 2398 2071 De
2411 2002 2732 2071 membris
2752 2002 3172 2069 animalium
3201 2001 3573 2068 secundum
3613 2002 3849 2091 officia

2482 2132 2717 2177 eorum
2748 2107 2940 2198 quod
2963 2107 3214 2176 habent
3245 2108 3314 2173 in
3343 2129 3646 2197 corpore.

633 2782 847 2851 quam
873 2757 1008 2839 leo,
1040 2758 1151 2828 vel
1180 2780 1452 2837 corvus,
1495 2766 1811 2827 ettamen
1839 2759 2055 2826 multa
2084 2781 2186 2827 re-

637 2867 828 2958 gitur
871 2866 1294 2934 oeconomica
1342 2872 1410 2933 et
1464 2863 1864 2933 monarchia
1910 2873 1977 2933 et
2012 2864 2185 2932 civi-

622 2971 843 3042 litate.
897 2969 985 3040 Et
1037 2970 1594 3063 quibuscumque
1646 2970 1921 3062 quidem
1967 2970 2099 3039 hoc
2142 2994 2182 3039 a

621 3086 905 3167 natura¹
940 3077 1237 3148 inditum
1293 3086 1421 3163 est,
1463 3087 1531 3146 et
1568 3079 1762 3168 quasi
1789 3077 2045 3146 nullius
2075 3076 2184 3145 di-

621 3180 930 3277 sciplinae
975 3189 1136 3250 sunt
1178 3180 1666 3274 susceptibilia,
1709 3182 1780 3250 in
1829 3183 2181 3251 communi

621 3296 999 3386 operantur
1024 3291 1173 3360 sine
1200 3313 1390 3383 rege,
1422 3291 1598 3360 sicut
1630 3289 1958 3360 sormicae.
1984 3289 2183 3371 Quae-

616 3420 917 3490 cumque
955 3405 1197 3468 autem
1224 3405 1389 3467 sunt
1425 3399 1809 3467 eommunis
1838 3399 1994 3467 vitae
2019 3421 2180 3489 par·

614 3504 993 3596 ticipantia,
1061 3526 1219 3575 eum
1302 3527 1461 3596 rege
1527 3513 1920 3595 operantur,
2001 3505 2179 3574 sicut

617 3613 789 3705 apis.
842 3608 1066 3703 Reges
1110 3619 1345 3681 autem
1403 3610 1749 3693 habentia,
1810 3612 2177 3704 aliquando

612 3705 874 3789 habent
911 3739 1148 3811 regem
1172 3740 1215 3785 a
1252 3726 1499 3788 natura
1524 3718 1999 3800 constitutum,
2042 3720 2181 3787 sic-

607 3835 687 3896 ut
720 3826 911 3920 apis:
953 3824 1103 3918 ipsa
1125 3826 1313 3913 enim
1341 3827 1685 3918 quantitas
1721 3825 2030 3918 corporis
2060 3829 2174 3894 in-

610 3932 794 4003 dicat
862 3929 1222 4025 perfectius
1269 3954 1416 4002 esse
1474 3932 1545 4000 in
1591 3955 1719 4002 suo
1762 3955 2013 4025 genere
2042 3931 2175 4002 hoc

617 4035 929 4120 animal:
985 4044 1055 4107 et
1090 4036 1246 4107 ideo
1304 4037 1552 4109 debere
1580 4038 1895 4108 ordinare
1934 4038 2066 4107 alia
2104 4046 2169 4108 et

616 4145 961 4238 imperare
1015 4144 1139 4236 eis.
1206 4143 1602 4237 Aliquando
1643 4154 1875 4214 autem
1919 4146 2180 4215 consti-

605 4252 830 4332 tuitur
872 4272 993 4322 rex
1020 4258 1088 4320 et
1115 4251 1533 4342 destituitur,
1560 4252 1737 4323 sicut
1762 4254 1838 4321 in
1891 4253 2176 4345 gruibus

604 4356 753 4430 haec
815 4355 1172 4449 {equaliter
1234 4358 1530 4449 perfecte
1595 4366 1755 4428 sunt
1802 4359 1879 4427 in
1906 4358 2175 4429 viribus

609 4463 885 4546 animae.
919 4461 1005 4532 Et
1051 4463 1204 4533 ideo
1254 4486 1397 4533 non
1443 4466 1650 4534 estin
1679 4465 1780 4535 eis
1807 4466 2173 4536 necessitas

614 4568 824 4669 regis,
866 4567 1000 4637 nisi
1044 4591 1168 4662 pro
1212 4576 1562 4662 tempore,
1594 4571 1867 4663 quando
1898 4595 2173 4643 necesse

615 4684 720 4762 est
755 4680 881 4743 aut
917 4672 1216 4770 dormire
1246 4683 1367 4745 aut
1391 4676 1591 4769 dirigi
1618 4677 1967 4760 involatu,
2007 4702 2174 4801 pro-

613 4788 769 4875 pter
795 4759 988 4873 quod
1024 4765 1341 4852 noctibus
1377 4783 1732 4853 custodem
1779 4782 2034 4854 habent
2074 4785 2173 4855 vi-

610 4887 938 5009 giliarum
967 4888 1210 4969 noctis,
1255 4889 1369 4960 et
1349 4913 1422 4959 ιιι
1444 4890 1681 4961 volatu
1709 4890 1979 4972 ducem,
2008 4916 2165 4984 pro-

620 5001 779 5086 pter
823 4993 1043 5090 cujus,
1095 4994 1544 5090 directionem
1599 4996 1838 5068 ordine
1875 4997 2170 5068 litterato

626 5099 881 5200 volare
894 5099 1235 5200 dicuntur.

2379 2946 2769 3016 Redeuntes
2834 2950 3065 3012 autem
3113 2941 3200 3009 ad
3232 2940 3688 3031 propositum,
3719 2935 3849 3004 ad-

2286 3055 2420 3149 huc
2447 3050 2927 3123 universaliter
2953 3059 3317 3140 tangamus
3354 3043 3665 3114 membra
3693 3044 3848 3111 ani-

2287 3164 2599 3248 malium,
2640 3159 3175 3230 determinantes
3203 3156 3425 3226 officia
3469 3154 3732 3249 ‘quibus
3770 3175 3842 3221 se

2285 3271 2540 3342 hahent
2579 3270 2666 3339 ad
2694 3269 3016 3337 invicem.

2302 3383 2303 3386 ’
2370 3378 2697 3447 Dicamus
2723 3376 2959 3468 igitur,
2992 3374 3178 3465 quod
3229 3371 3461 3441 omnia
3518 3367 3842 3438 animalia

2279 3486 2702 3556 conveniunt
2721 3482 2792 3550 in
2821 3481 2956 3550 hoc
2975 3479 3161 3572 quod
3179 3477 3436 3548 habent
3452 3476 3590 3545 duo
3629 3498 3843 3544 mem·

2282 3593 2404 3661 bra
2448 3614 2572 3683 per
2617 3613 2770 3684 quae
2824 3588 3131 3657 salvatur
3173 3584 3556 3656 substantia
3596 3582 3841 3653 indivi-

2282 3699 2503 3768 dualis
2524 3698 2830 3790 ipsorum
2857 3718 2875 3765 ε
2906 3693 3203 3788 quorum
3241 3714 3457 3762 ιιιιιιιιι
3485 3698 3591 3761 est
3628 3711 3846 3759 mem·

2282 3807 2485 3876 brum
2532 3827 2656 3897 per
2701 3803 2889 3895 quod
2918 3802 3256 3893 recipiunt
3310 3800 3838 3876 nutrimentum,

2281 3920 2349 3982 et
2374 3911 2508 3980 hoc
2545 3916 2660 3979 est
2676 3933 2777 3991 OS,
2822 3913 2942 3977 aut
2970 3905 3230 3999 aliquid
3258 3903 3481 3974 simile
3532 3904 3663 3972 ori.
3707 3901 3842 3970 Se-

2278 4017 2581 4090 cundum
2613 4023 2848 4086 autem
2881 4024 2987 4084 est
3007 4011 3464 4084 membrum
3444 4034 3518 4080 ιιι
3545 4031 3683 4102 quo
3723 4032 3841 4077 re-

2278 4127 2502 4194 tinent
2526 4124 3051 4201 nutrimentum,
3086 4129 3163 4191 ut
3190 4127 3526 4212 exsugant
3571 4141 3658 4188 ex
3687 4117 3838 4210 ipso
3969 4165 3973 4169 Α

2279 4238 2599 4301 manente
2629 4229 2702 4298 in
2732 4227 3045 4298 membro
3075 4227 3194 4296 illo
3221 4224 3585 4296 humidum
3616 4223 3841 4293 nutri-

2279 4327 2576 4409 mentale
2602 4359 2972 4429 corporum
3018 4357 3344 4407 suorum:
3386 4341 3456 4403 et
3504 4330 3639 4402 hoc
3715 4354 3840 4400 vo·

2276 4455 2470 4518 catur
2503 4444 2922 4530 stomachus,
2956 4452 3077 4515 aut
3101 4442 3362 4535 aliquid
3395 4435 3561 4512 loco'
3575 4448 3643 4510 et
3688 4439 3838 4508 vice

2273 4552 2610 4624 stomachi
2640 4553 2964 4623 existens.
3008 4551 3145 4621 Ista
3182 4559 3415 4620 tamen
3442 4547 3580 4618 duo
3624 4569 3838 4616 mem-

2276 4655 2398 4731 bra
2428 4661 2686 4730 habent
2751 4658 3270 4729 convenientias
3305 4664 3374 4727 et
3411 4653 3835 4725 differentias

2276 4775 2344 4840 in
2365 4761 2655 4839 diversis
2703 4765 3122 4836 animalibus
3158 4764 3535 4836 secundum
3584 4760 3831 4830 modos

2274 4902 2448 4973 quos
2477 4876 2786 4947 dicemus
2802 4875 3170 4970 posterius,
3203 4871 3580 4943 secundum
3601 4892 3828 4961 aspec-

2272 4998 2423 5057 tum
2487 4986 2808 5057 videlicet
2867 4984 3103 5078 figurae
3171 4985 3502 5073 ipsorum,
3544 4988 3611 5049 et
3659 5000 3836 5069 aug-

2276 5085 2587 5165 mentum
2617 5101 2685 5162 et
2729 5091 3247 5173 diminutiones,
3299 5096 3368 5158 et
3411 5087 3835 5158 convenien-

2274 5202 2445 5306 tiam
2486 5200 2925 5293 qualitatum,
2959 5205 3027 5266 et
3055 5181 3432 5267 secundum
3462 5195 3698 5263 situm.

2365 5299 2898 5377 communicant
2952 5312 3179 5410 autem
3253 5298 3532 5370 adhue
3512 5322 3585 5367 ιιι
3614 5319 3841 5367 mem-

2272 5414 2398 5483 bro
2547 5412 2800 5493 tertio,
2907 5405 3136 5503 quod
3231 5413 3334 5476 est
3449 5399 3840 5514 membrum

2160 5603 2165 5610 ι
2275 5521 2380 5634 ιιᾶῖ
2438 5510 2626 5612 quod
2691 5517 2882 5588 vadit
2945 5518 3016 5585 in
3057 5505 3798 5620 ἐοοεεειιιιιῇιιιίεειιιιι
3820 5532 3837 5578 :
