4919 6371
657 345 787 412 464

654 515 881 574 autem
918 524 1133 592 genus
1196 497 1422 565 Graece
1487 499 1932 566 commendes
1988 523 2200 568 voca-

649 621 781 686 tur,
820 607 1003 698 quod
1034 616 1134 674 est
1189 605 1595 673 acerrimum
1654 608 1878 675 audax
1938 617 2003 676 et
2046 632 2200 676 ma-

649 738 859 806 gnum
918 723 984 782 et
1050 713 1355 805 longum,
1435 716 1760 784 invadens
1847 716 2200 807 quodlibet

649 822 834 912 quod
862 821 946 889 ad
981 822 1216 890 nidum
1266 845 1466 891 suum
1511 826 2013 915 appropinquat
2046 847 2060 890 :
2132 831 2199 889 et

646 929 704 996 si
744 937 1229 1019 congregatum
1268 929 1469 997 fuerit
1499 930 1569 996 in
1608 952 1837 1019 grege,
1884 927 2199 995 interficit

648 1059 897 1126 equum
919 1035 1026 1104 vel
1059 1035 1409 1103 hominem
1444 1036 1816 1126 puncturiS,
1872 1058 1951 1102 eo
2013 1035 2198 1124 quod

650 1144 959 1213 aculeum
999 1143 1202 1211 habet
1234 1144 1637 1218 maximum,
1674 1149 1739 1208 et
1761 1141 1956 1208 valde
1995 1164 2201 1208 vene-

650 1274 921 1319 nosum.

734 1358 887 1423 Tria
955 1362 1182 1421 autem
1240 1376 1488 1442 genera
1537 1352 1662 1419 sub
1705 1361 1884 1419 terra
1914 1374 2198 1420 moran-

647 1470 781 1541 tur,
828 1483 1120 1551 quorum
1176 1459 1451 1549 quidam
1502 1482 1755 1526 nomen
1830 1483 2196 1527 commune

648 1571 881 1638 dicunt
929 1591 1073 1637 esse
1112 1578 1410 1636 utacum.
1457 1568 1541 1634 Et
1580 1568 1827 1636 horum
1893 1568 2194 1657 primum

650 1701 864 1771 genus
903 1685 1028 1762 est,
1062 1676 1243 1767 quod
1292 1675 1522 1743 Graece
1581 1677 1748 1742 lirin
1785 1682 2095 1754 vocatur,
2132 1681 2197 1742 et

649 1797 750 1857 est
786 1788 977 1880 quasi
1045 1786 1276 1876 ligura)
1317 1784 1687 1876 sphaericae‚
1733 1793 1798 1852 et
1826 1792 1927 1852 est
1967 1785 2195 1852 mino-

649 1896 739 1963 ris
770 1893 1162 1984 quantitatis
1192 1913 1397 1981 quam
1438 1889 1568 1957 alia
1627 1890 1761 1957 duo
1818 1912 2094 1981 genera,
2129 1897 2195 1958 et

648 2004 882 2071 nidum
914 2023 1035 2091 per
1073 1998 1347 2066 modum
1388 1997 1523 2066 favi
1554 1997 1713 2066 facit
1743 1998 1813 2064 in
1852 2007 2032 2066 terra
2060 1999 2194 2066 eir-

644 2134 721 2178 ca
753 2110 1009 2177 radices
1027 2108 1457 2174 arbustorum
1495 2128 1509 2170 ι
1557 2115 1621 2174 et
1651 2107 1802 2174 ideo
1838 2130 1986 2176 rasa
2016 2115 2194 2175 terra

646 2216 1012 2308 aliquando
1048 2215 1386 2282 invenitur
1423 2214 1620 2281 nidus
1651 2216 1798 2303 ejus
1847 2214 2191 2283 adhaerere

642 2325 889 2415 plantae
945 2322 1120 2390 sicut
1182 2320 1374 2388 favus
1439 2343 1651 2388 cera-z
1697 2320 1814 2388 sed
1863 2344 2016 2390 cera
2068 2344 2193 2389 sua

642 2440 743 2501 est
774 2431 953 2499 mala
980 2438 1047 2498 et
1076 2429 1361 2498 inutilis.

733 2539 1123 2609 Secundum
1172 2547 1396 2606 autem
1442 2561 1656 2628 genus
1704 2546 1988 2607 vocatur
2034 2539 2193 2628 qui-

644 2649 797 2716 dem
831 2647 1057 2715 Graece
1111 2648 1311 2715 etiam
1370 2647 1559 2725 lirin,
1621 2647 1739 2714 sed
1777 2655 1878 2715 est
1919 2646 2190 2738 longius

639 2754 1161 2846 aliquantulum,
1222 2761 1288 2820 et
1371 2756 1715 2821 invenitur
1798 2754 1978 2844 apud
2062 2777 2188 2822 nos

634 2863 840 2930 trium
897 2861 1230 2940 colorum,
1273 2861 1544 2951 nigrum
1601 2861 1939 2939 videlicet,
1975 2869 2040 2930 et
2072 2885 2190 2930 ru-

639 2967 869 3047 beum,
905 2976 969 3036 et
1007 2970 1296 3034 varium.
1337 2967 1405 3033 ld
1438 2978 1666 3035 autem
1698 2968 1884 3059 quod
1922 2977 2025 3036 est
2068 2993 2189 3036 ru-

638 3073 868 3152 beum,
914 3081 1017 3141 est
1054 3074 1244 3164 quasi
1275 3096 1692 3164 purpureum
1742 3073 1849 3142 vel
1898 3076 2187 3166 sangui-

640 3208 843 3253 neum
885 3183 1248 3252 obscurum
1281 3182 1537 3253 habens
1568 3188 1892 3254 colorem.

723 3292 1024 3361 Tertium
1053 3314 1269 3382 genus
1309 3301 1408 3358 est
1468 3293 1650 3384 quod
1690 3294 1906 3362 (ira-ci
1949 3318 2186 3362 roma-

641 3399 771 3469 lias
801 3410 1073 3479 vocant,
1109 3410 1174 3469 et
1212 3410 1307 3469 est
1360 3404 1738 3470 maximum
1807 3406 2182 3494 quantitate

636 3512 811 3578 inter
836 3509 988 3588 tria,
1032 3518 1096 3577 et
1127 3509 1665 3599 frequentissime
1698 3519 1798 3579 est
1826 3515 2096 3582 varium
2116 3522 2185 3582 et

636 3626 926 3685 eurtum.

728 3726 910 3794 lnter
946 3723 1094 3794 hoec
1124 3725 1330 3815 igitur
1357 3728 1485 3794 tria
1524 3750 1771 3817 genera
1798 3750 2005 3819 apum
2037 3728 2183 3799 haee

633 3854 785 3922 qua*
816 3840 1099 3900 vocatur
1116 3834 1571 3902 communiter
1609 3834 1785 3925 apis,
1822 3859 2032 3926 parva
2080 3846 2180 3906 est

647 3948 709 4006 et
750 3937 1193 4028 longitudinis
1230 3940 1492 4007 mediae.
1529 3940 1783 4009 Citrina
1814 3952 2047 4012 autem
2079 3954 2178 4013 est

635 4045 1079 4135 longitudinis
1108 4047 1421 4115 maxima·
1484 4050 1552 4114 in
1591 4049 1957 4138 generibus
2008 4053 2175 4118 istis.

636 4150 936 4219 Tertium
969 4160 1194 4220 autem
1224 4175 1439 4241 genus
1469 4153 1648 4243 quod
1702 4163 1976 4222 alacrem
2018 4159 2179 4248 qui-

631 4256 788 4323 dam
819 4264 1090 4335 vocant,
1142 4266 1242 4325 est
1281 4259 1581 4325 minima·
1640 4258 2085 4350 longitudinis
2113 4270 2178 4329 et

633 4362 952 4430 maxima·
984 4363 1411 4432 rotunditatis
1439 4372 1505 4433 et
1535 4365 2013 4455 spissitudinis.

724 4466 970 4536 Omnia
1032 4477 1256 4537 autem
1312 4469 1452 4539 haec
1507 4494 1755 4561 genera
1811 4495 2178 4542 commune

635 4574 912 4652 habent,
956 4577 1137 4665 quod
1168 4588 1409 4646 sonant
1452 4579 1519 4645 in
1550 4579 1808 4660 volatu,
1851 4590 1916 4649 et
1956 4605 2179 4673 quan-

637 4683 726 4751 do
791 4691 1131 4764 tenentur,
1192 4694 1254 4753 et
1304 4689 1370 4754 in
1418 4709 1589 4754 sono
1622 4687 1738 4757 illo
1787 4689 1909 4758 alm
1939 4713 2176 4759 earum

637 4800 1000 4861 moventur
1025 4796 1245 4885 crispo
1295 4802 1510 4874 motu,
1570 4796 1744 4865 sicut
1769 4806 1975 4867 vento
2013 4823 2178 4868 cou-

629 4900 971 4967 cutiantur
998 4922 1014 4968 ε
1045 4908 1104 4968 et
1140 4900 1341 4991 hujus
1369 4924 1574 4969 eausa
1612 4911 1734 4982 est,
1770 4906 1929 4995 quia
1969 4929 2180 4974 sonus

630 5005 878 5073 horum
964 5006 1360 5075 animalium
1427 5008 1501 5075 lit
1573 5011 1814 5099 spiritu
1882 5012 2177 5080 naturali

630 5116 1048 5203 percutiente
1103 5115 1544 5207 diaphragma
1611 5140 1890 5186 eorum:
1970 5127 2037 5188 et
2085 5121 2177 5188 ibi

628 5228 790 5286 sunt
829 5224 1019 5310 quasi
1051 5222 1347 5291 abscissa
1375 5231 1439 5292 et
1481 5226 1821 5293 succincta
1877 5227 2006 5296 ista
2062 5251 2179 5320 ge·

630 5348 791 5393 nera
829 5327 1270 5398 animalium:
1340 5340 1406 5399 et
1437 5331 1712 5422 spiritus
1751 5330 2004 5401 ibidem
2043 5335 2181 5425 spi-

624 5455 806 5511 rans,
855 5440 1140 5524 percutit
1193 5441 1446 5507 radices
1475 5447 1542 5508 et
1573 5436 2005 5508 membranas
2043 5443 2182 5510 ala-

614 5563 772 5613 rum
810 5562 826 5608 :
861 5549 927 5610 et
966 5542 1114 5611 ideo
1164 5548 1442 5636 crispari
1478 5549 1545 5614 in
1585 5571 1759 5615 sono
1790 5555 1857 5615 et
1885 5556 2176 5619 tremere

629 5647 967 5719 videntur.

1647 334 1731 401 D.
1783 333 1984 401 ALB.
2038 333 2256 402 MAG.

2310 333 2516 402 ORD.
2571 334 2863 402 PRAED.

2403 501 2573 570 Cum
2616 511 2843 570 autem
2911 501 3054 570 haee
3112 525 3364 592 genera
3430 503 3514 568 ad
3581 507 3868 572 invicem

2313 619 2794 700 comparantur
2833 612 2901 677 in
2942 611 3289 701 operibuS,
3327 613 3560 678 omnia
3592 612 3864 700 quidem

2313 717 2731 782 conveniunt
2761 715 2829 782 in
2871 714 3002 782 hoe
3068 716 3253 805 quod
3314 716 3383 781 in
3414 714 3720 781 cavernis
3750 713 3877 780 ha-

2311 822 2554 899 bitant,
2632 832 2880 911 praeter
2945 845 3226 912 vespam
3268 846 3421 913 quae
3479 833 3579 891 est
3618 823 3862 891 eoloris

2312 926 2634 1017 pulveris,
2669 949 2822 1016 quae
2873 930 3081 993 etiam
3131 951 3217 995 ex
3274 929 3717 997 cadaveribus
3754 952 3866 1020 ge-

2312 1043 2626 1103 neratur:
2672 1043 2736 1101 et
2765 1035 2925 1123 quia
2956 1058 3038 1102 ex
3077 1035 3314 1103 foetido
3350 1046 3715 1126 generatur
3740 1036 3863 1104 hu-

2310 1165 2523 1222 more,
2547 1142 2694 1209 ideo
2727 1141 2932 1208 etiam
2963 1140 3198 1208 foetida
3227 1144 3477 1231 quaerit
3507 1146 3573 1209 in
3603 1144 3857 1223 cibum,

2309 1259 2378 1317 et
2402 1249 2789 1339 frequenter
2819 1249 3166 1316 invenitur
3195 1248 3480 1316 domum
3518 1252 3862 1340 propriam

2308 1375 2446 1420 non
2505 1352 2780 1431 habere,
2854 1352 2973 1420 sed
3037 1351 3228 1420 sedet
3277 1352 3346 1418 in
3387 1354 3761 1444 parietibus
3801 1363 3867 1421 et

2308 1456 2576 1538 herbiS,·
2613 1468 2680 1526 et
2712 1459 2801 1526 ibi
2842 1459 3134 1526 moritur
3198 1467 3508 1549 tempore
3563 1460 3857 1551 frigoris.

2308 1567 2558 1636 Omnia
2588 1579 2816 1637 autem
2872 1567 3007 1636 alia
3069 1591 3322 1660 genera
3361 1592 3685 1637 cavernas
3723 1570 3853 1637 sibi

2304 1684 2547 1766 parant
2577 1675 2661 1743 ad
2724 1673 3201 1754 habitandum,
3265 1683 3333 1744 et
3389 1677 3460 1743 in
3499 1676 3632 1744 illis
3668 1676 3859 1743 favos

2304 1791 2710 1850 construunt
2757 1791 2821 1848 et
2876 1781 3082 1850 mella
3130 1790 3516 1872 reponunt:
3569 1782 3686 1850 sed
3726 1781 3858 1850 mel

2304 1915 2511 1983 apum
2542 1891 2767 1960 solum
2807 1900 2909 1960 est
2956 1891 3245 1969 bonum,
3291 1901 3358 1960 et
3395 1891 3707 1959 similiter
3743 1915 3861 1959 ce-

2304 2023 2399 2067 ra.
2445 2000 2599 2067 Alia
2629 2008 2858 2068 autem
2898 2000 3104 2067 mella
3158 2007 3318 2068 sunt
3364 2001 3701 2090 aquatica,
3743 2023 3861 2090 pa-

2304 2131 2454 2175 rum
2490 2107 2782 2175 valentia
2812 2129 2827 2173 ε
2864 2114 2928 2174 et
2958 2129 3113 2174 cera
3146 2106 3342 2197 quasi
3404 2107 3471 2172 in
3513 2113 3656 2173 toto
3688 2106 3860 2173 sicca

2302 2214 2638 2282 terrestris
2685 2223 2754 2282 et
2809 2213 3092 2281 inutilis.
3139 2212 3482 2280 Diss'erunt
3522 2221 3750 2280 autem
3794 2213 3863 2278 in

2301 2321 2457 2402 hoc,
2494 2322 2677 2411 quod
2700 2321 3013 2412 quaedam
3046 2319 3361 2388 habitant
3401 2321 3468 2387 in
3499 2342 3867 2410 congrega-

2301 2432 2510 2507 tione,
2555 2432 2729 2498 sicut
2783 2451 2991 2519 apum
3060 2451 3319 2518 genera
3350 2437 3418 2496 et
3459 2429 3856 2496 citrinarum

2299 2561 2506 2629 apum
2533 2560 2547 2604 :
2585 2537 2702 2604 sed
2733 2537 2862 2605 alia
2884 2558 3137 2627 genera
3167 2545 3522 2604 atacorum
3555 2534 3864 2602 habitant

2299 2643 2601 2712 solitaria
2640 2668 2793 2712 cum
2872 2643 3270 2713 mellilicant
3329 2652 3395 2710 et
3462 2642 3709 2710 faciunt
3756 2666 3863 2709 ce·

2297 2776 2464 2830 ram,
2511 2755 2683 2821 sicut
2713 2761 2774 2821 et
2807 2776 3013 2842 apum
3055 2774 3332 2843 genera.

2385 2962 2503 3028 Est
2533 2971 2761 3030 autem
2811 2961 2944 3028 alia
2983 2961 3409 3051 comparatio
3453 2962 3680 3028 omnis
3729 2985 3854 3050 ge-

2295 3069 2477 3137 neris
2507 3092 2711 3160 apum
2744 3068 2828 3136 ad
2858 3068 2990 3136 alia
3020 3067 3104 3136 de
3135 3067 3386 3159 quibus
3416 3069 3562 3157 jam
3603 3089 3858 3134 sermn-

2294 3199 2450 3242 nem
2482 3173 2790 3254 fecimus,
2826 3197 3075 3265 genera
3097 3172 3593 3242 annulosorum
3628 3196 3642 3239 ε
3679 3196 3856 3264 quo-

2290 3284 2475 3350 niam
2510 3283 2810 3351 formica>
2862 3281 3177 3373 quaedam
3221 3303 3360 3350 non
3404 3282 3691 3351 tendunt
3746 3279 3857 3348 in-

2290 3392 2494 3461 sidias
2534 3393 2618 3461 ad
2657 3392 3047 3462 venandum
3119 3391 3445 3459 animalia
3511 3390 3668 3470 alia,
3729 3388 3849 3454 secl

2289 3523 2448 3569 eum
2480 3499 2708 3569 cibum
2758 3522 2965 3590 quem
3005 3497 3239 3566 labore
3289 3498 3678 3578 inveniunt,
3719 3518 3853 3585 po-

2289 3617 2459 3676 nunt
2509 3608 2577 3675 in
2636 3606 2996 3675 thesauris.
3060 3607 3352 3674 Araneae
3422 3614 3650 3673 autem
3712 3626 3848 3670 non

2287 3716 2581 3786 multum
2620 3716 2972 3808 deponunt
3019 3715 3090 3782 in
3142 3714 3466 3784 thesauro
3516 3736 3669 3792 suo,
3722 3713 3841 3779 sed

2287 3823 2726 3892 intendendo
2778 3821 3060 3890 insidias
3104 3822 3429 3890 continue
3479 3828 3839 3889 venantur.

2285 3930 2471 4020 Apes
2499 3937 2724 3997 autem
2749 3951 2886 3997 non
2911 3928 3196 3996 tendunt
3229 3928 3509 3996 insidias
3529 3930 3838 4006 omnino,

2285 4037 2401 4104 sed
2431 4037 2780 4128 deponunt
2822 4037 2890 4103 in
2948 4035 3336 4116 thesauros,
3395 4044 3463 4104 et
3519 4033 3842 4126 depositis

2285 4141 2612 4212 adhibent
2652 4144 3086 4234 operationes
3145 4142 3396 4211 multas
3445 4150 3508 4209 et
3550 4142 3838 4217 labores,

2283 4252 2532 4342 quibus
2600 4272 2786 4319 rores
2842 4273 3017 4341 quos
3075 4248 3437 4341 colligunt,
3502 4249 3569 4315 in
3619 4270 3839 4316 ceram

2284 4369 2556 4429 vertunt
2590 4369 2654 4429 et
2693 4359 2898 4428 mella
2933 4382 2948 4426 ε
2986 4368 3051 4428 et
3092 4360 3248 4429 ideo
3278 4382 3441 4450 apes
3482 4380 3843 4448 arqumen·

2285 4482 2444 4538 tosa·
2481 4479 2546 4538 et
2571 4493 2866 4563 operosae
2921 4468 3266 4538 dicuntur.
3328 4471 3842 4559 Arqumeeelosae

2285 4578 2584 4670 quidem,
2653 4585 2930 4669 propter
2995 4577 3347 4646 solertiam
3405 4573 3840 4645 convertendi

2284 4712 2471 4757 rores
2503 4690 2567 4755 iu
2609 4712 2833 4756 ceram
2864 4696 2929 4755 et
2972 4687 3176 4756 mella
3204 4710 3220 4755 ε
3258 4711 3554 4780 operosa·
3584 4693 3836 4764 autem,

2284 4797 2441 4888 quia
2474 4803 2884 4887 congregata
2942 4818 3068 4862 suo
3109 4796 3476 4865 emendant
3506 4818 3734 4886 opere,
3777 4801 3841 4858 et

2282 4905 2532 4974 faciunt
2564 4904 2693 4973 sibi
2758 4905 3240 4972 convenientia
3298 4929 3420 4995 per
3476 4913 3834 4972 naturam:

2284 5014 2418 5082 mel
2448 5014 2631 5082 enim
2660 5011 2978 5103 proprius
3043 5012 3240 5080 cibus
3284 5020 3392 5080 est
3419 5035 3655 5104 apum,
3687 5010 3842 5079 licet

2284 5124 2491 5190 etiam
2542 5121 2977 5189 inveniantur
3052 5119 3186 5187 alia
3252 5120 3564 5211 quaedam
3620 5117 3839 5185 dulcia

2283 5229 2663 5309 comedere,
2696 5228 2871 5296 sicut
2903 5225 2965 5293 id
3000 5228 3185 5317 quod
3214 5236 3505 5296 vocatur
3537 5226 3839 5307 coh-leon,

2282 5347 2350 5406 et
2376 5346 2481 5407 est
2518 5360 2628 5405 ros
2658 5333 2937 5427 quidam
2961 5344 3029 5404 et
3066 5358 3311 5405 succus
3352 5333 3614 5404 habens
3677 5334 3842 5400 licus

2282 5444 2707 5514 dulcedinem
2736 5464 2752 5509 ε
2786 5450 2855 5510 et
2884 5441 3070 5511 hunc
3097 5441 3332 5511 eibum
3362 5442 3620 5533 colligit
3640 5462 3844 5530 super

2282 5554 2510 5631 flores,
2536 5560 2604 5621 et
2641 5550 3052 5619 inviscatum
3101 5550 3418 5620 cruribus
3445 5547 3844 5642 posteriori-

2279 5662 2409 5731 bus
2447 5666 2676 5754 portat
2705 5657 2792 5726 ad
2830 5656 3104 5727 alveare
3144 5682 3351 5728 suum
3381 5659 3561 5727 sicut
3596 5655 3845 5746 depor-
