4919 6371
617 323 697 390 14
1606 330 1692 398 D.
1743 328 1945 397 ALB.
1997 328 2212 399 MAG.
2267 330 2474 402 ORD.
2529 336 2824 403 PRAED.

689 490 775 557 Et
832 495 1019 582 quod
1085 496 1168 564 de
1237 498 1387 565 aliis
1434 498 1701 572 dicitur,
1739 495 1923 585 quod
1952 518 2154 563 vere-

602 600 821 667 cunda
849 604 1012 682 sint,
1050 613 1151 672 est
1191 606 1444 672 dictum
1485 603 1635 669 ideo
1669 602 1855 693 quod
1894 603 2148 694 aliquid

605 708 825 777 simile
856 709 1112 779 habent
1148 709 1450 800 passioni
1491 732 1640 798 quae
1667 716 1768 776 est
1817 733 2156 780 verecun-

601 817 735 885 dia.
773 817 1101 897 Quaedam
1142 825 1369 883 autem
1414 825 1573 884 sunt
1632 820 1933 888 amantia
1996 821 2155 912 pul-

597 924 1078 1003 chritudinem,
1135 924 1311 990 sicut
1361 946 1577 1013 pavo:
1642 935 1709 995 et
1748 928 1902 996 ideo
1945 931 2150 996 etiam

598 1035 865 1102 incessu
901 1032 1283 1121 composito
1314 1035 1528 1123 gradu
1573 1037 1824 1106 incedit
1869 1060 1955 1105 ne
2012 1058 2149 1103 ma-

597 1141 882 1222 culetur,
938 1147 1006 1206 et
1070 1139 1235 1205 dum
1280 1146 1382 1208 est
1433 1142 1661 1232 pullus
1717 1142 2147 1212 humefactus

595 1251 777 1313 totus
856 1250 925 1310 et
999 1244 1301 1334 pollutus
1390 1247 1757 1338 aliquando
1826 1248 2142 1328 moritur,

595 1347 788 1438 quasi
832 1348 1280 1437 pollutionem
1319 1351 1650 1419 sustinere
1691 1374 1831 1418 non
1878 1352 2137 1420 valens.
2800 1365 3093 1436 CAPUT
3142 1368 3258 1437 lv,

680 1456 862 1525 Inter
917 1460 1151 1527 omnia
1197 1467 1427 1527 autem
1459 1460 1785 1527 animalia
1814 1459 2145 1529 districti-

588 1585 755 1631 vum
785 1565 1203 1633 intellectum
1245 1564 1451 1633 habet
1488 1566 1674 1633 solus
1722 1565 1958 1636 homo.

676 1671 891 1739 Multa
947 1680 1178 1739 tamen
1265 1673 1586 1740 animalia
1649 1673 1782 1741 alia
1847 1676 2143 1743 retinent

588 1779 954 1846 memorias
1020 1799 1261 1846 eorum
1327 1801 1480 1869 quae
1539 1780 1800 1861 vident,
1834 1785 1904 1849 et
1942 1781 2139 1849 addi-

586 1891 806 1952 scunt.
879 1882 1019 1959 Sed
1084 1884 1200 1952 illa
1251 1886 1586 1954 memoria
1634 1908 1783 1978 quae
1825 1896 1927 1956 est
1980 1909 2135 1957 cum

585 1992 1113 2073 reminiscentia,
1157 2014 1298 2059 non
1358 2000 1459 2060 est
1503 1993 1636 2061 nisi
1677 1998 1749 2064 in
1818 1995 1984 2062 solis
2011 1994 2135 2064 ho-

585 2097 907 2179 minihnS,
942 2105 1010 2165 et
1036 2105 1137 2166 est
1159 2119 1318 2189 pars
1347 2097 1576 2167 divina
1614 2101 1685 2169 in
1717 2099 1838 2179 eie,
1881 2108 1958 2168 ut
2022 2101 2134 2169 di-
2238 2108 2335 2173 Et
2352 2116 2450 2173 est
2475 2128 2803 2175 nicanssio
2832 2109 3191 2179 declarans
3207 2114 3578 2182 secundum
3608 2117 3783 2207 quid

584 2204 675 2271 cit
736 2202 958 2272 Plato.
1030 2203 1319 2271 inferius
1387 2212 1618 2273 autem
1698 2207 2128 2276 narrabimus
2413 2226 2512 2283 est
2540 2218 2836 2307 reqimen
2865 2221 3020 2287 vitae
3051 2222 3122 2288 in
3150 2222 3594 2291 animalibus.

575 2310 926 2401 disquisitc
967 2319 1034 2379 et
1063 2312 1413 2403 sigillatim
1444 2335 1683 2383 omnes
1713 2337 1944 2384 mores
1987 2315 2130 2384 ani·
3551 2348 3552 2353 ¹

571 2415 857 2484 malium
887 2418 1228 2497 omnium,
1270 2426 1337 2487 et
1367 2419 1609 2489 modos
1637 2422 1991 2514 regiminis
2017 2425 2129 2490 vi-

561 2532 645 2591 tae
675 2545 843 2604 suae,
870 2532 938 2593 et
966 2524 1478 2595 subtiliabimus
1498 2529 2121 2599 considerationem

568 2653 717 2700 esse
755 2655 994 2701 eorum
1032 2634 1255 2724 magis
1284 2656 1490 2724 quam
1535 2634 1666 2704 hoc
1700 2637 2121 2707 fecerimus!

570 2738 729 2827 quia
756 2736 867 2807 hic
904 2760 1043 2807 non
1081 2738 1404 2818 diximus,
1452 2742 1584 2810 nisi
1643 2745 2122 2814 universaliter

570 2845 655 2913 de
685 2846 862 2915 istis.

2309 3079 2416 3149 Ad
2482 3081 2856 3152 faciliorem
2945 3091 3172 3152 autem
3248 3084 3766 3177 intelligentiam

2219 3183 2468 3257 horum
2499 3212 2651 3281 quae
2688 3190 2771 3258 de
2799 3191 3132 3281 regimine
3161 3194 3317 3259 vitae
3355 3191 3759 3261 animalium

2216 3292 2396 3364 dicta
2458 3303 2642 3376 sunt,
2704 3303 2973 3388 oportet
3033 3298 3205 3367 scire
3241 3297 3443 3390 ,quod
3494 3298 3760 3368 nullum

1780 3393 1825 3432 ⁶
2215 3397 2470 3467 animal
2505 3401 2795 3468 omnino
2839 3401 3133 3492 perfecte
3169 3403 3526 3494 participat
3569 3404 3757 3495 regi-

2214 3525 2372 3572 men
2431 3506 2615 3584 vitoe,
2667 3505 2800 3574 nisi
2862 3505 3050 3575 solus
3087 3505 3319 3577 homo.
3365 3507 3750 3577 Perfectum

2210 3614 2394 3682 enim
2424 3617 2733 3706 regimen
2760 3617 2920 3685 vitae
2961 3625 3062 3686 est
3089 3617 3461 3688 secundum
3521 3627 3751 3711 partes

2207 3719 2506 3807 honesti,
2529 3727 2599 3790 et
2626 3720 2714 3790 ad
2739 3721 2948 3791 tinem
2976 3721 3341 3793 felicitatis.
3371 3724 3492 3794 Est
3526 3732 3755 3793 autem

2207 3827 2515 3918 regimen
2568 3825 2725 3908 hoe,
2754 3830 2934 3899 sieut
2979 3831 3059 3899 in
3097 3832 3363 3901 Ethict‘s
3397 3832 3604 3903 habet
3630 3834 3756 3903 de·-

2205 3932 2473 4016 clarari,
2514 3935 2588 4003 in
2621 3935 2844 4006 tribus
2878 3938 2949 4006 in
3002 3938 3253 4031 quibus
3293 3942 3621 4032 quaeritur
3642 3942 3748 4011 fe·-

2203 4040 2420 4109 licitas
2456 4041 2531 4109 in
2567 4041 2888 4113 domibus
2919 4065 2937 4113 z
2970 4064 3187 4115 unum
3216 4045 3591 4117 secundum
3632 4048 3754 4117 do-

2203 4167 2359 4214 mus
2385 4144 2970 4239 dispensationem
3009 4155 3343 4244 privatam
3392 4173 3546 4246 quae
3572 4176 3750 4223 ωοο-

2202 4254 2477 4322 ηοηιίοα
2501 4254 2714 4324 Grece
2743 4263 3039 4328 'vocatur
3070 4276 3090 4327 t
3124 4261 3291 4330 etin
3317 4259 3615 4330 ‘civitate
3642 4281 3746 4331 se·

2202 4358 2504 4429 mnndum
2532 4382 2911 4456 congruam
2957 4365 3364 4447 officiorum,
3399 4371 3466 4437 et
3492 4367 3749 4437 civium

2199 4462 2754 4539 distributionem
2786 4493 2806 4540 t
2865 4477 2934 4542 et
2987 4471 3135 4543 hoee
3197 4473 3590 4544 extenditur
3637 4474 3751 4544 'ad

2198 4575 2588 4665 provincias
2616 4584 2684 4645 et
2712 4578 3024 4649 nationes
3051 4580 3426 4650 seeundum
3442 4602 3754 4651 commu-

2202 4682 2615 4752 nicationem
2645 4689 2713 4752 et
2768 4675 3319 4758 distributionem
3347 4709 3371 4758 ε
3409 4686 3506 4757 ita
3567 4687 3754 4781 quod

2199 4786 2603 4858 monarchia
2638 4790 2835 4882 regni
2872 4810 2960 4861 ex
2983 4790 3145 4885 'ipsa
3172 4792 3315 4864 flat.
3360 4793 3749 4886 Aliquando

2200 4903 2430 4964 autem
2486 4895 2694 4967 habet
2758 4908 3075 4970 senatum
3104 4921 3176 4972 se
3223 4900 3743 4995 gubernantem,

2199 5008 2318 5069 aut
2342 5002 2552 5071 etiam
2580 5005 2884 5095 potiores
2930 5007 3003 5075 in
3031 5005 3283 5076 divitiis
3318 5016 3387 5078 et
3411 5017 3746 5100 potestate

2200 5114 2269 5176 et
2324 5108 2708 5200 dignitatet
2769 5131 2922 5202 quae
2971 5118 3112 5182 tres
3134 5112 3553 5184 urbanitates
3588 5120 3749 5184 sunt

2198 5211 2671 5283 multitudines
2697 5217 3146 5302 continentes,
3178 5219 3373 5291 dictoe
3401 5240 3442 5289 a
3467 5217 3745 5302 Graecis,

2197 5319 2604 5390 monarchia
2632 5323 2882 5414 prima,
2920 5329 2987 5394 et
3026 5323 3447 5397 aristocratia
3501 5342 3752 5396 secun-

2199 5424 2310 5505 da,
2343 5431 2412 5494 et
2461 5424 2903 5496 democratia
2934 5431 3156 5499 tertia.
3188 5428 3298 5498 Fit
3333 5437 3574 5522 autem
3618 5428 3754 5500 hoc

2198 5531 2508 5626 regimen
2544 5528 2837 5624 legibus,
2875 5539 2947 5604 et
2972 5534 3448 5605 distributione
3481 5534 3752 5607 officio·

1989 5675 1998 5686 ·
2195 5653 2351 5705 rum
2377 5658 2504 5730 pro
2535 5635 3415 5733 idoneitate‘perso'narum,
3449 5649 3518 5712 et
3547 5661 3748 5714 eom·-
