4919 6371
1971 522 2131 592 LIB.
2187 522 2346 590 VIII
2394 524 2513 591 DE
2558 523 3138 600 ANIMALIBUS,
3190 521 3501 590 TRACT.
3560 524 3588 589 I

1162 695 1576 762 animalibus
1606 715 1758 784 quae
1802 692 2166 783 aliquando
2197 705 2482 764 venatur
2512 696 2710 761 draco

1159 803 1270 870 vel
1301 805 1555 894 aquila,
1600 803 1872 892 quando
1932 804 2098 872 alter
2162 805 2350 873 alteri
2414 805 2709 894 praedam

1160 910 1423 977 auferre
1453 918 1764 977 conatur.
1801 910 2051 980 Vultur
2078 922 2304 981 autem
2352 913 2493 980 sive
2525 911 2711 1000 aqui-

1156 1016 1246 1095 la,
1293 1019 1477 1108 quod
1542 1020 1773 1087 verius
1838 1030 1963 1100 est,
1999 1029 2068 1089 et
2106 1023 2248 1088 avis
2288 1032 2437 1110 quae
2469 1019 2709 1085 dicitur

1154 1148 1530 1213 cyemmom
1568 1136 1634 1196 et
1671 1128 1817 1196 avis
1848 1152 1999 1219 quae
2050 1129 2293 1196 dicitur
2349 1127 2701 1213 salanqor,

1154 1245 1467 1326 pugnant
1525 1239 1612 1306 ad
1666 1240 1990 1318 invicem,
2022 1240 2193 1306 sicut
2231 1236 2408 1326 apud
2438 1256 2560 1301 nos
2589 1257 2708 1323 pu-

1154 1355 1370 1434 gnant
1399 1370 1557 1414 cum
1589 1347 1819 1437 aquila
1851 1347 2085 1414 cornix
2129 1353 2194 1412 et
2222 1345 2370 1433 pica
2444 1351 2507 1408 et
2555 1364 2708 1408 mo-

1163 1451 1413 1519 nedula
1443 1460 1513 1520 et
1551 1450 1948 1541 hujusmodi
1979 1473 2136 1518 aves
2171 1474 2186 1517 :
2220 1458 2286 1517 et
2347 1471 2548 1517 causa
2575 1471 2708 1539 pu-

1164 1581 1317 1649 gnae
1345 1568 1448 1627 est
1475 1560 1600 1641 eis,
1661 1559 1844 1650 quod
1911 1560 2138 1649 aquila
2202 1558 2494 1626 comedit
2564 1579 2700 1625 eaS.

1149 1664 1471 1731 Vidimus
1500 1665 1685 1732 enim
1716 1664 2084 1756 aliquando
2142 1665 2440 1734 cornices
2497 1672 2564 1732 et
2608 1665 2706 1752 pi-

1149 1793 1261 1838 cas
1319 1770 1795 1860 deplumantes
1844 1771 2169 1863 aquilam,
2212 1794 2360 1862 quae
2408 1771 2703 1839 residens

1149 1880 1219 1945 in
1286 1879 1530 1948 arbore
1574 1882 1909 1972 patienter
1972 1880 2418 1949 dissimulavit
2475 1879 2705 1968 deplu-

1149 1988 1575 2056 mationem:
1633 1997 1912 2080 propter
1967 2011 2172 2079 quam
2228 1988 2704 2056 dissimulatio-

1145 2117 1304 2162 nem
1330 2095 1675 2163 cornicula
1707 2096 2020 2186 quoedam
2046 2096 2321 2186 propius
2350 2096 2696 2172 accedenS,

1153 2208 1346 2290 rapta
1403 2210 1505 2269 est
1563 2201 1647 2269 ab
1723 2202 1953 2294 aquila
2024 2211 2091 2270 et
2153 2203 2497 2270 devorata.
2564 2202 2703 2270 llac

1152 2304 1391 2371 eadem
1431 2305 1513 2372 de
1553 2329 1761 2374 causa
1811 2306 2063 2374 animal
2113 2316 2429 2375 vocatum
2494 2306 2704 2374 Imbe-

1150 2412 1421 2494 m'num,
1483 2412 1671 2502 quod
1724 2422 1827 2481 est
1882 2414 2134 2482 animal
2183 2414 2439 2482 habens
2469 2416 2700 2482 foveas

1150 2517 1221 2583 in
1248 2519 1534 2608 campis,
1569 2520 1938 2611 pugnando
1993 2529 2278 2588 venatur
2305 2521 2556 2588 animal
2585 2546 2703 2588 vo·

1148 2631 1374 2689 catum
1397 2621 1761 2714 pelaqom,
1797 2625 1981 2715 quod
2048 2627 2391 2695 Avicenna
2432 2626 2702 2693 videtur

1147 2751 1392 2797 vocare
1431 2753 1698 2798 murem
1726 2754 2001 2810 caecum,
2035 2755 2237 2823 quem
2271 2756 2394 2801 nos
2431 2733 2697 2824 talpam

1147 2857 1475 2903 vocamus
1529 2846 1646 2905 :et
1713 2840 2190 2930 quodcumque
2258 2841 2490 2908 vicerit
2540 2841 2701 2908 alte·

1146 2964 1326 3020 rum,
1369 2942 1654 3012 devorat
1712 2947 1958 3036 ipsum.
1996 2947 2323 3016 Similiter
2377 2958 2603 3016 autem
2634 2958 2696 3016 et

1147 3050 1377 3117 avium
1417 3075 1674 3142 genera
1721 3076 1874 3144 quae
1941 3055 2328 3145 praeliantur
2380 3058 2553 3124 inter
2596 3082 2693 3137 se,

1148 3157 1318 3225 sicut
1352 3158 1677 3238 colidom,
1724 3169 1789 3229 et
1837 3160 2262 3240 sorodonem‚
2310 3172 2374 3231 vt
2430 3162 2693 3245 chicho,

1148 3273 1214 3332 et
1241 3265 1523 3356 glorior,
1559 3267 1861 3360 aliquam
1889 3272 2426 3361 supradictarum
2448 3271 2698 3341 liabent

1146 3395 1505 3441 causarum
1545 3397 1756 3467 quare
1786 3387 2092 3469 pugnant
2132 3379 2219 3448 ad
2284 3381 2597 3457 invicem,
2633 3391 2698 3450 et

1146 3479 1323 3571 apud
1355 3503 1483 3549 nos
1511 3491 1672 3551 sunt
1709 3485 1883 3553 sicut
1912 3485 2207 3578 gugulus
2272 3496 2338 3555 et
2367 3489 2512 3555 avis
2544 3512 2699 3556 mu-

1143 3587 1306 3666 sica,
1340 3610 1492 3679 quae
1517 3593 1996 3681 qrasemmclie
2021 3602 2323 3671 vocatur,
2358 3603 2423 3662 et
2441 3595 2693 3686 aquila,

1144 3703 1210 3762 et
1255 3695 1546 3777 ciconia,
1599 3706 1667 3766 et
1713 3707 1988 3779 noctua,
2052 3709 2116 3768 et
2181 3700 2571 3780 monedula,
2630 3712 2697 3771 et

1142 3798 1541 3890 hujusmodi
1582 3826 1770 3888 aves,
1812 3828 2086 3875 causam
2152 3831 2396 3899 pugnae
2441 3808 2691 3878 habent

1140 3907 1342 3990 hanc,
1377 3913 1563 4003 quod
1602 3937 1742 3982 una
1770 3915 2069 3984 comedit
2096 3940 2227 3985 ova
2256 3916 2557 3986 alteriuS.

1229 4017 1598 4089 Monedula
1652 4029 1884 4090 autem
1950 4026 2284 4115 praecipue
2325 4026 2502 4094 inter
2528 4027 2694 4094 alias

1138 4148 1302 4193 aves
1331 4136 1596 4218 pugnat
1630 4152 1789 4198 cum
1846 4130 2119 4200 bubone
2173 4132 2256 4200 de
2307 4133 2414 4200 die
2457 4156 2474 4201 :
2518 4156 2696 4225 quo-

1137 4233 1325 4302 niam
1385 4234 1571 4303 bubo
1624 4245 1728 4305 est
1782 4236 2025 4306 debilis
2052 4239 2200 4306 visu
2243 4240 2311 4307 in
2376 4241 2556 4308 clara
2596 4241 2696 4309 lu-

1140 4361 1218 4406 ce
1259 4361 1274 4405 :
1311 4349 1379 4408 et
1434 4340 1588 4409 ideo
1620 4341 1704 4410 de
1740 4342 1851 4411 die
1881 4342 2012 4413 hoc
2058 4346 2414 4414 corvinum
2473 4371 2690 4436 genus

1138 4446 1324 4536 quud
1347 4457 1451 4516 est
1480 4447 1564 4516 de
1596 4449 1986 4529 monedula,
2023 4455 2192 4544 rapit
2244 4477 2373 4521 uva
2411 4456 2583 4543 ejus,
2625 4463 2691 4524 et

1135 4552 1434 4621 comedit
1461 4577 1565 4622 ea.
1613 4555 1810 4624 llubo
1840 4567 2068 4626 autem
2097 4566 2167 4627 et
2208 4561 2521 4629 similiter
2558 4582 2691 4629 no-

1136 4669 1288 4728 ctua
1322 4671 1521 4730 nocte
1585 4664 1862 4754 quando
1931 4666 2171 4733 melius
2239 4667 2420 4734 videt
2482 4691 2687 4759 quam

1133 4768 1395 4835 corvini
1440 4769 1713 4859 generis
1775 4770 2028 4839 animal
2096 4771 2278 4865 quod
2307 4783 2407 4841 est
2455 4798 2687 4844 mone·

1131 4872 1317 4956 dula,
1343 4877 1518 4967 rapit
1538 4886 1604 4943 et
1635 4878 1935 4947 comedit
1961 4900 2089 4947 ova
2119 4880 2690 4950 monedulae.(‘.or·

1128 4982 1269 5049 vini
1341 4984 1524 5049 enim
1574 4985 1844 5074 generis
1882 5009 2042 5055 aves
2067 4986 2149 5054 de
2186 4986 2293 5055 die
2322 4988 2687 5079 praevalent

1127 5090 1415 5175 buboni,
1457 5099 1527 5160 et
1591 5102 1881 5163 noctuoe.
1920 5094 2055 5165 Sed
2117 5106 2361 5165 noctua
2409 5109 2474 5167 et
2502 5098 2685 5169 bubo

1129 5199 1505 5289 praevalent
1552 5198 1635 5268 de
1693 5209 1892 5270 nocte
1964 5204 2244 5273 corvino
2298 5208 2555 5295 generi,
2619 5216 2688 5276 et

1124 5308 1464 5397 praecipue
1495 5307 1882 5376 monedulae
1913 5332 2063 5400 quae
2093 5312 2319 5379 minor
2364 5321 2465 5379 est
2510 5313 2687 5385 inter

1126 5437 1205 5481 ea
1236 5437 1389 5504 quae
1426 5425 1589 5485 sunt
1617 5418 1876 5485 corvini
1920 5422 2207 5509 generis.
2241 5419 2414 5490 Aliae
2481 5422 2683 5492 etiam

1129 5544 1290 5590 aves
1318 5522 1401 5589 de
1432 5520 1540 5590 die
1573 5523 1810 5594 volant
1839 5526 1908 5594 in
1956 5527 2241 5595 circuitu
2299 5528 2591 5598 bubonis
2617 5541 2683 5599 et

1127 5636 1396 5698 noctuoe
1432 5639 1502 5699 et
1538 5634 1982 5702 nocticoracis
2019 5633 2102 5702 de
2147 5633 2281 5713 die,
2322 5643 2389 5703 et
2441 5635 2685 5728 deplu-

1131 5743 1321 5803 mant
1349 5758 1495 5816 eos,
1531 5759 1614 5806 eo
1654 5740 1842 5830 quod
1871 5741 1938 5808 in
1970 5748 2165 5810 nocte
2204 5741 2347 5809 istm
2376 5764 2537 5810 aves
2575 5746 2686 5812 in-

1126 5843 1317 5911 Iestae
1373 5852 1534 5911 sunt
1600 5846 1751 5914 ovis
1817 5871 2076 5928 earum,
2127 5858 2193 5917 et
2265 5850 2468 5919 etiam
2518 5851 2680 5941 ipsis

4262 533 4393 600 425

2819 693 3083 768 avibuS,
3115 692 3391 782 quando
3445 717 3558 760 eas
3591 719 3910 786 superare
3951 709 4262 788 possunt.
4308 701 4395 768 Et

2816 801 2966 867 ideo
2999 822 3295 888 aucupes
3357 798 3635 888 ligando
3694 803 4043 874 bubonem
4095 809 4205 875 vel
4266 832 4389 877 no-

2815 905 3255 991 ctuamjuxta
3303 907 3495 986 retia,
3544 906 4063 995 deprehendunt
4093 936 4248 980 cum
4290 917 4389 982 eis

2815 1010 2981 1076 alias
3012 1032 3169 1078 aves
3219 1012 3593 1080 multorum
3642 1036 3999 1103 generum,
4061 1041 4215 1108 quae
4263 1021 4389 1088 de-

2815 1117 3166 1207 plumandi
3226 1142 3430 1188 causa
3481 1122 3811 1190 accedunt
3880 1124 3964 1190 ad
4024 1148 4163 1192 eaS.
4214 1127 4393 1195 Avi-

2812 1247 3029 1292 cenna
3059 1227 3242 1292 enim
3303 1226 3465 1295 dicit
3522 1252 3594 1294 se
3652 1230 3928 1308 vidisse,
3985 1232 4172 1322 quod
4236 1234 4391 1322 pica

2813 1333 3093 1400 accessit
3125 1334 3212 1401 ad
3259 1333 3610 1402 bubonem
3651 1335 3963 1426 ligatum,
4010 1347 4077 1406 et
4107 1363 4384 1410 carnem

2812 1463 3020 1531 quam
3082 1441 3175 1507 ibi
3252 1463 3501 1532 auceps
3560 1454 3908 1532 posuerat,
3970 1469 4094 1536 per
4166 1447 4383 1517 frusta

2809 1548 3094 1637 projecit
3155 1570 3314 1614 cum
3390 1559 3612 1617 rostro
3688 1574 3926 1619 versus
3991 1553 4368 1641 bubonem,

2810 1675 3016 1743 quam
3048 1676 3206 1721 cum
3236 1653 3420 1722 bubo
3471 1658 3774 1747 accipere
3833 1661 4065 1741 vellet,
4117 1670 4379 1731 retror-

2808 1785 2960 1828 sum
2991 1785 3323 1831 conversa
3375 1765 3526 1853 pica
3584 1766 3917 1835 trahendo
3986 1773 4279 1838 removit
4336 1794 4377 1838 a

2809 1870 3083 1938 bubone
3113 1871 3327 1938 frusta
3356 1874 3581 1939 carnis
3615 1896 3629 1940 :
3676 1882 3742 1942 et
3779 1898 3901 1965 per
3937 1874 4071 1944 hoc
4100 1876 4262 1945 dicit
4301 1901 4373 1946 se

2807 1977 3238 2067 cognovisse,
3284 1979 3468 2069 quod
3498 1982 3649 2069 pica
3696 1991 3798 2050 est
3848 1985 3995 2050 avis
4054 1984 4372 2064 derisiva,

2807 2093 2872 2151 et
2902 2084 3087 2174 quod
3115 2085 3485 2174 aliquando
3533 2109 3694 2154 aves
3738 2090 3957 2179 gratia
4015 2089 4375 2158 derisionis

2807 2191 3135 2260 accedunt
3175 2200 3241 2260 et
3278 2192 3678 2282 deplumant
3705 2217 3868 2263 aves
3925 2197 4239 2264 inimicas
4275 2199 4376 2264 si-

2807 2304 2899 2370 lii.

2896 2410 3060 2477 IIwc
3098 2417 3328 2477 autem
3396 2432 3551 2500 qua»,
3613 2411 3793 2479 «licta
3846 2420 4030 2492 sunt,
4075 2415 4373 2481 maxim(-

2806 2517 3058 2585 faciunt
3096 2539 3260 2586 aves
3289 2542 3446 2586 cum
3489 2541 3571 2585 eo
3612 2520 3795 2609 quod
3830 2518 4008 2587 basil
4055 2520 4374 2606 Arabice,

2804 2624 2983 2713 apud
3052 2647 3178 2690 nos
3251 2632 3483 2691 autem
3520 2634 3752 2691 seneca
3822 2633 4130 2693 vocatur.
4199 2626 4371 2694 Avis

2804 2732 3006 2799 etiam
3066 2730 3267 2798 fethis
3299 2739 3365 2798 et
3422 2729 3586 2820 gali,
3648 2754 3942 2822 quorum
4001 2741 4370 2824 utrumque

2804 2849 2898 2905 est
2985 2839 3243 2929 species
3320 2838 3634 2928 quaedam
3701 2839 3894 2906 milvi
3963 2849 4030 2907 et
4100 2842 4367 2920 comni,

2804 2945 2986 3034 quod
3026 2955 3126 3012 est
3157 2969 3429 3022 corvuS,
3473 2955 3782 3036 pugnant
3811 2946 3895 3013 ad
3926 2946 4248 3026 invicem,
4285 2969 4366 3015 eo

2803 3053 2985 3144 quod
3025 3052 3138 3121 illa
3169 3076 3421 3145 genera
3453 3053 3820 3121 milvorum
3856 3052 4225 3122 comedunt
4251 3078 4369 3145 per

2803 3159 3081 3227 insidias
3138 3183 3272 3227 ova
3346 3161 3535 3228 corvi
3583 3167 3649 3229 et
3696 3183 3857 3229 suos
3888 3158 4137 3251 pullos.
4172 3160 4368 3231 IIanc

2803 3268 3007 3334 etiam
3058 3289 3335 3334 causam
3386 3266 3735 3358 pugnandi
3785 3290 3942 3335 cum
3997 3290 4204 3337 corvo
4235 3267 4367 3335 ha-

2802 3374 2963 3443 bent
3007 3373 3233 3443 alenm
3283 3381 3351 3443 et
3390 3373 3678 3442 linteum
3736 3385 3797 3442 et
3833 3375 4179 3455 lartinom,
4214 3398 4367 3466 quae

2802 3484 3008 3550 etiam
3065 3491 3219 3549 sunt
3281 3505 3532 3573 genera
3596 3480 3991 3550 milvorum.
4035 3483 4364 3552 Acrinom

2800 3596 3027 3656 autem
3096 3588 3283 3678 quod
3338 3596 3443 3656 est
3498 3611 3788 3678 parvum
3862 3611 4083 3679 genus
4139 3588 4359 3668 milvi,

2798 3693 2983 3785 quod
3046 3702 3335 3762 vocatur
3388 3692 3572 3784 apud
3629 3716 3756 3761 nos
3822 3694 4079 3761 milvus
4124 3697 4359 3785 rusus,

2797 3823 2934 3869 non
2966 3801 3208 3891 accipit
3245 3824 3377 3869 ova
3407 3799 3515 3868 vel
3543 3800 3769 3890 pullos
3807 3824 4200 3880 corvorum,
4242 3800 4365 3870 sed

2796 3909 3023 3998 potius
3060 3906 3192 3975 hoc
3222 3908 3406 3998 quod
3441 3908 3701 3974 invenit
3729 3904 3814 3974 de
3841 3905 3996 3974 cibo
4031 3930 4366 3998 praepara·

2796 4023 2939 4081 tum
3006 4037 3044 4081 a
3112 4038 3350 4093 corvo,
3386 4016 3560 4105 rapit
3624 4024 3689 4081 et
3742 4015 4069 4098 comedit,
4102 4023 4167 4082 et
4207 4016 4360 4082 ideo

2793 4131 3049 4213 pugnat
3089 4145 3247 4190 cum
3305 4123 3455 4212 ipso
3490 4144 3505 4188 ε
3540 4120 3855 4190 fortiores
3912 4123 4099 4190 enim
4151 4120 4358 4190 habet

2793 4256 3056 4322 ungues
3120 4255 3331 4323 quam
3398 4253 3670 4307 corvus,
3740 4239 3807 4298 et
3854 4239 3955 4298 est
3999 4229 4360 4299 velocioris

2792 4339 3085 4408 volatus.
3141 4338 3303 4407 IIaec
3360 4347 3592 4406 autem
3638 4360 3892 4428 genera
3958 4336 4353 4415 milvorum,

2792 4447 2946 4516 licet
2992 4447 3168 4516 dicta
3218 4446 3303 4516 de
3349 4469 3556 4516 causa
3585 4454 3895 4537 pugnent
3930 4468 4088 4513 cum
4119 4468 4355 4527 corvo,

2791 4563 3019 4622 tamen
3053 4552 3207 4621 aliis
3255 4551 3678 4643 temporibus
3716 4559 4058 4618 venantur
4104 4552 4361 4641 princi-

2792 4662 3033 4754 paliter
3064 4660 3437 4737 lumbricus
3466 4668 3690 4738 terrae,
3724 4667 3790 4726 et
3833 4681 4089 4739 mures,
4122 4666 4190 4727 et
4244 4681 4360 4727 ra-

2793 4792 2938 4845 nas,
2974 4777 3040 4836 et
3069 4765 3466 4856 hujusmodi
3507 4763 3855 4833 animalia.

2884 4884 2981 4951 Ex
3012 4882 3335 4951 omnibus
3373 4890 3603 4949 autem
3660 4879 3858 4948 dictis
3915 4878 4354 4948 manifestum

2790 5001 2916 5069 est,
2949 4990 3135 5082 quod
3167 5012 3444 5058 causam
3484 5010 3733 5079 pugnae
3783 4987 4039 5055 liabent
4084 4986 4351 5053 anima·

2789 5101 2939 5179 lias,
2972 5100 3230 5180 cilium,
3261 5107 3329 5166 et
3362 5099 3817 5172 mansionem,
3852 5104 3920 5162 et
3948 5093 4200 5185 pullos.

2881 5207 3132 5276 Eadem
3163 5214 3391 5275 antem
3424 5226 3645 5272 eausae
3673 5226 3924 5294 pugnae
3982 5209 4087 5270 est
4112 5200 4355 5270 avibus

2789 5326 2851 5385 et
2883 5314 3294 5383 animalibus
3337 5313 3619 5382 marinis
3655 5333 3671 5379 ε
3715 5316 4026 5401 pugnant
4053 5310 4237 5377 enim
4270 5309 4357 5378 ad

2789 5428 3079 5494 invice-m
3111 5422 3446 5502 bathimn,
3497 5418 3683 5511 qnod
3737 5425 3840 5486 est
3877 5418 4138 5509 species
4167 5441 4359 5485 mer-

2787 5533 2953 5625 guli,
2986 5532 3171 5626 quod
3215 5533 3435 5622 pisces
3487 5534 3824 5595 venatur:
3868 5534 3937 5595 et
3991 5528 4140 5595 avis
4195 5549 4348 5616 qum

2784 5649 3068 5708 vocatur
3096 5638 3351 5707 latram
3386 5656 3402 5702 ε
3438 5640 3505 5702 et
3532 5641 3635 5702 est
3673 5633 3820 5701 avis
3848 5632 4007 5701 alba
4044 5640 4112 5701 et
4147 5633 4353 5699 mari·

2785 5770 2875 5815 na
2927 5768 3133 5838 quam
3191 5766 3321 5811 nos
3366 5740 3666 5811 melbam
3713 5762 4043 5810 vocamus
4087 5761 4106 5807 ε
4148 5747 4215 5805 et
4243 5746 4347 5807 est

2783 5876 2987 5922 causa
3023 5873 3275 5942 pugnae
3321 5847 3549 5940 praeda
3595 5849 3911 5939 piscium.
3953 5844 4346 5935 Aliquando
