4919 6371
532 345 656 412 130

522 534 713 578 mum
742 509 1140 578 hominem:
1195 507 1489 573 nimium
1548 514 1776 575 autem
1834 507 2077 597 prolixi

517 618 602 686 ad
649 618 1000 685 hominem
1046 614 1365 683 dolosum
1409 617 1814 695 referuntur,
1873 624 1939 682 et
1994 615 2077 681 ad

515 747 672 792 eum
713 724 831 813 qui
861 722 1148 791 multam
1179 727 1437 816 cogitat
1486 726 1879 815 perniciem.
1942 721 2076 788 Te-

512 854 682 898 nues
712 839 942 899 autem
972 839 1041 900 et
1078 834 1321 902 breves
1358 833 1567 923 pedes
1595 829 1895 921 produnt
1949 826 2074 895 ho-

517 939 772 1008 minem
838 941 1247 1031 malignum.
1320 939 1530 1006 Curvi
1577 937 1784 1028 pedes
1840 944 1909 1007 et
1957 939 2072 1029 qui

513 1046 817 1137 plantam
841 1045 1095 1114 habent
1118 1046 1327 1134 longe
1348 1066 1590 1111 cavam
1613 1052 1679 1110 et
1699 1044 2066 1118 reductam,

520 1163 680 1223 sunt
706 1151 1166 1244 improbandi.
1204 1150 1336 1230 Qui
1395 1160 1631 1221 autem
1694 1175 1835 1222 non
1887 1152 2070 1242 plani

516 1268 676 1329 sunt
732 1261 799 1324 in
858 1256 1114 1347 planta,
1174 1267 1525 1327 versutam
1585 1258 1952 1327 ostendunt
2007 1264 2073 1323 et

512 1365 888 1454 malignam
929 1372 1260 1433 montem.
1335 1357 1344 1364 ⁶

600 1472 918 1563 Amplius
947 1522 951 1525 >
984 1482 1217 1542 autem
1275 1495 1475 1542 crura
1532 1473 1760 1540 densis
1812 1469 2070 1562 capillis

514 1578 758 1657 obsita,
827 1580 1208 1648 secundum
1250 1579 1520 1647 Loxum
1576 1577 1942 1646 indocilem
2006 1585 2069 1645 et

509 1687 729 1756 ferum
766 1687 1123 1757 hominem
1179 1686 1605 1754 indicabunt.
1652 1686 1815 1754 Haec
1863 1687 2069 1754 etiam

508 1794 811 1863 indicant
839 1795 1126 1885 inguina
1166 1794 1224 1862 si
1255 1794 1465 1862 nimis
1520 1800 1681 1862 sunt
1717 1792 2062 1884 capillosa.

508 1902 767 1971 Venter
800 1903 1118 1971 similiter
1144 1911 1215 1971 et
1234 1911 1500 1993 pectus,
1536 1904 1596 1970 si
1659 1901 1872 1970 nimio
1928 1902 2067 1992 pilo

508 2018 688 2080 tecta
723 2010 997 2089 luerint,
1053 2010 1279 2079 levem
1330 2010 1688 2079 hominem
1725 2020 1793 2079 et
1853 2012 2072 2078 insta-

507 2115 718 2186 bilem
778 2119 1195 2209 significant.
1268 2118 1590 2186 lleclarat
1654 2121 1859 2186 otiam
1940 2118 2067 2186 lioc

503 2225 815 2293 animum
856 2225 974 2315 qui
1023 2226 1173 2292 sine
1240 2225 1580 2317 religione
1635 2232 1737 2293 est
1792 2233 1860 2292 et
1922 2227 2069 2293 sino

506 2330 781 2421 pietate.
824 2330 999 2399 Cum
1029 2339 1262 2399 autem
1300 2330 1531 2400 solum
1577 2339 1813 2422 pectus
1865 2330 2071 2421 capil-

511 2436 615 2504 los
642 2436 935 2527 prael'ert‚
987 2436 1287 2505 calidum
1335 2445 1405 2505 et
1459 2438 1849 2506 animosum
1889 2436 2071 2504 ‹lesi-

510 2551 699 2636 gnat.
725 2542 897 2614 Cum
919 2553 1153 2614 autem
1182 2567 1556 2614 commune
1583 2566 1832 2636 corpus
1858 2544 2072 2635 capil-

516 2649 584 2719 lo
614 2656 868 2721 tectum
896 2658 1022 2731 est,
1086 2651 1479 2744 quadrupes
1533 2650 1790 2720 animal
1845 2652 2070 2742 potius

518 2781 723 2848 quam
770 2757 1126 2828 bominem
1166 2757 1503 2850 designat.
1550 2756 1796 2827 Cervix
1841 2767 2069 2827 autem

515 2887 666 2956 quae
684 2865 884 2954 juxta
902 2874 1111 2955 caput
1136 2873 1264 2941 est,
1299 2887 1462 2933 cum
1487 2864 1693 2934 fuerit
1720 2865 2066 2955 capillosa‚

509 2971 756 3040 sortem
782 2978 850 3041 et
879 2972 1275 3042 animosum
1305 2970 1657 3041 indicabit.
1702 2970 1875 3041 Cum
1903 2995 2068 3039 vero

506 3076 590 3145 ad
620 3077 917 3147 mediam
946 3078 1248 3148 frontem
1275 3078 1567 3169 capillus
1610 3076 1958 3147 descendit
2002 3086 2070 3148 et

503 3210 589 3256 ex
634 3196 925 3280 utraque
988 3197 1184 3281 parte
1242 3210 1599 3279 repressus
1661 3195 1731 3255 et
1774 3190 2067 3257 reflexus

506 3301 632 3373 est,
665 3292 751 3361 ad
789 3294 1114 3386 equinam
1153 3295 1456 3384 speciem
1484 3290 1695 3362 habet
1744 3294 2069 3362 similitu-

504 3399 762 3471 dinem.

596 3506 909 3579 incessus
944 3531 1225 3602 quoque
1273 3506 1582 3578 bominis
1633 3530 1722 3578 ex
1774 3507 2069 3577 inclina·

508 3617 695 3685 tione
722 3624 986 3686 natura
1021 3615 1428 3708 procedens,
1478 3615 1845 3686 annuntiat
1872 3615 1957 3685 de
1985 3638 2068 3686 eo

508 3722 735 3817 qualis
762 3724 854 3793 sit
880 3724 1125 3803 animi,
1155 3732 1227 3794 et
1255 3723 1571 3817 qualium
1596 3745 1914 3793 morumz
1945 3724 2065 3818 qui

507 3834 691 3902 enim
717 3855 877 3902 eum
907 3832 1135 3925 longis
1167 3832 1490 3926 passibus
1524 3831 1873 3910 incedunt.
1922 3856 2066 3902 ma·

503 3942 813 4036 gnanimi
842 3964 994 4012 esse
1035 3942 1406 4035 signantur
1450 3950 1524 4013 et
1557 3943 1886 4013 efficaces.
1928 3943 2063 4025 Qui

499 4071 666 4119 vero
702 4051 1013 4143 angustis
1038 4048 1359 4141 passibus
1386 4048 1739 4134 incedunt,
1772 4050 2067 4121 ineffica-

498 4179 612 4227 ces
637 4166 803 4229 sunt
826 4166 896 4227 et
921 4180 1157 4250 parvo
1197 4160 1495 4229 mentis:
1523 4167 1595 4235 et
1628 4161 1879 4259 si,sunt
1902 4160 2066 4229 arti-

496 4264 681 4343 liees.
706 4271 884 4334 sunt
911 4263 1227 4336 obscuro
1248 4265 1539 4333 mentis.
1589 4263 1918 4334 Celeritas
1942 4289 2064 4335 au·

494 4379 634 4441 tem
672 4394 953 4465 gressus
994 4393 1152 4442 cum
1191 4379 1424 4443 erecto
1450 4379 1520 4441 et
1556 4370 1744 4442 claro
1776 4394 2062 4465 corpore

497 4487 565 4549 et
588 4478 879 4552 honesta
907 4479 1338 4567 habitudine,
1368 4478 1669 4551 calidum
1707 4478 2060 4552 hominem

498 4606 647 4656 esse
674 4586 953 4668 indicat.
978 4589 1237 4680 quires
1274 4588 1582 4681 agendas
1600 4589 1825 4683 magis
1851 4612 2059 4683 quam

495 4692 943 4786 perficiendas
970 4694 1395 4789 aggreditur.
1432 4694 1507 4763 Si
1536 4704 1771 4766 autem
1821 4696 2057 4767 celeri-

499 4805 605 4868 ter
627 4799 910 4894 quidam
940 4808 1289 4883 movetur,
1328 4800 1388 4870 si
1435 4797 1782 4872 submittit
1822 4803 2059 4874 oculos

496 4915 563 4976 et
589 4930 664 4977 se
691 4907 1109 5002 comprimit.
1129 4919 1199 4979 et
1226 4908 1502 4980 vultum
1525 4909 1823 4992 deducit,
1853 4921 2057 5004 atque

492 5023 713 5087 totum
741 5017 1110 5112 complicat
1146 5042 1435 5135 corpus.
1473 5021 1818 5121 significat
1849 5022 2055 5091 nimis

1532 336 1616 403 D.
1668 336 1869 404 ALB.
1923 335 2139 404 MAG.
2193 335 2398 404 ORD.
2452 336 2746 404 PRAED.

2188 506 2525 581 timidum,
2597 529 2901 593 parcum,
2961 517 3338 587 versutum,
3402 517 3468 575 et
3530 509 3734 575 nimis

2186 611 2555 677 liberalem.
2587 611 2659 677 Si
2691 623 2917 681 autem
2949 638 3104 682 oum
3135 616 3475 684 celeritate
3507 626 3734 683 motus

2184 718 2422 784 accidit
2458 719 2870 808 perturbatio
2903 723 3283 801 oculorum,
3357 726 3594 813 capitis
3625 726 3736 798 in-

2183 829 2579 905 constantia,
2606 837 2671 896 et
2700 829 3040 897 anhelitus
3070 832 3353 921 spissuS‚
3379 829 3523 898 haec
3553 831 3737 898 indi-

2180 934 2281 1001 cia
2348 933 2644 1023 produnt
2698 934 3050 1004 hominem
3117 960 3528 1028 magnarum
3597 937 3732 1005 cla-

2182 1040 2367 1106 dium
2399 1048 2464 1106 et
2501 1041 2870 1110 immanem
2901 1051 2966 1110 et
2995 1043 3352 1111 audacem.
3388 1043 3522 1122 Qui
3563 1066 3727 1111 vero

2180 1146 2417 1213 breves
2450 1169 2688 1235 passus
2725 1148 2954 1227 hahet,
3016 1149 3410 1240 eisdemque
3467 1150 3731 1218 accele-

2181 1262 2306 1338 rat,
2350 1254 2687 1345 malignus
2716 1280 2861 1326 esse
2893 1258 3159 1335 dicitur,
3195 1259 3349 1348 plus
3378 1267 3612 1327 tamen
3651 1260 3734 1325 ti·

2180 1359 2401 1427 midus
2431 1368 2497 1427 et
2537 1361 2888 1430 imbecillis
2925 1362 3281 1432 habendus
3312 1373 3435 1432 est.
3469 1365 3728 1433 Tardus

2180 1477 2405 1535 autem
2434 1469 2735 1538 incessus
2756 1471 2813 1540 si
2842 1473 3172 1540 naturalis
3219 1481 3344 1551 est,
3415 1473 3724 1540 animum

2179 1574 2428 1642 indicat
2471 1577 2927 1666 pinguiorem,
2979 1580 3111 1647 nisi
3175 1579 3313 1647 alia
3367 1580 3567 1670 signa
3602 1603 3724 1669 po-

2178 1684 2465 1752 tentiora
2494 1684 2911 1756 dissentiant.
2960 1687 3031 1756 Si
3083 1697 3315 1756 autem
3365 1698 3730 1779 procurata

2178 1791 2264 1856 sit
2289 1790 2592 1870 tarditas,
2634 1801 2703 1861 et
2724 1793 3066 1862 interdum
3095 1795 3386 1872 resistat,
3422 1804 3490 1862 et
3516 1796 3731 1863 cervi-

2179 1918 2324 1963 cem
2356 1898 2674 1978 reflectat,
2704 1908 2770 1968 et
2811 1902 3335 1991 circumspiciat,
3379 1901 3724 1992 superbiae

2177 2001 2308 2070 hoc
2343 2011 2562 2072 exstat
2591 2006 2888 2096 signum.
2922 2006 3158 2075 Erecte
3186 2015 3415 2076 autem
3442 2015 3720 2076 euntem

2179 2116 2236 2171 et
2295 2106 2588 2174 mollin-1·
2640 2109 2938 2199 spatulas
2975 2119 3327 2196 gerentem
3396 2119 3461 2178 et
3505 2112 3720 2202 gradu

2177 2216 2575 2304 composito,
2637 2217 2981 2286 moechum
3047 2228 3117 2286 et
3178 2220 3718 2289 incontinentem

2176 2322 2660 2411 pronuntiabit.
2694 2323 2868 2404 Cum
2895 2333 3124 2394 autem
3173 2328 3428 2416 pedum
3450 2335 3527 2394 et
3581 2350 3727 2395 nia·

2178 2453 2389 2498 nuum
2419 2439 2645 2500 motus
2669 2455 2826 2503 cum
2848 2437 3057 2502 totius
3084 2438 3393 2526 corporis
3419 2436 3723 2503 motibus

2178 2543 2632 2623 consentiunt,
2667 2551 2734 2610 et
2770 2566 2927 2612 cum
2958 2543 3130 2611 bene
3170 2553 3236 2611 et
3264 2545 3619 2613 moderate
3647 2567 3727 2612 ac

2179 2649 2538 2740 tranquille
2611 2651 2992 2721 inferuntur
3061 2674 3218 2721 cum
3285 2652 3728 2721 inclinatione

2178 2754 2406 2845 aliqua
2439 2756 2679 2846 capitis
2705 2756 3003 2826 decentis
3032 2766 3100 2827 et
3135 2755 3440 2835 cervicis,
3475 2756 3610 2826 hoc
3628 2758 3729 2824 in-

2178 2860 2354 2928 ‹licat
2381 2860 2728 2932 hominem
2777 2866 3300 2956 magnanimum
3329 2873 3400 2933 et
3428 2864 3674 2932 fortem
3703 2885 3720 2941 ς

2177 2967 2330 3036 talis
2392 2971 2572 3036 enim
2626 2979 2729 3040 est
2781 2973 3084 3041 incessus
3139 2974 3383 3050 leonis,
3445 2981 3522 3040 ut
3561 2972 3723 3040 dicit

2179 3075 2396 3143 Plato.
2423 3074 2556 3155 Qui
2584 3076 2906 3147 humeros
2932 3080 3436 3149 commovendo
3468 3079 3722 3149 incedit

2175 3190 2395 3251 erecto
2458 3182 2659 3263 collo,
2731 3185 3064 3279 superbus
3141 3195 3210 3256 et
3263 3185 3570 3257 insolens
3597 3211 3724 3257 re-

2174 3290 2470 3359 ctissime
2518 3291 2873 3363 indicatur.
2931 3293 3065 3374 Qui
3121 3303 3353 3364 autem
3418 3296 3490 3364 in
3527 3297 3718 3365 omni

2173 3406 2478 3490 tempore
2505 3400 2909 3472 instabiliter
2946 3411 3456 3494 permoventur,
3489 3412 3560 3474 et
3595 3404 3721 3473 de-

2173 3505 2428 3575 clinant
2458 3505 2877 3598 frequentius
2937 3507 3025 3581 sd
3084 3509 3400 3581 dextram
3453 3519 3721 3602 partem

2173 3636 2325 3705 quae
2352 3612 2624 3685 mollior
2676 3624 2806 3697 est,
2883 3615 3069 3686 stulti
3129 3623 3291 3688 sunt
3336 3616 3718 3707 judicandi.

2171 3720 2380 3789 Aci-es
2407 3727 2634 3795 autem
2660 3719 3039 3813 probantur
3067 3720 3522 3815 frequentius,
3543 3746 3726 3816 quo·-

2174 3849 2324 3896 rum
2353 3851 2598 3920 eorpus
2637 3827 2930 3902 declinat
2966 3829 3052 3900 ad
3093 3832 3492 3903 sinistram:
3561 3833 3722 3925 quia

2172 3938 2464 4006 retinent
2495 3945 2726 4007 metus
2796 3938 3278 4009 instabilitatis.
3345 3940 3482 4022 Qui
3554 3963 3721 4011 vero

2170 4067 2316 4114 sese
2352 4045 2760 4117 submittunt
2793 4055 3002 4140 atque
3029 4070 3278 4141 corpus
3316 4051 3389 4117 in
3427 4048 3719 4120 honesto

2177 4151 2579 4244 infringunt,
2644 4152 2874 4231 blandi
2938 4163 3098 4226 sunt
3131 4190 3136 4197 ·
3168 4156 3288 4248 qui
3353 4155 3442 4227 ad
3516 4179 3719 4228 canes

2171 4256 2592 4328 blandientes
2620 4259 3022 4331 referuntur.
3053 4262 3461 4335 Aristoteles
3485 4273 3720 4335 autem

2168 4362 2255 4434 ad
2290 4363 2752 4437 Alexandrum
2791 4366 2982 4447 dicit,
3030 4368 3219 4461 quod
3241 4395 3284 4439 a
3324 4371 3448 4463 qui
3474 4393 3717 4442 move·

2167 4480 2281 4541 tur
2294 4471 2681 4566 frequenter
2694 4484 2766 4546 et
2792 4474 3099 4568 loquitur
3124 4486 3325 4548 motu
3349 4500 3712 4559 manuum.

2167 4587 2268 4650 est
2302 4579 2694 4652 immundus
2743 4590 2813 4653 et
2867 4581 3200 4677 eloquens
3233 4594 3307 4656 et
3365 4584 3743 4677 deceptor..

2167 4686 2301 4767 Qui
2337 4710 2500 4756 vero
2542 4687 2885 4760 abstinens
2913 4714 2954 4759 a
2985 4700 3181 4761 motu
3207 4714 3569 4773 manuum,
3599 4690 3713 4763 bic

2165 4800 2267 4861 est
2295 4791 2630 4914 perfectus
2663 4794 3038 4878 intellectu,
3093 4795 3273 4868 bene
3267 4796 3707 4955 dispositus,

2164 4907 2233 4969 et
2267 4899 2413 4968 sani
2439 4900 2730 4974 consilii.
2773 4927 2830 4971 s
2917 4946 2920 4947 ν
3137 4948 3144 4961 «

1794 5360 2385 5399 ——Q-n--n
