4919 6371
521 324 648 390 174

514 501 746 561 mento
814 491 1034 556 facere
1101 505 1241 550 non
1299 489 1584 571 potest:
1660 492 1728 549 et
1785 481 1915 550 lioc
1968 483 2073 548 sui

513 601 810 692 pondere
844 596 928 662 ad
962 595 1286 661 inferiora
1316 593 1666 662 deseendit
1695 590 2025 658 membra.

604 706 765 772 IIaec
795 705 1005 793 igitur
1043 712 1143 770 cst
1174 724 1378 769 causa
1409 700 1818 767 diversitatis
1848 703 2074 763 motus

512 810 881 901 processivi
966 833 979 876 :
1055 807 1383 900 quoniam
1473 804 1695 871 infans
1775 802 2073 870 hominis

512 927 791 1008 propter
818 918 1087 1009 pondus
1128 914 1562 1001 superiorum
1604 910 2070 979 membrorum

511 1048 592 1093 ex
624 1025 1076 1094 teneritudine
1108 1019 1535 1094 inferiorum,
1575 1019 1798 1108 primo
1829 1016 2074 1085 ambu-

512 1130 649 1198 lare
701 1130 936 1217 incipit
987 1147 1193 1214 super
1229 1123 1436 1214 pedes
1487 1131 1553 1191 et
1614 1146 1859 1190 manus
1905 1123 2077 1188 sicut

511 1236 899 1328 quadrupes
954 1254 967 1298 :
1013 1231 1259 1299 deinde
1311 1231 1512 1320 erigit
1570 1251 1816 1319 corpus
1873 1249 2071 1295 suum
2115 1293 2119 1299 ,

506 1340 838 1431 paulatim
870 1361 1233 1429 quousque
1255 1338 1694 1426 juventutem
1737 1331 2074 1422 compleat

510 1455 576 1515 et
604 1447 915 1536 vigorem
947 1454 1165 1514 status
1186 1443 1404 1510 virilis
1439 1463 1454 1507 ε
1493 1450 1559 1508 et
1588 1463 1744 1509 cum
1775 1440 1845 1506 in
1877 1447 2073 1506 aetate

508 1555 915 1644 processerit
956 1574 1173 1643 usque
1204 1549 1289 1618 ad
1329 1551 1598 1616 senium
1645 1556 1710 1617 et
1756 1556 2075 1615 senectu-

510 1671 650 1732 tem
715 1662 1190 1730 incurvabitur
1247 1659 1562 1747 superius
1616 1680 1703 1724 ex
1777 1657 2073 1724 siccitate

508 1771 983 1840 membrorum
1033 1766 1469 1857 superiorum
1519 1766 1901 1833 carentium
1942 1786 2075 1830 nu-

503 1876 873 1947 trimentali
925 1875 1211 1943 humido
1260 1872 1605 1940 subtiliter
1657 1872 1947 1962 digest0,
2009 1877 2076 1938 et

505 2009 645 2055 non
678 1985 1071 2053 incurvatur
1099 1981 1408 2059 inferius,
1445 1980 1759 2070 quinimo
1817 1979 1887 2045 in
1943 1977 2074 2045 illis

504 2100 857 2183 grossatur
911 2098 977 2156 et
1023 2089 1362 2179 praecipue
1411 2085 1733 2153 mulieres
1783 2108 1798 2153 ε
1860 2092 1926 2151 et
1981 2084 2072 2150 sic

510 2200 789 2292 quidem
823 2206 925 2266 est
964 2199 1031 2263 in
1064 2196 1370 2263 homine.

603 2307 742 2379 Sed
788 2311 860 2377 in
914 2306 1328 2397 quibusdam
1385 2304 1538 2372 aliis
1581 2302 1999 2372 animalibus
2038 2323 2074 2369 e

509 2439 844 2488 converso
909 2414 1250 2504 contingit
1303 2434 1319 2480 ε
1375 2410 1836 2503 quorumdam
1890 2410 2073 2478 enim

509 2525 786 2594 illorum
839 2547 1036 2615 pars·
1069 2521 1384 2612 superior
1456 2521 1645 2610 prius
1711 2526 1815 2588 est
1852 2518 2077 2585 minor

508 2631 838 2723 quamdiu
865 2629 1093 2697 vicina
1124 2636 1284 2695 sunt
1313 2627 1664 2717 spermati,
1700 2634 1768 2693 et
1796 2623 2074 2691 interior

507 2748 608 2806 est
635 2738 857 2828 major
899 2760 915 2804 :
961 2745 1214 2804 etcum
1247 2737 1611 2812 creverint,
1655 2734 1781 2800 erit
1823 2756 1859 2800 e
1897 2754 2072 2800 con-

505 2870 733 2924 verso,
766 2847 942 2913 sicut
972 2868 1178 2912 omne
1211 2842 1467 2910 animal
1495 2840 1757 2910 habens
1785 2838 2071 2908 caudam

504 2952 796 3043 pilosam
832 2975 847 3018 z
895 2950 1143 3018 horum
1187 2951 1372 3018 enim
1414 2950 1727 3016 omnium
1777 2968 2073 3039 propor-

506 3061 848 3129 tionaliter
896 3058 1242 3149 loquendo
1293 3057 1572 3123 inferius
1623 3057 1905 3147 propius
1972 3062 2073 3121 est

506 3170 753 3256 majus,
788 3177 855 3236 et
884 3166 1198 3256 superius
1233 3166 1459 3232 minus
1495 3185 1511 3230 ε
1547 3172 1612 3232 et
1652 3185 1808 3232 curn
1840 3184 2074 3253 perve-

504 3277 673 3345 nerit
711 3275 887 3342 ultra
928 3282 1178 3341 statum
1211 3271 1698 3362 complementi
1749 3270 2070 3339 substan-

502 3384 611 3452 tiae
641 3391 708 3450 et
737 3381 1034 3457 virtutis,
1079 3380 1204 3446 vrit
1235 3379 1550 3469 superius
1579 3379 1804 3467 majus
1855 3386 1923 3445 et
1962 3380 2072 3446 in-

502 3492 711 3563 terius
742 3490 999 3559 minus.
1049 3487 1240 3558 Talia
1297 3488 1488 3557 enim
1530 3484 1866 3557 animalia
1899 3493 2070 3554 sunt

499 3595 837 3668 humida:
881 3603 950 3665 et
991 3595 1353 3686 superiora
1396 3601 1563 3663 sunt
1596 3614 1842 3662 eorum
1892 3591 2068 3662 cirea

498 3703 729 3774 locum
776 3702 1181 3794 digestionis
1223 3700 1509 3771 'vicinae
1558 3708 1843 3791 propter
1880 3699 2068 3791 quod

502 3810 692 3881 calor
726 3809 1113 3900 juventutis
1152 3807 1483 3899 dispergit
1527 3804 1896 3876 humidum
1935 3827 2070 3875 nu-

499 3916 886 3988 trimentale
942 3915 1192 3985 subtile
1265 3917 1338 3983 in
1407 3914 1723 3986 membra
1794 3912 2069 4006 longius

500 4024 847 4095 distantia.
901 4023 1076 4093 Cum
1112 4030 1345 4095 autem
1401 4021 1489 4092 ad
1539 4020 2068 4094 declinationem

500 4131 839 4214 venerint,
871 4138 1037 4202 tuno
1064 4129 1310 4201 debilis
1338 4128 1528 4201 calor
1570 4134 1641 4200 et
1667 4151 1949 4220 grossus
2003 4136 2067 4200 et

499 4239 847 4307 viscosum
900 4233 1269 4307 humidum
1326 4236 1398 4304 in
1457 4233 1789 4329 membris
1827 4235 2070 4305 vicinis

501 4352 885 4422 remanent,
954 4350 1023 4414 et
1083 4340 1232 4414 baec
1315 4341 1816 4433 ingrossentur.
1901 4339 2069 4410 llaec

498 4451 712 4545 igitur
734 4450 1091 4546 proportio
1131 4456 1234 4521 est
1261 4445 1739 4520 membrorum
1766 4448 2068 4540 superin-

503 4582 657 4629 rum
684 4581 843 4628 cum
874 4557 1313 4629 inferioribus
1341 4558 1414 4627 in
1444 4557 1885 4629 animalibus.

592 4666 910 4761 Amplius
938 4673 1172 4736 autem
1211 4666 1295 4734 de
1324 4666 1799 4758 superioribus
1827 4665 1898 4736 in
1929 4687 2067 4758 quo

499 4796 751 4866 magna
777 4772 1136 4844 diversitas
1166 4771 1516 4842 invenitur
1535 4773 1606 4842 in
1623 4771 2062 4852 animalibus,

499 4890 602 4952 est
642 4880 880 4952 dentes
924 4902 941 4949 :
978 4879 1313 4973 quoniam
1344 4881 1414 4950 in
1443 4877 1663 4963 oculis
1691 4886 1762 4953 et
1787 4877 2069 4957 auribus

496 5011 744 5082 parum
781 4985 1105 5059 differunt
1153 4984 1485 5059 animalia
1538 5008 1558 5055 ε
1628 5009 1838 5073 omne
1883 4986 2070 5057 enim

499 5095 754 5167 animal
811 5097 1203 5193 quadrupes
1241 5118 1585 5191 generans
1636 5096 1792 5183 sibi
1818 5093 2063 5173 simile.

499 5205 738 5276 dentes
802 5204 1012 5276 habet
1081 5206 1485 5286 anteriores,
1566 5206 1686 5298 qui
1752 5203 2072 5277 incisores

497 5323 835 5387 vocantur
875 5338 894 5387 ε
933 5325 1002 5385 et
1036 5315 1131 5387 ini
1161 5323 1324 5385 sunt
1351 5316 1470 5408 qui
1496 5314 1824 5385 dicuntur
1866 5313 2073 5407 dupli

497 5431 565 5495 et
594 5421 1005 5519 quadrupli,
1049 5433 1169 5497 aut
1196 5422 1445 5495 duales
1468 5433 1540 5495 et
1564 5426 1914 5517 quaterni,
1941 5423 2071 5495 sic-

497 5540 576 5601 ut
604 5530 907 5604 diximus
942 5533 1018 5602 in
1046 5530 1225 5604 libro
1261 5533 1515 5624 primo.
1568 5531 1903 5616 Quodam
1940 5553 2068 5604 au·

498 5648 641 5710 tem
676 5662 919 5709 eorum
973 5636 1230 5711 habent
1266 5637 1505 5711 dentes
1553 5641 1623 5711 in
1670 5639 2070 5714 mandibula

1531 311 1614 379 D.
1667 310 1866 378 ALB.
1919 309 2134 378 MAG.
2186 310 2388 379 ORD.
2441 310 2734 376 PRAED.

2187 480 2513 568 superiori
2553 486 2619 545 et
2647 477 2973 555 inferiori,
3006 478 3181 544 sicut
3212 499 3449 566 σφωε,
3486 484 3547 542 et
3578 497 3736 564 por-

2187 607 2301 650 cus
2337 607 2350 648 :
2387 594 2450 651 et
2481 582 2792 672 quaedam
2832 580 3082 647 habent
3134 581 3370 648 dentes
3412 582 3482 646 in
3532 604 3736 648 man—

2184 691 2409 758 dibula
2441 691 2769 780 superiori
2798 710 2811 755 ε
2839 689 3073 756 dentes
3097 695 3324 754 autem
3347 690 3736 776 superiores

2185 808 2251 866 et
2278 799 2669 874 anteriores,
2705 799 2877 864 sicut
2906 795 3217 872 bubaluS,
3258 802 3322 860 et
3353 803 3609 860 taurus.
3648 793 3734 859 Et

2184 909 2343 998 quia
2390 907 2632 996 aliquis
2669 914 2896 996 posset
2934 905 3180 983 dicere,
3225 903 3407 993 quod
3447 904 3731 970 materia

2184 1015 2400 1082 dentis
2450 1014 2814 1103 superioris
2860 1009 3270 1079 mandibulae
3306 1011 3625 1078 transiret
3658 1011 3724 1076 in

2184 1143 2458 1202 cornua,
2526 1119 2836 1187 videmus
2908 1117 3039 1186 hoc
3113 1140 3250 1185 non
3323 1115 3729 1208 generaliter

2183 1251 2325 1294 esse
2355 1250 2590 1294 verum
2634 1250 2648 1296 :
2695 1227 3020 1317 quoniam
3052 1225 3367 1317 quaedam
3420 1247 3559 1291 non
3598 1222 3731 1291 ha-

2182 1336 2406 1402 bentia
2436 1357 2712 1413 cornua,
2754 1343 2987 1403 carent
3021 1333 3337 1400 dentibus
3369 1331 3731 1399 anteriori-

2183 1444 2308 1511 bus
2345 1445 2414 1510 in
2443 1441 2836 1510 mandibula
2885 1442 3241 1531 superiori,
3286 1440 3463 1507 sicut
3506 1461 3736 1507 came-

2181 1550 2307 1619 lus.
2352 1550 2673 1629 Quaedam
2705 1558 2936 1618 autem
2976 1550 3152 1616 inter
3197 1548 3433 1616 dentes
3480 1546 3737 1614 habent

2180 1660 2440 1729 culmos
2479 1660 2650 1726 duos
2701 1658 2947 1748 longos
2997 1667 3061 1725 et
3112 1657 3581 1746 prominentes
3626 1656 3738 1722 vi-

2181 1768 2421 1836 delicet
2449 1767 2711 1845 dentes,
2753 1767 2927 1834 sicut
2955 1787 3140 1855 aper,
3185 1773 3251 1832 et
3290 1787 3537 1854 porcus
3583 1785 3736 1829 ma-

2182 1876 2429 1945 sculus.
2474 1874 2800 1952 Qua-dam
2829 1882 3058 1942 autem
3101 1881 3333 1942 carent
3376 1872 3510 1957 bis,
3558 1872 3735 1940 sicut

2184 1984 2394 2051 multa
2421 1982 2552 2050 alia
2581 1981 2923 2049 animalia.

2269 2091 2508 2160 Adhuc
2550 2100 2777 2159 autem
2811 2089 3124 2180 qua-dam
3169 2097 3328 2156 sunt
3372 2097 3730 2156 acutorum

2181 2200 2483 2268 dentium
2533 2206 2599 2266 et
2635 2197 2883 2267 diversi
2934 2199 3132 2276 situs,
3187 2199 3278 2265 ita
3322 2197 3507 2286 quod
3555 2218 3734 2263 unus

2181 2306 2348 2374 ordo
2412 2306 2597 2373 venit
2648 2305 2718 2372 in
2772 2304 3009 2384 alium,
3079 2305 3247 2372 sieut
3302 2305 3453 2372 duoe
3530 2325 3734 2370 serrae

2181 2414 2585 2503 conjuncta»,
2618 2419 2694 2479 ut
2729 2411 2863 2490 leo,
2895 2411 3283 2503 leopardus,
3311 2419 3378 2478 et
3417 2412 3630 2488 canis,
3665 2417 3732 2476 et

2180 2529 2403 2589 cattus
2434 2542 2449 2586 z
2495 2519 2803 2610 quaedam
2841 2530 3071 2588 antem
3104 2542 3267 2597 non,
3302 2518 3420 2586 sed
3449 2517 3727 2586 lineali-

2182 2638 2281 2697 ter
2334 2627 2677 2695 ordinatos
2736 2625 2988 2696 habent
3051 2628 3312 2705 dentes,
3385 2629 3473 2694 ita
3541 2624 3725 2716 quod

2180 2761 2354 2805 unus
2406 2737 2570 2804 ordo
2618 2737 2805 2804 venit
2851 2760 3054 2827 super
3090 2737 3302 2804 alium
3355 2736 3424 2802 in
3479 2740 3725 2804 masti-

2177 2845 2391 2914 cando
2421 2845 2790 2935 aequaliter,
2823 2846 2996 2913 sicut
3026 2868 3270 2936 equus,
3315 2853 3382 2912 et
3418 2853 3656 2912 taurus
3700 2866 3715 2910 :

2179 2959 2402 3020 tamen
2438 2950 2811 3020 secundum
2850 2951 3162 3020 ordinem
3192 2961 3454 3020 natura».
3487 2952 3560 3018 in
3589 2949 3725 3019 ho-

2174 3059 2358 3127 mine
2388 3057 2780 3128 mandibula
2826 3059 3107 3127 inferior
3152 3082 3309 3127 cum
3349 3059 3494 3126 suis
3534 3067 3729 3126 ante-

2174 3166 2465 3236 rioribus
2509 3165 2823 3236 dentibus
2867 3174 3001 3235 stat
3064 3165 3236 3235 infra
3305 3167 3727 3257 superiorem

2171 3297 2328 3346 cum
2384 3275 2525 3344 suis
2572 3275 2888 3343 dentibus
2948 3296 2964 3341 ε
3016 3273 3139 3344 sed
3194 3274 3490 3344 molares
3545 3281 3727 3342 stant

2173 3405 2377 3472 super
2410 3404 2483 3450 se
2522 3382 2813 3451 invicem
2853 3404 2871 3450 ε
2915 3381 2985 3449 in
3035 3382 3446 3472 quibusdam
3492 3391 3725 3450 tamen

2169 3491 2290 3581 qui
2325 3488 2577 3558 habent
2613 3500 2921 3558 mentum
2968 3490 3285 3580 longum,
3334 3489 3506 3557 ordo
3545 3488 3726 3557 infe-

2172 3599 2367 3666 rioris
2396 3595 2803 3665 mandibulae
2835 3596 3045 3664 ambit
3082 3596 3390 3665 ordine-m
3412 3596 3717 3665 dentium

2170 3703 2579 3775 mandibulas
2612 3705 3006 3795 superioris.

2259 3812 2585 3883 tienerale
2626 3819 2856 3881 autem
2913 3821 3040 3890 est,
3092 3810 3278 3903 quod
3338 3834 3720 3901 numquam

2172 3921 2376 3992 culmi
2414 3920 2614 3989 simul
2645 3929 2712 3989 et
2740 3942 2954 3990 cornu
2980 3919 3427 3989 inveniuntur
3454 3920 3523 3988 in
3577 3941 3716 3986 uno

2172 4027 2448 4098 animali
2519 4050 2536 4097 ε
2604 4051 2727 4097 nec
2798 4030 3005 4097 etiam
3096 4050 3427 4118 umquam
3485 4027 3720 4096 dentes

2170 4139 2346 4207 acuti
2393 4138 2833 4206 inveniuntur
2879 4159 3037 4207 cum
3081 4159 3298 4206 cornu
3348 4138 3416 4203 in
3456 4158 3597 4204 uno
3652 4143 3722 4202 et

2171 4245 2412 4314 eodem
2473 4243 2750 4312 animali
2821 4244 3048 4334 specie
3106 4265 3125 4311 z
3197 4244 3359 4334 quia
3430 4244 3716 4311 materia

2172 4373 2383 4422 cornu
2410 4352 2651 4420 transit
2686 4352 2757 4420 in
2785 4350 3051 4422 culmos
3082 4359 3150 4420 et
3188 4351 3258 4419 in
3282 4358 3520 4420 actites
3558 4350 3718 4418 lon-

2173 4483 2297 4551 gos
2325 4459 2580 4528 dentes.
2625 4458 2759 4528 Sed
2798 4459 3049 4529 animal
3090 4457 3521 4551 participabit
3554 4457 3719 4526 alte-

2173 4590 2323 4636 rum
2378 4567 2661 4635 istorum
2708 4574 2999 4646 tantum,
3041 4574 3320 4658 propter
3352 4588 3543 4634 arma
3576 4588 3718 4632 ma·

2171 4675 2277 4765 gis
2301 4696 2508 4765 quam
2537 4681 2810 4764 propter
2842 4672 2974 4741 eibi
3005 4673 3574 4742 masticationem.
3636 4670 3714 4738 ln

2172 4780 2447 4850 camelis
2500 4788 2727 4850 autem
2778 4780 3050 4850 videtur
3096 4780 3408 4849 dentium
3444 4788 3515 4849 et
3560 4802 3714 4847 cor-

2173 4909 2388 4961 nuum
2417 4890 2697 4958 materia
2733 4890 3022 4959 transire
3048 4890 3123 4957 in
3152 4887 3466 4979 gibbum.

2262 4994 2502 5067 Adbuc
2562 5006 2790 5066 autem
2856 4995 3231 5066 multorum
3312 4996 3719 5067 animalium

2171 5103 2406 5175 dentes
2468 5103 2747 5196 quidem
2829 5106 3205 5174 anteriores
3276 5103 3347 5173 in
3429 5113 3719 5194 utraque

2171 5211 2566 5282 mandibula
2615 5221 2775 5282 sunt
2824 5213 3030 5290 acuti,
3099 5222 3167 5281 et
3210 5213 3571 5282 interiores
3596 5211 3715 5302 qui

2172 5321 2467 5389 molares
2518 5320 2856 5400 dicuntur,
2906 5329 3067 5388 sunt
3115 5320 3227 5391 lati
3265 5344 3283 5390 z
3332 5322 3491 5412 quia
3531 5328 3720 5388 ante·

2172 5426 2384 5499 rioi'es
2415 5428 2688 5498 suntad
2723 5425 3161 5496 dividendum
3197 5421 3353 5495 ‘sive
3410 5426 3718 5496 inciden-

2170 5531 2364 5621 dum,
2394 5535 2751 5607 interiores
2776 5542 3010 5604 autem
3046 5537 3134 5606 ad
3179 5534 3578 5608 molendum
3614 5535 3714 5603 ci·

2177 5642 2367 5725 bum,
2403 5651 2485 5715 ut
2508 5644 2806 5735 undique
2843 5644 2996 5735 sugi
3031 5645 3315 5735 possita
3344 5643 3718 5715 visceribus
