4919 6371
1957 452 2126 520 LIB.
2181 449 2277 517 111
2324 450 2444 517 DE
2494 442 3086 525 ANIMALIBUS,
3140 440 3448 507 TRACT.
3503 439 3530 503 Ι

1693 1485 1990 1555 CAPUT
2036 1483 2125 1552 V.

1124 2233 1219 2298 Et
1245 2239 1344 2296 est
1381 2251 1710 2295 mant-:8810
1751 2229 2120 2296 declarans
2170 2229 2692 2297 determinatio-.-

1212 2359 1361 2402 nem
1422 2345 1486 2402 et
1548 2336 2162 2404 contradictionem
2222 2338 2541 2404 Acer-reis
2608 2337 2691 2404 de

1214 2445 1532 2513 omnibus
1551 2446 1932 2538 praedictis.

1208 3290 1645 3358 llancautcm
1677 3293 2318 3362 determinationem
2344 3296 2680 3365 Averroes

1121 3420 1555 3488 nequaquam
1603 3399 1670 3466 in
1710 3407 1856 3467 toto
1898 3400 2226 3492 approbat
2274 3404 2341 3469 in
2376 3403 2677 3493 quodam

1125 3504 1296 3573 libro
1324 3530 1451 3573 suo
1482 3530 1686 3597 quem
1720 3508 1803 3575 de
1851 3509 2420 3601 dispositionibus
2456 3512 2681 3580 cordis

1122 3617 1531 3706 composuit,
1575 3624 1642 3686 et
1679 3640 1804 3685 sua
1834 3617 2014 3686 dicta
2065 3629 2221 3686 sunt
2262 3620 2447 3687 talia.
2503 3620 2682 3690 Dicit

1118 3722 1329 3803 enim,
1358 3724 1541 3815 quod
1574 3750 1608 3789 ι
1652 3725 1721 3793 in
1761 3725 1966 3796 corde
2003 3735 2108 3796 est
2133 3728 2404 3797 virtutis
2439 3728 2678 3797 cibalis

1115 3830 1259 3898 sive
1302 3831 1642 3900 nutritivae
1681 3834 1939 3922 spritus
1967 3843 2033 3902 et
2061 3857 2393 3914 venarum
2415 3844 2484 3903 et
2515 3859 2677 3903 ner-

1115 3959 1360 4005 vorum
1392 3939 1615 4029 origo,
1647 3947 1991 4030 quatenus
2031 3941 2098 4008 in
2140 3964 2279 4008 uno
2319 3951 2385 4010 et
2433 3942 2675 4011 codem

1114 4052 1290 4111 esaet
1327 4044 1517 4116 calor
1543 4067 1780 4134 agens.
1826 4054 1890 4116 et
1941 4048 2224 4138 sanguis
2272 4050 2563 4138 patiens,
2607 4058 2675 4126 et

1110 4174 1302 4220 venie
1346 4152 1528 4220 illius
1574 4155 1865 4222 actionis
1931 4163 1999 4222 et
2071 4156 2408 4247 passionis
2449 4165 2675 4225 essent

1110 4260 1238 4328 via!
1266 4269 1330 4328 et
1362 4260 1912 4333 fundamentum.
1976 4271 2042 4332 et
2090 4287 2211 4331 cor
2239 4266 2557 4333 omnium
2589 4264 2672 4332 il·

1111 4366 1327 4435 larum
1367 4376 1546 4435 esset
1583 4368 1779 4459 origo
1808 4371 2331 4460 operationum:
2364 4398 2396 4435 ι
2431 4379 2497 4439 et
2528 4370 2669 4439 liaec

1108 4484 1205 4543 est
1246 4479 1581 4543 sententia
1641 4477 2026 4553 Aristotelis
2080 4480 2152 4546 in
2209 4478 2444 4547 multis
2500 4479 2669 4548 locis

1072 4669 1076 4672 .
1109 4583 1443 4652 librorum
1475 4608 1789 4654 suornm.

1193 4691 1330 4759 Alii
1377 4700 1607 4760 autem
1674 4694 2237 4776 contradixerunt
2294 4694 2452 4764 huic
2508 4718 2671 4765 sen-

1105 4801 1335 4867 tentiae
1366 4797 1668 4868 dicentes
1688 4799 1915 4871 adhuc
1943 4803 2126 4894 exigi
2160 4802 2298 4871 duo
2329 4799 2664 4871 membra.

1108 4904 1186 4974 Et
1230 4905 1342 4974 alii
1375 4907 1721 4989 dixerunt,
1754 4908 1940 4999 quod
1971 4908 2196 4979 adhuc
2231 4912 2671 5000 exigerentur

1109 5013 1300 5103 plura
1330 5036 1540 5106 quam
1571 5014 1731 5083 «luo.
1762 5015 2162 5084 Aristoteles
2189 5024 2418 5084 autem
2447 5015 2668 5086 voluit

1108 5120 1515 5211 principium
1551 5123 1950 5190 nutrimenti
1984 5145 2134 5191 esse
2164 5144 2204 5191 a
2232 5123 2458 5202 corde,
2494 5132 2558 5192 et
2580 5123 2665 5191 al»

1107 5226 1349 5294 eodem
1380 5250 1528 5293 esse
1566 5228 1979 5319 principium
2048 5230 2375 5296 crementi
2405 5252 2528 5320 per
2554 5238 2667 5296 to·

1104 5341 1247 5400 tum
1289 5355 1562 5424 corpus.
1599 5333 1900 5403 Galenus
1956 5342 2186 5403 autem
2208 5334 2381 5404 dixit
2407 5335 2667 5425 prinei-

1108 5443 1296 5532 pium
1334 5443 1617 5533 spiritus
1652 5450 1718 5512 et
1760 5444 2165 5512 arteriarum
2200 5468 2348 5515 esse
2371 5466 2516 5525 cor,
2550 5443 2665 5513 lie·

1110 5572 1229 5640 par
1275 5557 1507 5619 autem
1555 5551 1968 5643 principium
2017 5574 2164 5619 esse
2210 5575 2544 5622 venarum
2598 5560 2663 5620 et

1109 5659 1485 5748 sanguinis.
1510 5659 1914 5728 Aristoteles
1933 5666 2166 5728 autem
2197 5661 2510 5737 omnium
2542 5659 2667 5729 ho·

1112 5786 1262 5832 rum
1320 5763 1733 5855 principium
1790 5766 1968 5835 dixit
2028 5789 2177 5835 esse
2230 5788 2374 5835 cor.
2439 5768 2660 5837 (lausa

4243 438 4373 503 215

2800 619 3028 677 autem
3059 612 3216 677 dicti
3278 619 3373 677 est
3421 633 3435 676 :
3481 611 3639 699 quia
3695 633 3832 676 non
3874 608 4261 674 invenimus
4292 607 4364 672 in

2802 717 3081 786 animali
3129 717 3306 784 ultra
3370 717 3438 783 id
3504 717 3572 782 in
3622 739 3756 806 quo
3818 718 4138 784 convenit
4195 735 4354 780 cum

2799 823 3057 913 planta,
3095 824 3223 890 nisi
3260 844 3539 890 sensum
3572 830 3637 888 et
3683 830 3971 900 motum,
4017 844 4168 912 quae
4225 820 4361 888 duo

2800 933 3172 1000 secundum
3214 930 3545 999 Galenum
3593 953 3632 997 a
3662 929 3936 996 cerebro
4005 930 4352 1007 oriuntur,

2713 1081 2727 1094 ·
2798 1040 2972 1107 sicut
3006 1046 3073 1105 et
3099 1038 3508 1128 principium
3551 1035 3949 1126 digestionis
4006 1033 4166 1101 dicit
4195 1056 4355 1100 esse

2798 1146 2883 1213 ab
2922 1143 3190 1236 hepate.
3228 1144 3314 1211 Et
3350 1145 3406 1209 si
3446 1165 3686 1210 verum
3741 1143 3990 1210 diceret
4030 1140 4351 1226 GalenuS,

2799 1263 2958 1321 tunc
2985 1252 3333 1321 videretur
3360 1252 3544 1340 quod
3574 1273 3712 1318 non
3763 1257 3938 1316 esset
3967 1248 4353 1316 membrum

2797 1359 3169 1452 principale
3206 1383 3221 1426 :
3255 1382 3410 1427 cum
3433 1356 3685 1425 nullius
3705 1356 4179 1447 principalium
4212 1357 4360 1422 vir-

2797 1475 3021 1536 tutum
3069 1475 3137 1535 et
3187 1466 3662 1557 operationum
3739 1464 4214 1532 universaliter
4270 1463 4356 1542 ad

2797 1597 3044 1666 corpus
3094 1575 3578 1665 pertinentium
3672 1582 3847 1641 esset
3912 1596 4030 1640 cor
4094 1572 4355 1663 princ-i-

2798 1686 3012 1774 pium.
3050 1682 3124 1751 Si
3163 1692 3391 1752 autem
3440 1683 3591 1773 quis
3633 1682 3834 1759 dicat,
3887 1682 4072 1770 quod
4126 1681 4350 1770 ipsum

2801 1800 2903 1861 est
2939 1793 3217 1882 spiritus
3271 1792 3683 1882 principium
3726 1798 3791 1857 et
3845 1788 4083 1879 pulsus
4119 1812 4134 1856 ε
4183 1797 4349 1856 tunc

2796 1921 2951 1967 cum
2982 1899 3373 1967 membrum
3414 1897 3850 1988 principalius
3889 1897 4067 1962 inter
4103 1902 4349 1964 caetera

2797 2005 3047 2076 haheat
3081 2007 3403 2074 virtutem
3437 2003 3890 2073 universalem
3916 2012 3982 2071 et
4003 2006 4354 2094 operatio-

2798 2137 2955 2182 nem
2995 2115 3079 2181 ad
3112 2122 3334 2182 totum
3365 2135 3609 2202 corpus
3638 2112 4118 2201 pertinentem,
4152 2134 4351 2199 opor-

2796 2221 2964 2289 tebit
3031 2220 3215 2311 quod
3245 2220 3477 2288 omnia
3505 2218 3810 2285 membra
3840 2218 4355 2285 communicent

2795 2351 2951 2396 cum
2980 2327 3184 2395 corde
3224 2326 3292 2392 in
3319 2326 3553 2416 spiritu
3591 2349 3605 2392 :
3652 2332 3717 2392 et
3745 2324 3873 2392 hoc
3905 2347 4044 2391 non
4087 2331 4187 2390 est
4225 2345 4353 2390 ve-

2795 2460 2972 2516 rum,
3036 2458 3176 2513 non
3229 2436 3412 2501 enim
3469 2441 3570 2500 est
3633 2432 3912 2522 aliquod
3971 2432 4350 2522 principale

2793 2544 3205 2621 membrum,
3230 2544 3360 2610 nisi
3391 2540 3574 2632 quod
3596 2539 3798 2608 habet
3814 2541 4138 2609 virtutem
4161 2543 4350 2630 prin-

2791 2651 3079 2743 cipalem
3153 2650 3626 2719 universaliter
3670 2650 3789 2717 toti
3830 2652 4098 2739 corpori
4157 2672 4344 2716 com·

2792 2761 3239 2828 municatam.
3623 2828 3632 2836 ‚

2881 2866 2953 2934 Si
2982 2875 3213 2935 autem
3253 2866 3453 2944 dicat,
3498 2865 3681 2956 quod
3730 2888 3850 2931 cor
3890 2863 4093 2931 habet
4125 2865 4342 2931 virtu-

2789 2983 2925 3042 tem
2966 2974 3268 3065 aliquam
3303 2974 3505 3042 aliam
3536 2996 3573 3040 a
3606 2973 3821 3048 dictis,
3873 2994 4024 3062 quae
4046 2972 4215 3040 forte
4255 2975 4343 3041 sit

2786 3083 2943 3150 vitae
2976 3106 3183 3173 quam
3215 3082 3432 3149 inssuit
3477 3082 3597 3148 toti
3631 3079 3894 3169 corpori
3935 3102 3949 3146 :
3994 3079 4124 3148 hoc
4167 3078 4338 3147 nibil

2787 3193 3070 3258 omnino
3100 3198 3228 3270 est,
3262 3192 3421 3281 quia
3456 3191 3600 3257 vita
3638 3195 3736 3255 est
3794 3185 4168 3255 secundum
4210 3187 4343 3254 ali-

2787 3321 2994 3391 quam
3034 3299 3496 3390 operationem
3527 3298 3682 3364 vitae
3723 3296 3789 3363 in
3829 3293 4240 3361 animalibus
4270 3304 4335 3361 et

2790 3406 3059 3496 pientia,
3093 3414 3159 3473 et
3207 3405 3340 3472 illa·
3389 3414 3539 3471 sunt
3601 3405 3882 3481 nutrire,
3932 3411 3994 3467 et
4054 3424 4332 3490 augere,

2788 3523 2851 3580 et
2881 3535 3183 3589 movere.
3212 3520 3278 3579 et
3298 3514 3575 3590 sentire,
3610 3519 3673 3577 et
3707 3509 3889 3577 nulla
3914 3508 4222 3585 istarum,
4258 3518 4333 3577 ut

2784 3621 2946 3689 dicit
2976 3620 3297 3696 Galenus,
3324 3619 3768 3710 principiatur
3795 3642 3829 3682 n
3864 3615 4092 3684 corde.
4130 3615 4328 3694 Quml

2783 3737 3012 3797 autem
3052 3727 3390 3797 diceretur
3431 3728 3572 3793 vita
3629 3728 3696 3792 in
3752 3749 3822 3791 se
3880 3723 4212 3790 abstracta
4244 3722 4331 3790 ab

2785 3835 3106 3905 omnibus
3163 3832 3613 3926 potestatibus
3647 3834 3828 3910 vitae.
3862 3831 4069 3899 {luere
4110 3856 4147 3897 a
4177 3856 4338 3899 cor-

2783 3944 2893 4028 de,
2915 3943 3362 4016 vanissimum
3392 3950 3496 4009 est
3528 3963 3544 4007 :
3599 3941 3759 4031 quia
3789 3938 3917 4006 hoc.
3950 3939 4332 4008 universale

2781 4061 2882 4122 est
2912 4053 2982 4119 in
3012 4053 3269 4129 anima,
3296 4059 3362 4118 et
3397 4071 3537 4118 non
3577 4049 3724 4116 lluit
3754 4048 3838 4113 ab
3867 4046 4098 4139 aliquo
4122 4071 4337 4115 mem·

2780 4161 3086 4231 brorum.
3149 4156 3431 4249 Oportet
3498 4158 3707 4246 igitur
3759 4155 4062 4247 aliquam
4109 4156 4336 4224 virtu-

2782 4279 2917 4338 tem
2949 4290 3101 4336 esse
3141 4289 3295 4358 qum
3363 4265 3510 4333 nuit
3571 4287 3614 4332 a
3682 4264 3882 4332 corde
3928 4264 4336 4332 ‹li-termina-

2778 4385 2944 4459 tam,
2977 4378 3048 4445 in
3074 4396 3211 4468 qua
3260 4372 3580 4441 animalia
3629 4373 3690 4439 ei
3725 4371 3969 4462 plantae
4007 4394 4329 4439 vonimu-

2782 4486 3057 4554 nicent:
3097 4490 3166 4552 et
3197 4489 3538 4574 queratur
3594 4503 3745 4571 quie
3788 4480 3873 4547 sit
3926 4478 4039 4547 illa
4082 4487 4332 4569 pru-ter

2777 4591 2990 4659 dictas
3019 4612 3191 4682 quas
3238 4586 3534 4655 Galenus
3582 4586 3667 4652 al»
3711 4585 3860 4652 aliis
3903 4585 4229 4653 membris
4261 4595 4327 4653 et

2777 4722 2919 4767 non
2947 4720 2986 4765 a
3010 4696 3214 4765 corde
3242 4694 3404 4764 dicit
3431 4694 3850 4786 principiari.

2869 4803 2943 4873 Si
2974 4805 3127 4897 quis
3156 4802 3359 4881 dicat,
3392 4801 3577 4893 quod
3626 4801 3694 4868 in
3725 4800 3947 4869 cordis
4002 4801 4330 4870 substan-

2776 4915 2868 4982 tia
2893 4922 3053 4983 sunt
3083 4909 3370 5002 triplicia
3402 4909 3513 4977 tila
3551 4909 3703 4976 loco
3752 4908 4119 4999 triplicium
4168 4907 4330 4975 lilo-

2779 5045 2927 5088 rum
2973 5018 3338 5087 villorum:
3389 5014 3592 5084 habet
3631 5015 3814 5082 enim
3873 5013 3983 5080 illa
4048 5022 4326 5082 extensa

2775 5128 2845 5196 in
2875 5126 3164 5218 longum
3200 5146 3323 5214 per
3359 5146 3510 5214 quae
3558 5119 3787 5201 trahit,
3847 5129 3911 5187 et
3971 5118 4174 5189 habet
4215 5121 4326 5188 tila

2776 5239 3055 5299 extensa
3086 5232 3155 5299 in
3184 5228 3397 5297 latum
3437 5252 3560 5320 per
3596 5250 3748 5318 qna·
3780 5224 4083 5315 expellit,
4116 5235 4177 5293 et
4215 5226 4326 5293 tila

2775 5339 2952 5407 circa
3013 5359 3085 5404 se
3156 5335 3466 5429 gyrantia
3545 5357 3666 5425 per
3738 5355 3888 5422 qum
3946 5333 4326 5422 gyrationis

2777 5444 3037 5537 perlicit
3076 5449 3341 5512 motum
3375 5464 3391 5511 ε
3426 5450 3489 5508 et
3533 5438 3780 5508 borum
3841 5446 4157 5506 inotuum
4225 5445 4328 5507 est

2777 5551 3184 5644 principium
3219 5548 3390 5617 :hoc
3421 5550 3665 5615 iterum
3696 5554 3873 5613 stare
3904 5569 4040 5612 non
4073 5552 4323 5635 potest,

2774 5661 3102 5753 quoniam
3130 5653 3523 5728 stomachus
3541 5661 3606 5721 et
3624 5656 3829 5723 etiam
3847 5651 4059 5743 hepar
4072 5651 4325 5721 habent

2773 5790 3013 5839 omnes
3040 5766 3169 5836 hos
3197 5772 3426 5834 motus
3459 5784 3581 5852 per
3613 5760 3839 5840 villos,
3873 5767 3991 5829 aut
4016 5782 4140 5850 per
4165 5757 4322 5827 fila:
