4919 6371
2117 413 2284 480 LIB.
2339 412 2400 479 11
2449 413 2569 480 DE
2614 414 3207 499 ANIMALlBUS,
3254 413 3568 482 TRACT.
3622 412 3684 479 II
4360 412 4483 477 197

1256 597 1516 678 ceptuS,
1552 610 1633 655 eo
1666 584 1852 677 quod
1890 593 2045 652 ante
2083 587 2357 652 testium
2388 583 2813 652 evulsionem
2921 581 3274 649 Orisicium
3334 582 3517 648 enim
3569 582 3865 649 matricis
3927 588 4029 648 est
4057 582 4231 647 sicut
4267 601 4482 646 canna

1255 700 1325 765 in
1384 696 1550 784 ipsis
1609 693 1895 761 testibus
1953 692 2173 761 fuerat
2212 699 2655 762 maturatum.
2693 688 2814 755 Est
2920 711 3137 756 vacua
3175 711 3473 756 concava
3508 711 3521 753 ε
3568 697 3634 756 et
3672 689 3803 756 hoc
3843 697 3943 756 est
3974 687 4158 777 quod
4196 694 4478 754 vocatur

1251 812 1481 870 tamen
1522 801 1817 870 difficilis
1859 802 2166 893 quaestio,
2226 808 2456 864 utrum
2511 794 2809 862 testiculi
2919 795 3181 862 collum
3250 794 3519 862 vulvae:
3590 805 3654 863 et
3722 798 3976 862 creatio
4036 796 4182 883 ejus
4241 802 4341 862 est
4391 817 4473 860 ex

1248 913 1614 980 necessarii
1673 913 1810 980 sint
1866 912 1954 979 ad
2016 908 2653 997 impraegnationem
2741 912 2807 971 et
2914 926 3115 972 carne
3176 926 3492 983 nervosa,
3525 911 3804 994 propter
3853 901 4041 993 quod
4096 911 4197 969 est
4251 902 4473 970 sensi-

1248 1021 1529 1101 coitum,
1564 1021 1674 1088 vel
1715 1021 1852 1087 sint
1890 1017 1975 1085 ad
2002 1016 2178 1083 bene
2210 1036 2357 1081 esse
2382 1020 2652 1080 tantum
2688 1036 2703 1080 ε
2740 1021 2807 1080 et
2911 1010 3071 1080 bilis
3113 1011 3581 1079 delectationis
3610 1009 3851 1078 valde:
3898 1017 3966 1077 et
3991 1008 4122 1076 hoc
4152 1010 4357 1076 etiam
4397 1010 4471 1075 in

1244 1128 1387 1197 haec
1426 1129 1498 1196 in
1526 1125 1976 1217 sequentibus
2016 1121 2353 1190 subtiliter
2384 1130 2544 1189 sunt
2586 1122 2804 1188 deter-

1245 1236 1594 1304 minanda.

1330 1346 1492 1413 Haec
1520 1352 1622 1412 est
1661 1343 1869 1435 igitur
1907 1341 2260 1433 dispositio
2321 1338 2796 1407 testiculorum

1241 1451 1671 1530 animalium,
1698 1458 1767 1520 et
1788 1450 2040 1518 creatio
2081 1446 2491 1541 diversitatis
2530 1453 2598 1512 et
2626 1445 2795 1511 situs

1240 1561 1573 1649 ipsorum.

1764 2522 2059 2591 CAPUT
2120 2523 2236 2591 IV.

1221 3267 1322 3332 De
1357 3265 1756 3334 diversitate
1799 3268 2165 3337 matricum
2205 3270 2626 3340 animalium
2662 3296 2778 3364 ye-

1508 3375 1908 3443 nerantium
1945 3375 2055 3444 vel
2078 3379 2461 3446 ovantium.

1290 4227 1610 4298 Matrices
1639 4237 1871 4300 autem
1901 4231 2299 4303 animalium
2331 4234 2764 4306 diversantur

1201 4336 1429 4421 valde,
1471 4344 1541 4406 et
1579 4359 1722 4405 non
1753 4344 2021 4406 tantum
2054 4339 2125 4407 in
2153 4342 2638 4431 generantibus
2661 4343 2761 4411 si·-

1203 4445 1271 4514 bi
1301 4444 1554 4523 simile,
1587 4442 1711 4513 sed
1738 4446 1947 4513 etiam
1980 4445 2048 4514 in
2077 4446 2487 4516 ovantibus:
2519 4450 2754 4539 etjam

1202 4554 1481 4645 quidem
1548 4555 1620 4622 in
1668 4554 2026 4622 anatomia
2080 4556 2389 4624 mam‘m’s
2425 4556 2749 4639 diximus,

1200 4660 1387 4752 quod
1422 4682 1687 4730 cornua
1715 4682 1868 4751 quie
1897 4668 2056 4729 sunt
2093 4662 2478 4753 superiores
2509 4665 2754 4733 matri-

1198 4793 1357 4838 cum
1395 4769 1891 4847 extremitates,
1926 4768 2154 4839 induo
2211 4771 2749 4864 distinguuntur,

1200 4878 1293 4946 ita
1324 4876 1514 4969 quod
1539 4878 1601 4945 si
1627 4877 1880 4946 matrix
1915 4879 2381 4948 excoriaretur
2416 4879 2503 4948 ab
2559 4890 2755 4951 exte-

1198 4987 1360 5054 riori
1429 4984 1688 5067 tunica,
1748 4985 2147 5055 viderentur
2210 5009 2359 5055 esse
2416 4988 2567 5055 dua·
2608 5012 2752 5058 ma-

1195 5096 1398 5164 trices
1438 5093 1525 5163 ad
1556 5117 1775 5163 unum
1807 5117 1887 5163 os
1912 5095 2136 5164 vulvoe
2182 5095 2560 5188 applicatas.
2599 5098 2750 5168 Una

1193 5212 1425 5274 autem
1456 5225 1739 5273 suarum
1770 5200 2285 5273 distinctionum
2306 5205 2586 5274 inferius
2606 5215 2752 5276 ten-

1191 5313 1292 5382 dit
1356 5314 1429 5383 in
1476 5312 1824 5391 dextrum,
1866 5319 1936 5380 et
1996 5312 2209 5381 altera
2271 5312 2342 5380 in
2391 5315 2744 5383 sinistrum

1191 5445 1433 5492 versus
1469 5429 1843 5511 utrumqne
1882 5420 2075 5490 illion
2110 5445 2127 5490 ε
2170 5429 2237 5491 et
2304 5422 2525 5513 capita
2572 5425 2745 5493 ista-

1195 5553 1348 5599 rum
1404 5529 1926 5598 distinctionum
2000 5527 2282 5597 inl'erius
2344 5531 2747 5601 continuata

1194 5633 1471 5705 suntad
1496 5657 1715 5704 unum
1747 5633 2031 5704 interius
2056 5634 2424 5714 orificium,
2454 5644 2525 5704 et
2551 5637 2750 5706 simi-

1194 5743 1353 5817 liter
1419 5740 1684 5813 oriticia
1749 5739 2145 5810 earumdem
2200 5740 2741 5812 distinctionum.

2908 1117 3146 1184 multis
3195 1115 3608 1184 animalibus
3666 1124 3766 1182 est
3828 1115 4062 1182 [issum
4104 1114 4175 1181 in
4214 1115 4349 1182 duo
4391 1115 4463 1182 in

2908 1223 3243 1314 superiori
3274 1246 3423 1289 suo,
3472 1222 3630 1290 Non
3669 1229 3896 1289 autem
3945 1220 4078 1289 hoc
4145 1219 4457 1300 dicimus,

2902 1333 3033 1398 nisi
3095 1331 3255 1422 quia
3296 1330 3611 1420 quamvis
3672 1332 3739 1396 in
3779 1329 4016 1396 multis
4044 1328 4456 1396 animalibus

2903 1440 2990 1506 sit
3030 1438 3425 1506 distinctum
3466 1438 3536 1505 in
3584 1438 3719 1504 duo
3769 1438 4110 1505 orificium
4149 1436 4463 1505 secundoe

2904 1568 3139 1614 cannae
3172 1546 3254 1614 de
3303 1569 3439 1637 quo
3489 1545 3816 1627 diximuS‚
3844 1568 4002 1614 cum
4039 1543 4188 1612 haec
4216 1544 4462 1612 fissura

2903 1653 3122 1721 tendit
3150 1661 3416 1721 tantum
3445 1676 3683 1720 versus
3714 1653 4027 1742 superius
4070 1651 4166 1719 ‘ad
4231 1650 4454 1719 thala-

2896 1783 3050 1829 mos
3117 1763 3444 1840 matriciS.
3508 1770 3576 1829 et
3629 1760 3908 1829 inferius
3939 1760 4260 1848 junctum
4319 1767 4447 1839 est,

2896 1870 3073 1937 sicut
3128 1872 3559 1939 narrabimus
3633 1870 3939 1938 inferius,
4031 1866 4451 1936 Generaliter

2895 1981 3106 2069 igitur
3163 2002 3403 2048 omnes
3451 1980 3767 2046 matrices
3815 1976 4216 2045 animalium
4245 1997 4449 2067 gene-

2895 2085 3193 2150 rantium
3225 2084 3354 2151 sibi
3394 2083 3642 2161 simile,
3686 2081 4088 2150 habentium
4118 2080 4289 2147 duos
4327 2088 4446 2147 aut

2892 2200 3188 2282 quatuor
3221 2192 3623 2283 pedes,sunt
3645 2190 3769 2259 sub
3806 2192 4065 2282 pariete
4102 2188 4447 2279 dispositae

2889 2321 3129 2366 versus
3160 2299 3638 2378 ossaillorum‚
3682 2306 3759 2366 ut
3813 2299 3884 2365 in
3915 2294 4316 2365 mulieribus
4380 2301 4448 2363 et

2890 2404 3188 2473 t'oeminis
3213 2429 3487 2485 canum,
3522 2412 3589 2473 et
3645 2426 4041 2495 porcorum,
4070 2424 4437 2494 equorum,

2889 2519 2958 2581 et
2978 2519 3359 2592 taurorum,
3401 2521 3470 2580 et
3505 2512 3816 2580 omnium
3875 2532 4134 2580 cornua
4176 2507 4444 2577 haben-

2889 2621 3088 2687 tium.
3152 2620 3402 2688 Omnia
3448 2621 3631 2697 enim
3665 2621 3733 2686 in
3762 2617 3895 2687 hoc
3932 2617 4078 2686 haec
4122 2616 4446 2684 animalia

2888 2728 3343 2796 conveniunt:
3414 2735 3480 2796 et
3546 2729 3860 2795 matrices
3903 2748 4143 2794 eorum
4193 2723 4446 2792 habent

2886 2859 3093 2926 super
3121 2859 3246 2903 sua
3273 2845 3579 2905 extrema
3608 2857 3759 2925 quae
3805 2840 4140 2902 vocantur
4184 2855 4441 2900 cornua

2887 2943 3221 3026 ηιαινίεἰε,
3308 2941 3771 3010 involutiones
3823 2950 3891 3007 et
3978 2939 4440 3008 tortuositates

2884 3070 3196 3138 rugosas.

2971 3155 3287 3225 Matrices
3316 3164 3545 3225 autem
3577 3178 3816 3224 eorum
3849 3176 4000 3246 quae
4047 3160 4279 3234 ovant,
4309 3176 4435 3223 ex-

2881 3273 2986 3333 tra
3014 3287 3086 3332 se
3117 3264 3499 3332 emittentia
3526 3265 3672 3355 ipsa
3704 3286 3861 3343 ova,
3894 3261 4436 3330 diversificantur

2879 3372 3121 3442 valde:
3165 3374 3483 3441 matrices
3512 3375 3695 3441 enim
3743 3372 4108 3463 cujuslibet
4134 3370 4432 3440 volatilis

2878 3482 3336 3573 disponuntur
3397 3480 3528 3549 sub
3593 3483 3848 3572 pariete
3902 3479 4436 3572 diaphragmatis

2877 3588 3192 3681 superius
3238 3588 3421 3679 apud
3477 3589 3782 3657 dorsum.
3839 3587 4157 3657 Matrices
4203 3593 4434 3655 autem

2875 3697 3168 3788 piscium
3226 3696 3686 3787 disponuntur
3730 3696 3800 3763 in
3829 3695 4132 3764 inferiori
4176 3693 4435 3763 ventris

2873 3805 3003 3873 sui.
3050 3804 3133 3873 Et
3197 3803 3402 3894 hujus
3465 3806 3740 3894 signum
3792 3811 3920 3883 est,
3988 3802 4175 3895 quod
4232 3801 4422 3871 locus

2875 3915 2991 4005 qui
3029 3914 3406 4006 vulgariter
3441 3922 3726 3982 vocatur
3754 3913 3939 3981 basis
3974 3936 4283 3996 ovorum,
4324 3921 4424 3982 est

2874 4021 3229 4091 adliaerens
3258 4020 3465 4089 dorso
3497 4022 3564 4088 in
3601 4019 3900 4111 gallinis.
3948 4018 4247 4089 Piscium
4299 4043 4420 4089 au-

2874 4139 3011 4198 tem
3069 4128 3387 4197 matrices
3433 4128 3651 4219 plenae
3690 4128 3841 4196 ovis
3871 4127 4317 4197 inveniuntur
4351 4127 4421 4195 in

2873 4236 3177 4305 inferiori
3221 4236 3429 4304 totius
3486 4234 3934 4328 longitudinis
3996 4234 4256 4304 ventris
4314 4237 4421 4303 sui

2869 4352 3235 4436 protensis,
3258 4343 3435 4411 sicut
3467 4343 3671 4411 etiam
3705 4343 3774 4410 in
3815 4341 4116 4410 inferiori
4165 4343 4421 4409 ventris

2867 4451 3327 4542 disponuntur
3366 4450 3706 4529 matrices,
3738 4448 3911 4517 duos
3956 4458 4074 4517 aut
4130 4458 4424 4539 quatuor

2862 4557 3070 4649 pedes
3108 4555 3507 4624 habentium
3530 4555 4008 4647 generantium
4038 4554 4168 4623 sibi
4201 4554 4422 4624 simile

2862 4667 3160 4736 animal:
3215 4668 3377 4758 quia
3434 4666 3526 4734 ibi
3563 4666 3850 4735 tendunt
3892 4665 3981 4734 ad
4025 4688 4104 4734 os
4169 4664 4414 4735 vulvae.

2863 4774 3176 4843 Matrices
3253 4782 3483 4843 autem
3548 4774 3839 4865 piscium
3898 4781 4060 4843 sunt
4131 4772 4421 4843 subtiles

2861 4882 3085 4977 longae
3116 4908 3202 4953 ex
3235 4883 3370 4953 tela
3397 4881 3657 4951 nervali
3685 4904 3702 4949 ε
3730 4892 3797 4952 et
3830 4882 3992 4973 quia
4019 4889 4247 4973 partes
4275 4903 4420 4949 ma-

2861 4992 3104 5060 tricum
3129 4992 3418 5084 piscium
3442 5001 3596 5059 sunt
3641 4991 3892 5082 longa·‚
3926 4989 4055 5056 sibi
4094 4990 4415 5058 continue

2859 5100 3236 5192 applicans,
3306 5108 3637 5191 putantur
3692 5122 3832 5166 non
3890 5095 4140 5166 habere
4167 5097 4416 5165 distin-

2858 5209 3156 5278 ctionem
3198 5208 3266 5274 in
3298 5206 3464 5286 duo,
3500 5215 3565 5274 et
3591 5227 3725 5274 ova
3770 5214 4102 5296 putantur
4138 5226 4285 5273 esse
4339 5206 4410 5273 in

2860 5339 3022 5385 vase
3064 5338 3228 5383 uno.
3254 5314 3411 5383 Non
3447 5324 3680 5383 tamen
3718 5322 3822 5381 est
3847 5313 4024 5381 sicut
4060 5312 4224 5382 dicit
4257 5314 4415 5404 opi-

2859 5422 2975 5489 nio
3042 5428 3314 5511 accepta
3376 5443 3499 5510 per
3544 5439 3867 5487 sensum:
3902 5417 4024 5486 sed
4073 5426 4233 5487 sunt
4275 5440 4410 5487 ova

2856 5529 3172 5599 distincta
3203 5531 3271 5597 in
3299 5528 3565 5597 duabus
3595 5526 3902 5619 partibus
3922 5527 4222 5596 matricis
4249 5526 4411 5595 dex·

2854 5645 2959 5705 tra
2994 5647 3061 5706 et
3100 5637 3418 5705 sinistra:
3461 5643 3530 5703 et
3583 5635 3739 5704 ideo
3769 5656 3929 5703 cum
3985 5641 4399 5725 coquuntur,

2853 5743 3371 5835 distinguuntur
3412 5742 3483 5811 in
3512 5742 3684 5811 duas
3719 5743 3900 5811 acies
3927 5764 4050 5832 per
4103 5739 4405 5813 medium
