4919 6371
2029 483 2197 557 LIB.
2251 479 2347 546 VI
2394 478 2514 545 DE
2560 475 3152 560 ANIMALIBUS,
3201 480 3515 550 TRACT.
3572 481 3601 548 1

1197 667 1415 755 magis
1464 669 1529 727 et
1582 658 1809 724 minus
1857 660 2056 720 nocet
2111 653 2260 719 ovis
2316 651 2735 718 diversarum

1196 774 1426 838 avium
1458 790 1472 833 :
1508 763 1626 832 sed
1651 763 1825 828 inter
1854 782 2094 828 omnes
2116 783 2276 827 aves
2313 761 2531 850 magis
2569 758 2742 825 dici-

1196 888 1306 945 tur
1345 894 1586 942 nocere
1618 869 1766 936 ovis
1794 890 2181 946 corvorum,
2227 875 2294 935 et
2329 866 2481 934 ideo
2511 864 2742 930 viden-

1193 992 1305 1051 tur
1357 979 1726 1067 anticipare
1766 983 2034 1066 tempus
2090 975 2400 1050 tonitrui,
2472 968 2738 1036 ovando

1193 1097 1260 1156 et
1296 1084 1616 1163 fovendO,
1650 1084 1742 1151 ita
1790 1082 1974 1174 quod
2013 1103 2281 1172 semper
2316 1078 2631 1144 videntur
2673 1075 2741 1139 in

1202 1191 1445 1261 Martio
1513 1190 1735 1281 pullos
1802 1189 2109 1273 educere.
2179 1185 2470 1253 Videtur
2515 1190 2742 1248 autem

1194 1299 1339 1369 haec
1376 1301 1577 1367 etiam
1617 1321 1761 1367 esse
1791 1318 2017 1372 causa,
2052 1301 2328 1384 propter
2355 1311 2560 1382 quam
2600 1290 2743 1355 avis

1198 1406 1575 1486 Diomedis,
1625 1405 1708 1472 de
1757 1426 1892 1493 qua
1935 1423 2140 1490 supra
2185 1399 2510 1482 diximus,
2560 1398 2744 1464 fovet

1198 1519 1268 1584 in
1337 1515 1587 1590 hieme,
1649 1520 1714 1578 et
1771 1507 2082 1600 quaedam
2139 1508 2370 1575 avium
2426 1507 2738 1574 aliarum.

1199 1621 1587 1691 Commotio
1609 1618 1791 1684 enim
1823 1616 2134 1683 tonitruit
2155 1614 2384 1683 turbat
2410 1616 2744 1704 praecipue

1200 1727 1487 1795 humida
1516 1733 1584 1792 et
1606 1733 1859 1804 tenera,
1902 1732 1970 1792 et
2004 1723 2164 1791 facit
2209 1723 2280 1789 in
2310 1722 2406 1789 eis
2455 1721 2749 1789 disloca-

1203 1836 1460 1903 tionem
1526 1840 1593 1901 et
1641 1832 2174 1922 corruptionem,
2250 1831 2565 1919 quamvis
2638 1835 2746 1894 te-

1205 1952 1378 2011 stam
1396 1950 1676 2033 propter
1689 1942 1794 2007 sui
1816 1937 2261 2007 subtilitatem
2278 1959 2418 2006 non
2449 1936 2751 2003 invenia-

1199 2059 1313 2118 tur
1340 2071 1799 2138 corrumpere.
1836 2045 2186 2114 Animalia
2213 2053 2441 2113 tamen
2482 2066 2633 2135 quae
2663 2043 2747 2111 ab

1197 2158 1517 2247 Antiquis
1554 2163 1882 2224 vocantur
1920 2152 2174 2222 rabam
2240 2162 2307 2221 et
2343 2163 2578 2229 enata,
2622 2150 2753 2219 hoc

1200 2257 1324 2343 est',
1380 2286 1452 2332 se
1508 2261 2018 2342 abscondentia,
2072 2262 2411 2351 praecipue
2458 2259 2753 2327 educunt

1200 2370 1424 2462 pullos
1455 2371 1524 2436 in
1575 2376 1831 2447 aestate,
1870 2376 1936 2434 et
1996 2366 2223 2433 minus
2269 2373 2467 2433 nocet
2504 2366 2601 2432 eis
2642 2373 2753 2432 to-

1198 2479 1493 2556 nitruus,
1527 2498 1732 2567 quam
1784 2474 1959 2541 aliis.
2012 2473 2098 2540 Et
2136 2472 2446 2564 quaedam
2481 2471 2752 2540 illorum

1198 2583 1627 2661 animalium,
1661 2582 1837 2649 sicut
1863 2579 2026 2649 dicit
2071 2580 2447 2658 Avicenna,
2498 2602 2756 2647 vocan-

1201 2702 1314 2759 tur
1336 2687 1866 2780 cltyclaeelincleeS,
1902 2709 2053 2777 quae
2087 2695 2246 2754 sunt
2280 2710 2440 2754 aves
2479 2709 2755 2777 compo-

1198 2801 1343 2865 sitae
1409 2820 1493 2862 ex
1530 2817 1767 2863 ansere
1798 2802 1867 2861 et
1893 2792 2306 2872 struthione,
2355 2816 2508 2885 qum
2546 2795 2749 2861 etiam

1200 2908 1269 2974 in
1308 2911 1539 2972 aestate
1569 2900 1793 2992 pullos
1826 2899 2148 2968 educunt.

1294 3010 1374 3077 ln
1451 3007 1770 3077 omnibus
1838 3017 2067 3076 autem
2138 3007 2380 3076 avibus
2463 3008 2754 3075 foeminae

1204 3140 1473 3208 semper
1503 3116 1720 3208 magis
1762 3117 2203 3184 inveniuntur
2239 3118 2415 3185 circa
2465 3140 2753 3185 ovorum

1204 3228 1607 3310 custodiam,
1641 3248 1848 3317 quam
1880 3248 2104 3293 mares
2138 3247 2153 3293 ε
2182 3225 2497 3316 quaedam
2529 3235 2753 3294 tamen

1204 3336 1394 3405 nullo
1436 3335 1644 3403 modo
1686 3333 2078 3402 custodiunt
2109 3358 2188 3400 ea
2219 3334 2349 3401 nisi
2391 3358 2510 3425 per
2538 3334 2762 3403 occul-

1205 3445 1558 3526 tationem,
1592 3465 1717 3512 nec
1747 3443 2192 3511 inveniuntur
2225 3442 2456 3512 fovere
2493 3468 2600 3522 ea,
2635 3444 2762 3512 sic-

1204 3562 1282 3620 ut
1332 3550 1650 3629 struthio,
1700 3547 1820 3617 sed
1878 3549 1948 3617 in
1988 3548 2141 3618 loco
2190 3549 2412 3619 calido
2453 3551 2650 3641 ponit
2677 3572 2760 3619 ea

1208 3658 1334 3727 sub
1375 3681 1603 3735 arena,
1636 3656 1752 3724 ubi
1775 3654 1942 3746 pulli
1986 3678 2107 3747 per
2142 3654 2439 3725 calorem
2470 3656 2635 3725 solis
2653 3656 2763 3723 vi-

1210 3768 1572 3835 vificantur
1599 3773 1664 3832 et
1692 3772 1944 3832 exeunt
1981 3787 1997 3832 :
2039 3773 2107 3833 et
2137 3764 2290 3832 ideo
2320 3766 2758 3856 proverbium

1212 3881 1338 3957 est,
1392 3872 1578 3964 quod
1627 3897 1661 3937 ι
1696 3870 1981 3939 duratur
2036 3870 2117 3938 ad
2170 3895 2328 3951 ova,
2371 3872 2567 3963 quasi
2623 3896 2760 3940 nnn

1211 3983 1349 4050 sint
1375 4002 1499 4048 sua
1541 4001 1557 4046 ε
1598 4005 1630 4044 ι
1663 3976 1807 4047 haec
1846 3977 2030 4046 enirn
2074 3979 2221 4046 avis
2267 3989 2596 4047 exeuntes
2624 4001 2762 4046 non

1210 4089 1428 4179 pascit
1457 4086 1657 4166 lilios,
1691 4086 1849 4178 quia
1870 4107 1989 4177 per
2016 4107 2089 4152 se
2118 4086 2349 4153 statim
2372 4088 2513 4154 nati
2542 4109 2767 4154 come-

1214 4197 1410 4278 dunt,
1433 4204 1497 4264 et
1525 4196 1905 4265 fomentum
1927 4196 2166 4263 matris
2197 4218 2333 4264 non
2355 4195 2612 4264 valeret
2638 4198 2759 4272 eis.

1214 4304 1376 4394 quia
1403 4301 1539 4370 fere
1579 4302 1854 4370 estsine
1886 4301 2162 4391 plumis,
2214 4310 2283 4370 et
2324 4324 2574 4394 corpus
2596 4301 2762 4392 pulli

1213 4411 1461 4502 operiri
1504 4432 1641 4477 non
1680 4417 1933 4498 posset,
1984 4417 2048 4475 et
2080 4408 2135 4475 si
2168 4409 2464 4500 operiret
2511 4410 2760 4499 ipsum,

1214 4516 1513 4608 pondi-re
1559 4517 1862 4605 corporis
1900 4524 2241 4604 gravaret.
2285 4515 2486 4594 Quod
2536 4525 2764 4583 autem

1214 4623 1460 4691 dicitur
1496 4624 1649 4691 visu
1687 4623 1916 4691 fovere
1955 4644 2087 4690 ova
2135 4644 2258 4689 sua
2306 4621 2625 4701 struthio,
2659 4621 2766 4689 ia-

1215 4728 1376 4797 bula
1416 4738 1512 4797 est
1556 4728 1723 4797 falsa
1758 4752 1773 4798 :
1836 4728 2163 4819 quoniam
2206 4726 2373 4796 nihil
2423 4728 2627 4797 cubat
2654 4730 2767 4796 vi-

1215 4858 1319 4912 su,
1354 4834 1472 4903 sed
1502 4835 1672 4902 sorte
1704 4859 1855 4903 raro
1896 4831 2227 4902 incubans
2256 4834 2339 4901 ad
2373 4837 2515 4926 ipsa
2546 4835 2768 4926 adspi-

1216 4943 1307 5011 cit
1342 4952 1619 5035 propter
1664 4941 2076 5023 custodiam,
2118 4950 2296 5009 etex
2349 4941 2479 5012 hoc
2518 4942 2766 5031 vulgus

1218 5051 1609 5141 imperitum
1633 5059 1795 5139 puta
1820 5048 2007 5141 quod
2032 5049 2183 5117 visu
2214 5047 2465 5117 foveat.

1305 5166 1618 5257 Amplius
1649 5174 1878 5232 autem
1929 5165 2253 5232 animalia
2284 5166 2583 5233 inllativa
2615 5188 2763 5257 quae

1215 5272 1564 5340 inflatione
1603 5280 1667 5338 et
1689 5271 2418 5363 ventositatequadam
2448 5295 2576 5341 ova
2607 5296 2768 5341 con-

1213 5379 1500 5466 cipiunt,
1533 5388 1598 5446 et
1620 5379 1770 5445 ideo
1790 5379 2112 5466 instaura
2140 5378 2480 5458 dicuntur,
2500 5389 2564 5448 et
2586 5380 2767 5448 (ira--

1215 5506 1290 5551 ce
1352 5496 1635 5554 vocatur
1697 5485 1985 5562 zamae,
2050 5487 2347 5554 maxime
2402 5508 2536 5554 ova
2579 5489 2764 5555 venti

1218 5593 1608 5682 concipiunt
1640 5594 1707 5661 in
1748 5601 2106 5660 autumnio
2153 5592 2360 5661 ssante
2390 5602 2596 5661 vento
2635 5617 2765 5662 au-

1220 5698 1436 5764 strino
1472 5720 1488 5766 :
1520 5696 1631 5766 hic
1670 5700 1853 5766 enim
1893 5696 2111 5787 aperit
2162 5719 2449 5789 corpora
2502 5699 2759 5778 avium,
2791 5716 2796 5722 ·

1222 5812 1289 5873 et
1318 5802 1664 5874 humectat
1690 5813 1756 5874 et
1785 5804 2147 5874 imcundat.
2183 5803 2267 5873 Et
2303 5814 2611 5898 tempore
2647 5829 2766 5874 au·

4278 487 4406 554 329

2844 658 2979 716 tem
3019 654 3330 719 autumni
3364 652 3668 721 abundat
3708 655 3776 720 in
3817 655 3912 721 eis
3953 654 4129 721 sicca
4157 663 4406 722 vento-

2845 758 3030 835 sitaS‚
3064 766 3132 825 et
3161 756 3414 826 humor
3443 759 3718 848 quidem
3771 762 4144 829 concrescit
4174 761 4397 831 calore

2846 864 3029 927 venti
3074 865 3385 930 austrini.
3448 865 3841 932 Ventositas
3893 876 4121 934 autem
4165 878 4396 937 movet

2847 992 3028 1049 eum,
3056 979 3121 1037 et
3158 973 3458 1040 extendit
3488 974 3812 1064 genitalia
3860 998 3873 1041 :
3923 983 3990 1041 et
4018 986 4177 1044 tunc
4214 980 4401 1045 exci-

2847 1084 3024 1144 tatur
3051 1077 3287 1158 libido,
3322 1089 3392 1148 et
3420 1092 3840 1172 praeparatur
3876 1083 4158 1150 mat‘eria
4189 1106 4402 1174 gene-

2847 1186 3152 1267 rationiS,
3190 1199 3255 1255 et
3296 1191 3717 1257 formaturin
3751 1213 3906 1258 ova.

2938 1293 3268 1373 Quaedam
3309 1305 3539 1364 autem
3571 1321 3730 1365 aves
3761 1306 4131 1388 segregatae
4172 1323 4210 1366 a
4250 1309 4405 1368 ma-

2849 1401 3034 1469 ribus
3099 1405 3307 1471 etiam
3360 1427 3491 1473 ova
3550 1408 3733 1472 venti
3793 1407 4051 1473 faciunt
4091 1409 4157 1473 in
4215 1431 4398 1488 vere,

2850 1509 3121 1597 quando
3168 1512 3505 1601 recipiunt
3552 1521 3832 1580 ventum
3867 1515 4248 1581 austrinum
4287 1538 4404 1583 ca-

2849 1616 2991 1684 lore
3038 1624 3105 1685 et
3160 1618 3450 1688 humore
3508 1629 3900 1690 moventem
3950 1623 4035 1689 ad
4088 1631 4402 1691 naturam

2849 1725 3333 1814 generationis.

2940 1832 3184 1901 Adhuc
3212 1843 3442 1902 autem
3476 1837 3845 1927 aliquando
3876 1837 3962 1905 ad
3983 1846 4236 1906 tactum
4267 1861 4409 1906 ma-

2853 1962 2981 2006 nus
3018 1962 3224 2030 supra
3269 1963 3506 2022 anum,
3559 1952 3627 2012 et
3684 1967 3806 2036 per
3844 1945 4402 2013 confricationem

2855 2050 3188 2116 excitatur
3218 2050 3287 2116 in
3337 2050 3581 2118 avibus
3621 2051 3858 2129 libido,
3921 2076 4072 2143 qnae
4129 2053 4409 2123 attrahit

2855 2161 3209 2227 materiam
3239 2171 3610 2251 conceptus
3639 2171 3707 2231 et
3734 2163 4067 2230 formatur
4098 2165 4163 2231 in
4197 2187 4406 2232 ovum

2854 2267 3065 2344 venti,
3099 2266 3276 2334 sicut
3308 2288 3393 2334 ex
3425 2274 3607 2335 tactu
3650 2267 3957 2336 mulieris
4007 2270 4077 2335 in
4111 2291 4226 2337 ore
4258 2268 4420 2336 vul-

2855 2395 2958 2439 va·
2988 2395 3223 2441 semen
3263 2375 3624 2443 adducitur
3665 2377 4157 2446 insoeeundum.

2946 2481 3335 2573 Aliquando
3356 2486 3562 2552 etiam
3603 2509 3760 2564 ova,
3787 2508 3940 2576 qua·-
3971 2494 4047 2553 ut
4068 2509 4200 2554 ova
4231 2487 4416 2555 venti

2855 2590 3360 2680 concipiuntur,
3381 2590 3754 2683 aliquando
3776 2593 4180 2683 pullificant,
4207 2616 4420 2683 quan-

2857 2695 2945 2762 do
2977 2705 3129 2785 post
3157 2706 3563 2786 conceptum
3587 2706 3844 2765 tactum
3863 2699 4063 2767 fuerit
4094 2722 4132 2766 a
4158 2700 4416 2767 semine

2858 2803 3014 2893 galli
3038 2806 3182 2872 sive
3213 2805 3523 2872 maseuli.
3560 2807 3909 2896 Contingit
3941 2815 4167 2873 autem
4202 2809 4418 2875 etiam

2858 2934 2989 2976 ova
3018 2934 3101 2977 ex
3141 2912 3326 2979 coitu
3359 2910 3650 2979 formata
3691 2921 3756 2981 et
3786 2923 4111 3005 concepta
4143 2913 4414 2981 alterari

2859 3019 2943 3085 ad
3016 3019 3442 3086 sterilitatem
3517 3042 3811 3087 ovorum
3878 3023 4093 3098 venti,
4138 3020 4411 3111 quando

2859 3127 3177 3194 citrinum
3210 3124 3292 3193 ad
3326 3124 3650 3194 albumen
3692 3150 3812 3218 per
3860 3129 4416 3219 evaporationem

2859 3235 3106 3302 caloris
3152 3243 3673 3304 transmutatur.
3720 3235 3868 3304 Ova
3929 3243 4193 3304 tantum
4237 3239 4420 3305 venti

2864 3342 3162 3409 maxime
3193 3365 3278 3409 ex
3309 3351 3516 3410 vento
3549 3344 4028 3434 concipiuntur
4058 3346 4125 3412 in
4157 3344 4421 3412 avibus.

2863 3448 3037 3515 Rara
3087 3449 3270 3517 enim
3320 3471 3611 3540 corpora
3669 3447 3923 3518 habent
3983 3457 4048 3518 et
4107 3473 4325 3528 aerea,
4361 3460 4427 3518 et

2862 3552 3090 3621 locum
3120 3555 3234 3622 ani
3263 3577 3385 3645 per
3406 3577 3611 3646 quem
3645 3556 4040 3646 concipiunt
4077 3564 4284 3624 vento
4315 3580 4432 3625 ex-

2864 3662 3163 3752 positum
3198 3684 3215 3730 :
3269 3670 3549 3754 propter
3575 3663 3761 3753 quod
3800 3671 4007 3731 vento
4037 3664 4244 3731 etiam
4277 3687 4428 3731 mo·

2863 3776 3113 3836 ventur
3147 3768 3232 3834 ad
3282 3767 3662 3844 libidinem,
3697 3779 3764 3837 et
3795 3770 4095 3839 materiae
4131 3793 4424 3861 genera-

2866 3878 3073 3944 tionis
3128 3879 3601 3946 attractionem
3638 3900 3655 3945 :
3717 3878 3893 3946 sicut
3931 3880 4137 3946 etiam
4178 3877 4429 3946 mulie-

2870 4008 2973 4051 res
3004 3993 3210 4051 vento
3240 3986 3551 4053 austrino
3580 3985 3826 4054 vulvas
3853 3986 4231 4077 aperientes
4263 3986 4426 4055 libi-

2866 4092 3022 4159 dine
3050 4091 3275 4160 coitus
3313 4080 3758 4171 delectantur,
3812 4101 3880 4160 et
3926 4092 4293 4161 attrahitur
4326 4096 4427 4161 eis

2869 4205 3326 4264 menstruum.
3363 4195 3468 4264 Fit
3496 4206 3728 4265 autem
3769 4195 3900 4264 hoc
3937 4196 4326 4288 frequenter
4355 4199 4424 4266 in

2869 4302 3112 4370 avibus
3185 4312 3467 4394 propter
3518 4303 3829 4372 volatum
3892 4314 3956 4372 et
4025 4305 4424 4373 continuum

2869 4406 3101 4475 cauda}
3142 4418 3436 4490 motum,
3489 4416 3769 4500 propter
3824 4430 4028 4501 quem
4070 4410 4275 4476 etiam
4317 4418 4427 4476 at-

2869 4513 3158 4582 trabitur
3184 4537 3422 4583 semen
3444 4517 3528 4583 ad
3554 4518 3867 4583 matrices
3888 4539 4148 4582 earum.
4185 4516 4427 4583 Fremi-

2871 4643 2974 4689 nae
3004 4623 3190 4689 enim
3230 4622 3466 4690 avium
3505 4621 3856 4690 testiculos
3922 4620 4178 4690 liabent
4225 4644 4431 4713 super

2868 4729 3182 4807 caudam.
3213 4737 3284 4796 et
3311 4730 3384 4796 in
3414 4730 3735 4797 exteriori
3763 4729 4096 4820 corporis,
4130 4728 4248 4798 sed
4287 4752 4431 4798 ma-

2870 4859 2975 4903 res
3004 4834 3256 4904 liabent
3286 4837 3570 4906 interius
3591 4838 3660 4904 in
3682 4836 3833 4904 loco
3850 4836 3965 4903 ubi
3987 4836 4139 4903 aliis
4165 4839 4428 4906 anima·

2866 4944 3046 5013 libus
3073 4945 3182 5012 siti
3212 4954 3375 5014 sunt
3404 4968 3622 5015 renes.

2959 5053 3244 5123 Gallinae
3272 5064 3503 5124 autem
3543 5061 3806 5123 veteres
3842 5054 4178 5146 praecipue
4217 5063 4425 5126 ovant

2870 5157 2937 5225 in
2978 5159 3311 5250 principio
3361 5160 3567 5234 veris.
3628 5182 3712 5227 eo
3760 5158 3947 5250 quod
3994 5168 4156 5226 tunc
4202 5157 4423 5227 calido

2869 5263 3154 5335 humido
3220 5265 3556 5357 frigiditas
3625 5264 4123 5357 complexionis
4187 5288 4424 5334 earum

2868 5382 3309 5465 temperatur.
3337 5373 3622 5442 Gallina·
3653 5381 3881 5440 antem
3904 5373 4195 5462 juvenes
4216 5383 4424 5442 ovant

2871 5484 2937 5551 in
2966 5489 3224 5563 aestate,
3268 5482 3545 5574 quando
3600 5482 3987 5573 superfluus
4034 5479 4283 5550 humor
4308 5503 4426 5549 ex-

2866 5590 3158 5659 siccatur
3186 5591 3256 5657 in
3286 5591 3412 5658 eis.
3445 5587 3672 5657 Ovant
3699 5596 3930 5656 autem
3961 5589 4166 5657 etiam
4199 5589 4268 5656 in
4307 5610 4426 5656 au-

2866 5706 3132 5766 tumno.

2957 5803 3201 5872 Adhuc
3229 5811 3460 5872 autem
3495 5803 3781 5870 minoris
3832 5808 3990 5868 sunt
4030 5800 4425 5891 quantitatis
