4919 6371
2059 284 2229 352 mn.
2284 283 2312 349 1
2367 282 2484 348 DE
2530 279 3128 367 ANlMALIBUS,

1209 473 1273 531 et
1311 462 1441 529 hoc
1499 467 1602 527 est
1667 466 1917 534 venter,
1961 456 2125 544 quia
2175 462 2333 545 post
2372 455 2763 547 ingressum

1209 569 1385 637 cibi
1368 590 1441 633 ιιι
1471 588 1576 643 os,
1622 565 1913 631 mittitur
1942 563 2012 630 in
2050 571 2389 645 ventrem,
2433 573 2503 633 et
2539 572 2769 631 trans-

1209 679 1263 744 it
1302 698 1421 764 per
1452 676 1701 762 ipsum.

1301 779 1785 868 Superssuitas
1819 786 2051 846 autem
2111 801 2263 869 quae
2317 746 2674 867 separatur
2728 798 2769 842 a

1211 887 1362 954 cibo
1415 883 1739 975 digesto
1723 896 1809 952 ιιι
1847 883 2288 965 animalibuS,
2344 891 2445 949 est
2477 881 2769 970 duplicis

1206 990 1527 1081 generis:
1600 999 1675 1058 et
1746 998 1849 1059 est
1904 987 2243 1080 generale,
2279 984 2468 1075 quod
2533 988 2771 1053 omnia

1210 1095 1535 1163 animalia
1600 1118 1751 1187 quae
1811 1095 2205 1162 distinctum
2260 1089 2517 1158 habent
2545 1113 2775 1159 mem-

1212 1202 1412 1269 brum
1471 1203 1801 1291 recipiens
1859 1208 1926 1267 et
1984 1198 2314 1288 colligens
2354 1204 2419 1264 et
2449 1199 2771 1266 emittens

1215 1308 1757 1400 superfluitatem
1796 1328 1994 1374 suam
2051 1304 2434 1384 humidam,
2514 1303 2790 1375 habent,

1214 1418 1425 1485 etiam
1458 1414 1849 1483 membrum
1881 1413 2212 1504 recipiens
2241 1419 2308 1481 et
2362 1411 2786 1502 recolligens

1209 1532 1275 1593 et
1351 1525 1672 1592 emittens
1739 1522 2283 1612 superfluitatem
2331 1521 2611 1599 siccam,
2652 1518 2812 1587 sed⁴

1208 1653 1347 1699 non
1377 1631 1826 1699 convertitur.
1851 1628 2031 1696 Nam
2071 1626 2331 1695 animal
2356 1624 2624 1695 habens
2643 1648 2768 1694 vas

1213 1741 1545 1830 recipiens
1584 1739 2123 1831 superfluitatem
2163 1739 2437 1816 siccam,
2474 1760 2617 1806 non
2645 1759 2776 1806 ne-

1212 1849 1506 1935 cessario
1539 1845 1745 1914 habet
1779 1867 1901 1913 vas
1939 1845 2274 1935 recipiens
2320 1844 2773 1935 superfluita-
2808 1896 2813 1903 .

1213 1963 1353 2024 tem
1391 1952 1773 2031 humidam,
1807 1974 1890 2020 eo
1921 1951 2106 2041 quod
2161 1951 2597 2040 superfluitas
2627 1952 2776 2041 ejus

1214 2059 1497 2128 humida
1524 2060 1946 2127 immiscetur
1975 2066 2044 2127 et
2068 2058 2462 2126 immittitur
2480 2081 2640 2127 cum
2669 2081 2777 2126 su-

1213 2167 1599 2258 perfluitate
1636 2167 1815 2235 sicca
1847 2187 1863 2233 :
1897 2166 2075 2234 sicut
2102 2186 2263 2234 aves
2291 2188 2444 2256 quae
2475 2189 2624 2247 non
2645 2165 2779 2234 ha-

1217 2276 1379 2346 bent
1425 2277 1728 2346 vesicam
1776 2294 1931 2365 quae
1974 2281 2077 2342 est
2113 2272 2622 2363 receptaculum
2649 2272 2779 2343 hu-

1219 2383 1423 2452 midae
1459 2381 1972 2475 superfluitatis.
2013 2378 2232 2450 Omne
2262 2380 2474 2472 igitur
2501 2378 2776 2449 animal
2804 2436 2812 2444 .

1220 2491 1480 2560 hahens
1516 2493 1840 2573 vesicam,
1871 2488 2083 2558 habet
2117 2495 2428 2559 ventrem
2478 2491 2624 2559 sive
2680 2487 2788 2559 al-.

1220 2622 1386 2668 vum
1451 2598 1886 2668 inferiorem:
1931 2605 2000 2666 et
2052 2619 2190 2666 non
2226 2619 2465 2666 ,omne
2512 2596 2778 2666 habens

1222 2714 1557 2785 ventrem,
1590 2705 1797 2774 habet
1825 2704 2030 2773 etiam
2068 2704 2417 2773 vesicam.-

1222 2940 1381 2986 men
1417 2916 1882 3009 generationis
1907 2936 2245 3007 generans
2280 2937 2465 2985 exse
2503 2913 2783 3006 ,aliquid

1224 3024 1354 3094 sibi
1382 3026 1458 3094 in
1480 3024 1708 3093 forma
1736 3030 1805 3091 et
1830 3024 2053 3113 specie
2090 3021 2313 3092 simile
2352 3022 2637 3111 animal,
2664 3020 2787 3090 ha-

1227 3131 1341 3203 bet
1409 3129 1799 3201 membrum
1875 3128 2291 3199 conveniens
2342 3128 2596 3199 semini
2655 3151 2783 3200 suo

1229 3346 1455 3417 differt
1479 3347 1554 3415 in
1583 3368 1769 3415 mare
1826 3353 1894 3416 et
1918 3344 2224 3415 soemina.
2257 3343 2564 3435 ‚Propter
2598 3344 2790 3437 quod

1231 3454 1588 3527 sciendum
1633 3463 1762 3533 est,
1829 3452 2017 3545 quod
2064 3475 2289 3524 ‚omne
2324 3451 2790 3525 masculinnm

1228 3562 1300 3630 in
1363 3583 1616 3655 genere
1671 3559 2077 3631 animalium
2131 3560 2462 3640 existens,
2505 3567 2794 3652 generat

1231 3668 1564 3759 ejiciendo
1620 3689 1827 3737 suum
1892 3688 2131 3738 semen
2204 3667 2277 3735 in
2321 3688 2520 3735 suam
2560 3666 2814 3750 smmi-1

1239 3797 1426 3843 nam.
1462 3773 1774 3845 Foemina
1798 3780 2030 3843 autem
2062 3795 2202 3841 non
2230 3772 2444 3862 ejicit,
2490 3772 2613 3843 sed
2654 3772 2794 3842 im·

1240 3883 1447 3953 mittit
1471 3882 1780 3951 decisum
1808 3903 1850 3949 a
1884 3902 1959 3949 se
1985 3902 2220 3949 semen
2250 3881 2321 3949 in
2385 3901 2604 3964 suam,
2645 3901 2794 3949 ma-

1234 4201 1368 4274 hoc
1396 4210 1503 4271 est
1534 4199 1867 4292 anguilla.

1322 4309 1576 4381 Adhuc
1610 4317 1842 4381 autem
1878 4330 2087 4379 omne
2114 4261 2371 4377 animal
2400 4255 2667 4378 habens
2697 4331 2820 4382 se·.

1244 4443 1403 4491 men
1432 4428 1501 4488 et
1522 4440 1858 4511 generans
1885 4440 1974 4487 ex
2002 4438 2075 4487 se
2094 4415 2298 4498 tilios,
2330 4415 2542 4496 habet
2570 4439 2816 4502 mem-,1

1246 4529 1368 4597 bra
1392 4527 1875 4598 convenientia
1910 4532 2175 4596 naturae
2218 4548 2361 4596 suae
2415 4526 2503 4597 ad
2549 4548 2804 4597 conce-

1243 4646 1435 4729 ptum
1464 4644 1534 4708 et
1557 4644 1835 4729 partum
1866 4634 2185 4704 filiorum.
2233 4633 2372 4703 Sed
2409 4633 2561 4705 haec
2587 4656 2807 4704 mem·

1247 4745 1367 4815 bra
1386 4744 1849 4814 diversitatem
1865 4740 2126 4812 habent
2141 4745 2212 4813 in
2234 4743 2464 4813 forma
2488 4750 2561 4813 et
2578 4764 2824 4836 quan-.

1247 4855 1438 4923 titate
1470 4860 1565 4920 -et
1599 4851 1761 4932 situ,
1794 4850 1972 4919 sicut
2033 4858 2102 4919 et
2152 4850 2291 4919 alia
2324 4850 2396 4918 in
2443 4849 2808 4940 speciebus

1249 4962 1535 5031 diversis
1574 4958 2010 5028 animalium.·
2047 4957 2389 5039 Quaedam.
2431 4959 2621 5029 enim
2667 4958 2811 5052 {oe-

1252 5069 1598 5138 minarum
1678 5065 1939 5136 habent
1998 5067 2357 5136 matricem
2421 5065 2807 5135 secundum

1252 5197 1489 5245 veram
1530 5174 1828 5242 matricis
1893 5173 2253 5243 rationem.
2307 5172 2660 5258 Quadam·
2694 5193 2815 5242 au-

1254 5293 1394 5354 tem
1430 5282 1687 5352 habent
1715 5281 2101 5350 membrum
2131 5283 2317 5374 quod
2342 5281 2552 5352 habet
2585 5282 2814 5352 vicem

1257 5388 1573 5457 matricis
1588 5386 1711 5456 sed
1739 5408 1878 5455 non
1914 5406 2149 5455 veram
2198 5387 2537 5456 rationem
2570 5387 2809 5477 ipsius,

3177 280 3485 350 TRACT.
3537 279 3565 346 l
4349 280 4427 346 17

2875 462 2992 521 aut
3045 452 3358 544 pluribus
3423 472 3712 519 eorum:
3777 474 3858 519 eo
3919 448 4102 541 quod
4130 447 4275 516 haec
4312 456 4430 516 aut

2874 564 3143 631 salvant
3197 585 3343 631 esse
3409 559 3766 639 individui,
3847 570 3965 627 aut
4018 560 4308 650 speciei:
4360 565 4430 626 et

2875 671 3021 737 sine
3051 672 3149 736 eis
3176 668 3484 759 perditur
3522 674 3923 756 utrumque,

2966 774 3143 854 Quia
3173 784 3404 843 autem
3442 798 3647 843 omne
3686 772 3939 841 animal
3978 780 4081 841 est
4104 775 4428 840 substan-

2876 885 2987 951 tiae
3024 881 3353 965 humidae,
3389 893 3454 951 et
3482 892 3585 952 est
3614 885 3682 949 in
3722 906 3803 951 eo
3834 883 4021 951 calor
4048 881 4428 949 dissolvens

2878 990 3332 1058 substantiam
3398 989 3752 1058 humidam
3824 990 4062 1080 ipsius,
4113 997 4179 1057 et
4246 988 4431 1056 calor

2879 1100 3055 1167 aeris
3092 1097 3618 1176 circumstantis,
3652 1105 3721 1165 et
3767 1096 3954 1165 calor
3983 1097 4098 1187 qui
4139 1117 4433 1186 genera-

2877 1213 2991 1272 tur
3017 1227 3059 1272 a
3078 1203 3381 1272 motibus
3409 1204 3554 1292 ejus
3577 1203 3990 1292 coadjuvans
4027 1202 4116 1270 ad
4135 1201 4436 1273 dissolu-

2878 1310 3137 1376 tionem
3183 1307 3388 1376 :ideo
3440 1330 3583 1375 non
3637 1306 3939 1374 salvatur
4013 1306 4265 1374 animal
4315 1304 4436 1373 ali-

2878 1415 3065 1506 quod
3092 1417 3241 1485 sine
3269 1416 3713 1484 nutrimento.
3761 1412 4031 1482 Scimus
4082 1420 4311 1481 autem
4349 1435 4436 1481 ex

2878 1524 3344 1594 determinatis
3417 1524 3486 1590 in
3576 1523 3750 1591 libro
3785 1592 3790 1603 ,
3825 1522 3909 1590 de
3967 1522 4429 1599 Nutrimento,

2813 1692 2820 1701 .
2880 1631 3066 1724 quod
3103 1653 3246 1699 non
3283 1632 3498 1721 nutrit
3526 1629 3787 1720 aliquid
3813 1629 3945 1697 nisi
3994 1630 4084 1699 in¹
4141 1651 4278 1719 quo
4335 1634 4438 1696 est

2813 1804 2818 1811 .
2881 1739 3141 1831 aliquid
3183 1740 3439 1833 siccum
3471 1735 4043 1829 incorporabile„
4077 1734 4268 1827 quod
4298 1776 4304 1781 ·
4333 1742 4438 1802 est

2877 1848 3188 1940 potentia
3229 1869 3410 1937 pars,
3453 1844 3689 1914 nutriti
3733 1847 3766 1912 :‘
3812 1866 3991 1934 aqua
4040 1844 4223 1912 enim
4279 1864 4434 1933 quae

2809 2018 2812 2023 ,
2880 1961 3151 2022 tantum
3180 1960 3283 2021 est
3309 1951 3619 2033 humida,
3651 1973 3791 2019 non
3831 1950 4064 2028 nutrit,
4099 1948 4218 2017 sed
4246 1945 4434 2016 vehit

2883 2062 3405 2148 nutrimentum.
3457 2057 3758 2149 *Oportet
3815 2078 3976 2148 ergo
4027 2077 4231 2124 omne
4278 2055 4434 2122 ani-

2883 2167 3023 2236 mal
3059 2165 3313 2235 hahere
3351 2165 3845 2257 nutrimentum
3883 2164 4267 2256 siccum,⁴et
4321 2182 4435 2229 re-

2882 2273 3741 2368 ceptaculumnutrimenti
3770 2270 3927 2342 sicci
3960 2292 3977 2339 ε
4027 2292 4167 2341 ιιοιι
4201 2275 4436 2365 autem

2884 2391 3158 2474 oportet
3179 2403 3399 2449 omne
3437 2379 3693 2449 animal
3737 2376 4007 2461 ,habere
4029 2438 4034 2443 .
4056 2376 4442 2461 nutrimen-,-

2884 2502 3034 2564 tum
3070 2490 3432 2560 humidum
3482 2498 3600 2558 aut
3661 2487 4160 2579 receptaculum
4214 2484 4445 2554 nutri-

2888 2600 3102 2670 menti
3131 2596 3425 2666 humidi.
3460 2594 3661 2677 Quod
3691 2602 3925 2664 autem
3961 2615 4103 2661 non
4143 2590 4449 2662 salvatur

2653 2764 2656 2773 .
2733 2754 2736 2761 J
2807 2754 2812 2763 -
2888 2711 2962 2779 in
3016 2729 3144 2778 suo
3187 2729 3338 2776 esse
3393 2705 3775 2788 individuo,
3863 2709 4129 2794 oportet
4198 2699 4449 2769 salvari

1268 2880 1271 2881 ι
1305 2813 1555 2883 Adhuc
1581 2821 1813 2882 autem
1842 2833 2050 2880 omne
2085 2810 2345 2880 animal
2370 2809 2636 2879 hahens
2673 2832 2812 2893 ‚se-s

2886 2842 3011 2911 per
3037 2814 3575 2908 generationem,
3619 2821 3688 2883 et
3744 2833 3887 2882 non
3932 2817 4111 2880 esset
4168 2830 4452 2901 genera-

2888 2926 2987 2994 tio
3043 2923 3173 2991 nisi
3231 2921 3554 2991 darentur
3635 2918 3948 2988 membra
4023 2915 4448 3010 generationi

2889 3033 3427 3105 convenientia:
3493 3036 3564 3098 et
3636 3027 3791 3097 ideo
3874 3034 4145 3119 oportet
4209 3025 4445 3112 omnia

2809 3203 2810 3210 ,
2892 3139 3219 3210 animalia
3237 3159 3404 3208 vasa
3442 3135 3695 3206 habere
3748 3134 4120 3214 seminaria
4174 3140 4245 3204 et
4289 3153 4455 3203 con-

1234 3239 1419 3331 quod
1466 3247 1754 3309 vocatur
1802 3261 1923 3307 vas
1956 3237 2453 3306 seminarium:
2491 3237 2617 3306 sed
2652 3236 2810 3307 hocf

2893 3256 3133 3339 ceptus
3162 3255 3232 3315 et
3264 3253 3502 3338 partus
3553 3265 3706 3336 quae
3763 3242 4084 3312 diximus.
4135 3241 4267 3312 Per
4320 3237 4455 3309 hoc

2897 3358 3113 3448 igitur
3146 3360 3336 3446 patet
3378 3352 3698 3445 probatio
3729 3349 4187 3420 inductorum.

2986 3458 3308 3551 Amplius
3325 3466 3558 3529 autem
3586 3478 3810 3549 genus
3838 3455 4022 3547 quod
4057 3462 4161 3526 est
4215 3452 4460 3543 subje-

2900 3578 3087 3640 ctum
3117 3566 3425 3659 primum
3472 3563 3660 3658 quod
3721 3561 4082 3655 subjicitur
4141 3564 4213 3631 in
4264 3563 4458 3631 omni

2898 3675 3212 3756 animali,
3244 3681 3349 3744 est
3373 3694 3618 3742 sensus
3641 3678 3890 3751 taetus,
3919 3677 4224 3763 propter.
4252 3689 4459 3762 quem

2900 3782 3156 3853 animal
3185 3789 3291 3853 est
3346 3779 3600 3851 animal
3641 3801 3661 3847 ε
3703 3786 3771 3848 et
3827 3785 4098 3870 oportet
4151 3775 4339 3868 quod
4372 3776 4463 3845 sit

2815 3941 2820 3954 .
2904 3891 2978 3959 in
3004 3909 3092 3958 eo
3118 3886 3403 3978 aliquod
3429 3883 3847 3964 membrum,
3882 3884 3953 3952 in
3988 3905 4130 3975 quo
4182 3881 4358 3951 sicut
4387 3881 4459 3949 in

1236 3989 1501 4059 tricem.
1535 3986 1889 4057 Invenitur
1924 3994 2156 4056 tamen
2209 3984 2467 4055 animal
2496 3986 2583 4057 de
2646 4007 2816 4077 quo¹

1237 4095 1459 4165 adhuc
1497 4116 1633 4164 non
1670 4094 2008 4184 apparuit
2050 4115 2200 4161 mas
2227 4101 2348 4163 aut
2374 4091 2682 4172 l'oemina,
2725 4100 2816 4178 et>

2901 3995 3364 4063 instrumento
3402 3997 3471 4061 et
3505 3988 3687 4059 sicut
3709 3988 3783 4056 in
3811 3983 4041 4058 medio
4068 3986 4158 4055 sit
4184 3991 4405 4055 tactus
4439 4006 4457 4054 ε

2903 4107 2973 4170 et
3000 4098 3136 4170 hoc
3172 4097 3453 4189 quidem
3481 4094 3872 4167 membrum
3925 4115 4067 4165 non
4093 4091 4302 4162 habet
4328 4113 4465 4162 no-

2905 4228 3068 4276 men
3105 4226 3500 4284 commune,
3577 4202 3765 4295 quod
3811 4199 4188 4271 secundum
4219 4259 4222 4264 .
4250 4220 4463 4268 unam

2910 4314 3249 4384 rationem
3322 4310 3687 4381 conveniat
3748 4306 4069 4379 omnibus
4139 4303 4469 4376 membris

2908 4419 3316 4491 animalium
3373 4419 3448 4488 in
3473 4457 3478 4462 ·
3501 4415 3755 4509 quibus
3789 4423 3897 4486 est
3927 4422 4187 4487 uetus:
4229 4412 4364 4486 ‚sod
4397 4414 4470 4482 in

2910 4526 3149 4597 multis
3170 4523 3499 4595 convenit
3521 4524 3592 4591 in
3620 4544 3762 4592 uno
3783 4521 4062 4593 nomine
4088 4527 4158 4590 et
4177 4519 4468 4598 ratione,

2911 4635 3034 4704 sed
3068 4636 3142 4702 in
3180 4632 3334 4702 aliis
3381 4638 3485 4701 est
3524 4628 3786 4724 aliquid
3835 4626 4060 4698 simile
4104 4626 4229 4710 illi,
4285 4625 4475 4718 quod

2914 4764 3055 4812 non
3082 4739 3295 4810 habet
3325 4748 3560 4809 tamen
3587 4757 3844 4808 nomen
3873 4737 4046 4826 ejus,
4098 4753 4324 4825 neque
4351 4731 4478 4801 ha-

2913 4848 3084 4919 bet
3066 4848 3278 4939 ipsius
3306 4845 3609 4915 nominis
3662 4843 3938 4937 plenam
3992 4851 4062 4913 et
4102 4842 4473 4912 univocam

2914 4957 3283 5024 rationem.
3341 4973 3346 4982 ·
4053 5010 4061 5016 ,
4207 4977 4208 4982 ,

2983 5062 3253 5131 Adhuc
3280 5067 3511 5130 autem
3560 5061 3632 5127 in
3679 5057 4001 5126 omnibus
4063 5001 4480 5125 animalibus

2918 5180 3022 5242 est
3083 5169 3459 5239 humiditas
3502 5190 3656 5258 quae
3684 5175 3810 5238 est
3847 5164 4226 5256 subjectum
4288 5162 4475 5243 vitae,

2921 5301 3059 5371 qua
3093 5275 3372 5369 quando
3401 5276 3696 5345 caruerit
3722 5272 4002 5352 animal,
4034 5278 4155 5339 aut
4199 5269 4478 5362 quando

2919 5387 3248 5457 exsiccari
3275 5385 3539 5477 incipit,
3570 5383 3970 5455 destruitur.
3985 5379 4240 5449 animal
4264 5385 4358 5448 et
4379 5399 4485 5446 se-

1256 5492 1425 5563 Haec
1445 5493 1658 5585 igitur
1694 5473 2004 5563 membra
2029 5499 2217 5572 sunt,
2250 5514 2427 5584 quae
2422 5491 2553 5561 vel
2581 5492 2820 5562 omni-
2922 5495 3176 5579 nescit,¹
3195 5492 3485 5563 tendens
3511 5489 3601 5562 ad
3625 5490 4176 5580 corruptionem..
4200 5487 4401 5557 sicut
4394 5485 4487 5553 in

1260 5603 1389 5673 bus
1445 5600 1863 5673 animalibus
1915 5604 2338 5674 conveniunt
2392 5602 2813 5683 necessario,

1480 5753 1540 5794 11

2925 5601 3119 5672 libris
3166 5600 3252 5670 de
3293 5601 3520 5671 Caura
3547 5598 3705 5667 vite
3736 5591 4070 5688 longioris
4120 5592 4491 5686 probatum

4166 5728 4203 5784 2
