<?xml version="1.0" encoding="UTF-8"?>
<!DOCTYPE html PUBLIC "-//W3C//DTD XHTML 1.0 Transitional//EN"
    "http://www.w3.org/TR/xhtml1/DTD/xhtml1-transitional.dtd">
<html xmlns="http://www.w3.org/1999/xhtml" xml:lang="en" lang="en">
 <head>
  <title>
</title>
<meta http-equiv="Content-Type" content="text/html;charset=utf-8" />
  <meta name='ocr-system' content='tesseract 3.04.00' />
  <meta name='ocr-capabilities' content='ocr_page ocr_carea ocr_par ocr_line ocrx_word'/>
</head>
<body>
  <div class='ocr_page' id='page_1' title='image "balbertimagnira01chgoog_0327.png"; bbox 0 0 4919 6371; ppageno 0'>
   <div class='ocr_carea' id='block_1_1' title="bbox 2002 414 3532 492">
    <p class='ocr_par' dir='ltr' id='par_1_1' title="bbox 2002 414 3532 492">
     <span class='ocr_line' id='line_1_1' title="bbox 2002 414 3532 492; baseline -0.005 -4"><span class='ocrx_word' id='word_1_1' title='bbox 2002 421 2172 489; x_wconf 59' lang='lat'>12113.</span> <span class='ocrx_word' id='word_1_2' title='bbox 2229 420 2287 485; x_wconf 90' lang='lat' dir='ltr'>V</span> <span class='ocrx_word' id='word_1_3' title='bbox 2338 419 2456 486; x_wconf 91' lang='lat' dir='ltr'>DE</span> <span class='ocrx_word' id='word_1_4' title='bbox 2508 416 3095 492; x_wconf 78' lang='lat' dir='ltr'>ANlMALlBUS.</span> <span class='ocrx_word' id='word_1_5' title='bbox 3144 415 3454 484; x_wconf 82' lang='lat' dir='ltr'>TRACT.</span> <span class='ocrx_word' id='word_1_6' title='bbox 3511 414 3532 480; x_wconf 93' lang='grc'>1</span> 
     </span>
    </p>
   </div>
   <div class='ocr_carea' id='block_1_2' title="bbox 1142 592 2713 3907">
    <p class='ocr_par' dir='ltr' id='par_1_2' title="bbox 1142 592 2713 3907">
     <span class='ocr_line' id='line_1_2' title="bbox 1152 592 2699 686; baseline -0.006 -16"><span class='ocrx_word' id='word_1_7' title='bbox 1152 603 1390 671; x_wconf 87' lang='lat' dir='ltr'>teriam</span> <span class='ocrx_word' id='word_1_8' title='bbox 1433 595 1889 686; x_wconf 78' lang='lat' dir='ltr'>generationis</span> <span class='ocrx_word' id='word_1_9' title='bbox 1924 592 1989 658; x_wconf 92' lang='lat' dir='ltr'>in</span> <span class='ocrx_word' id='word_1_10' title='bbox 2031 592 2138 658; x_wconf 80' lang='lat' dir='ltr'>ovi</span> <span class='ocrx_word' id='word_1_11' title='bbox 2163 592 2699 660; x_wconf 86' lang='lat' dir='ltr'>similitudinem.</span> 
     </span>
     <span class='ocr_line' id='line_1_3' title="bbox 1159 699 2709 792; baseline -0.008 -16"><span class='ocrx_word' id='word_1_12' title='bbox 1159 708 1489 775; x_wconf 83' lang='lat' dir='ltr'>Videmus</span> <span class='ocrx_word' id='word_1_13' title='bbox 1520 702 1701 769; x_wconf 88' lang='lat' dir='ltr'>enim</span> <span class='ocrx_word' id='word_1_14' title='bbox 1743 723 1921 790; x_wconf 78' lang='lat' dir='ltr'>saepe</span> <span class='ocrx_word' id='word_1_15' title='bbox 1953 700 2267 792; x_wconf 79' lang='lat' dir='ltr'>quwdam</span> <span class='ocrx_word' id='word_1_16' title='bbox 2298 722 2545 791; x_wconf 83' lang='lat' dir='ltr'>genera</span> <span class='ocrx_word' id='word_1_17' title='bbox 2562 699 2709 766; x_wconf 84' lang='lat' dir='ltr'>avi-</span> 
     </span>
     <span class='ocr_line' id='line_1_4' title="bbox 1148 807 2708 900; baseline -0.007 -19"><span class='ocrx_word' id='word_1_18' title='bbox 1148 838 1293 891; x_wconf 84' lang='lat' dir='ltr'>um,</span> <span class='ocrx_word' id='word_1_19' title='bbox 1336 813 1509 879; x_wconf 88' lang='lat' dir='ltr'>sicut</span> <span class='ocrx_word' id='word_1_20' title='bbox 1557 808 1848 900; x_wconf 79' lang='lat' dir='ltr'>gallinas</span> <span class='ocrx_word' id='word_1_21' title='bbox 1888 817 2233 900; x_wconf 86' lang='lat' dir='ltr'>separatas</span> <span class='ocrx_word' id='word_1_22' title='bbox 2301 832 2339 875; x_wconf 90' lang='lat' dir='ltr'>a</span> <span class='ocrx_word' id='word_1_23' title='bbox 2377 807 2596 898; x_wconf 83' lang='lat' dir='ltr'>gallis,</span> <span class='ocrx_word' id='word_1_24' title='bbox 2642 813 2708 871; x_wconf 86' lang='lat' dir='ltr'>et</span> 
     </span>
     <span class='ocr_line' id='line_1_5' title="bbox 1148 915 2704 1012; baseline -0.007 -24"><span class='ocrx_word' id='word_1_25' title='bbox 1148 920 1567 1012; x_wconf 84' lang='lat' dir='ltr'>sperverios‚</span> <span class='ocrx_word' id='word_1_26' title='bbox 1613 925 1676 984; x_wconf 88' lang='lat' dir='ltr'>et</span> <span class='ocrx_word' id='word_1_27' title='bbox 1709 917 2062 985; x_wconf 87' lang='lat' dir='ltr'>columbas</span> <span class='ocrx_word' id='word_1_28' title='bbox 2109 941 2147 985; x_wconf 87' lang='lat' dir='ltr'>a</span> <span class='ocrx_word' id='word_1_29' title='bbox 2180 915 2481 984; x_wconf 88' lang='lat' dir='ltr'>maribus</span> <span class='ocrx_word' id='word_1_30' title='bbox 2509 935 2704 1001; x_wconf 88' lang='lat' dir='ltr'>sepa-</span> 
     </span>
     <span class='ocr_line' id='line_1_6' title="bbox 1147 1020 2709 1111; baseline -0.009 -13"><span class='ocrx_word' id='word_1_31' title='bbox 1147 1039 1324 1098; x_wconf 87' lang='lat' dir='ltr'>ratas</span> <span class='ocrx_word' id='word_1_32' title='bbox 1382 1029 1599 1097; x_wconf 82' lang='lat' dir='ltr'>lacere</span> <span class='ocrx_word' id='word_1_33' title='bbox 1657 1050 1810 1095; x_wconf 80' lang='lat' dir='ltr'>ova.</span> <span class='ocrx_word' id='word_1_34' title='bbox 1876 1027 2011 1095; x_wconf 86' lang='lat' dir='ltr'>Sed</span> <span class='ocrx_word' id='word_1_35' title='bbox 2068 1025 2236 1093; x_wconf 92' lang='lat' dir='ltr'>nibil</span> <span class='ocrx_word' id='word_1_36' title='bbox 2277 1021 2566 1111; x_wconf 84' lang='lat' dir='ltr'>amplius</span> <span class='ocrx_word' id='word_1_37' title='bbox 2615 1020 2709 1086; x_wconf 86' lang='lat' dir='ltr'>fa-</span> 
     </span>
     <span class='ocr_line' id='line_1_7' title="bbox 1152 1132 2711 1226; baseline -0.008 -22"><span class='ocrx_word' id='word_1_38' title='bbox 1152 1160 1300 1204; x_wconf 90' lang='lat' dir='ltr'>cere</span> <span class='ocrx_word' id='word_1_39' title='bbox 1370 1144 1655 1226; x_wconf 82' lang='lat' dir='ltr'>possunt</span> <span class='ocrx_word' id='word_1_40' title='bbox 1713 1137 1859 1202; x_wconf 90' lang='lat' dir='ltr'>sine</span> <span class='ocrx_word' id='word_1_41' title='bbox 1908 1156 2096 1201; x_wconf 88' lang='lat' dir='ltr'>mare</span> <span class='ocrx_word' id='word_1_42' title='bbox 2163 1132 2289 1198; x_wconf 87' lang='lat' dir='ltr'>nisi</span> <span class='ocrx_word' id='word_1_43' title='bbox 2341 1150 2574 1205; x_wconf 82' lang='lat' dir='ltr'>ovum,</span> <span class='ocrx_word' id='word_1_44' title='bbox 2646 1135 2711 1193; x_wconf 92' lang='lat' dir='ltr'>et</span> 
     </span>
     <span class='ocr_line' id='line_1_8' title="bbox 1159 1242 2709 1336; baseline -0.008 -23"><span class='ocrx_word' id='word_1_45' title='bbox 1159 1270 1297 1315; x_wconf 91' lang='lat' dir='ltr'>non</span> <span class='ocrx_word' id='word_1_46' title='bbox 1329 1246 1592 1336; x_wconf 87' lang='lat' dir='ltr'>pullum</span> <span class='ocrx_word' id='word_1_47' title='bbox 1621 1268 1634 1311; x_wconf 92' lang='lat'>:</span> <span class='ocrx_word' id='word_1_48' title='bbox 1683 1244 2008 1335; x_wconf 86' lang='lat' dir='ltr'>quoniam</span> <span class='ocrx_word' id='word_1_49' title='bbox 2041 1247 2279 1306; x_wconf 87' lang='lat' dir='ltr'>natura</span> <span class='ocrx_word' id='word_1_50' title='bbox 2313 1259 2448 1307; x_wconf 88' lang='lat' dir='ltr'>non</span> <span class='ocrx_word' id='word_1_51' title='bbox 2489 1242 2709 1325; x_wconf 85' lang='lat' dir='ltr'>potest</span> 
     </span>
     <span class='ocr_line' id='line_1_9' title="bbox 1156 1342 2708 1445; baseline -0.01 -23"><span class='ocrx_word' id='word_1_52' title='bbox 1156 1352 1500 1445; x_wconf 88' lang='lat' dir='ltr'>complere</span> <span class='ocrx_word' id='word_1_53' title='bbox 1566 1351 1705 1428; x_wconf 87' lang='lat' dir='ltr'>illa,</span> <span class='ocrx_word' id='word_1_54' title='bbox 1771 1371 1978 1416; x_wconf 85' lang='lat' dir='ltr'>ovum</span> <span class='ocrx_word' id='word_1_55' title='bbox 2046 1343 2562 1414; x_wconf 87' lang='lat' dir='ltr'>transmutando</span> <span class='ocrx_word' id='word_1_56' title='bbox 2639 1342 2708 1407; x_wconf 89' lang='lat' dir='ltr'>in</span> 
     </span>
     <span class='ocr_line' id='line_1_10' title="bbox 1151 1450 2708 1552; baseline -0.009 -23"><span class='ocrx_word' id='word_1_57' title='bbox 1151 1460 1443 1552; x_wconf 90' lang='lat' dir='ltr'>pullum,</span> <span class='ocrx_word' id='word_1_58' title='bbox 1478 1461 1623 1526; x_wconf 90' lang='lat' dir='ltr'>sine</span> <span class='ocrx_word' id='word_1_59' title='bbox 1656 1457 1790 1523; x_wconf 87' lang='lat' dir='ltr'>alio</span> <span class='ocrx_word' id='word_1_60' title='bbox 1850 1453 2218 1531; x_wconf 87' lang='lat' dir='ltr'>accidente,</span> <span class='ocrx_word' id='word_1_61' title='bbox 2281 1450 2461 1542; x_wconf 88' lang='lat' dir='ltr'>quod</span> <span class='ocrx_word' id='word_1_62' title='bbox 2510 1451 2584 1517; x_wconf 80' lang='lat' dir='ltr'>sit</span> <span class='ocrx_word' id='word_1_63' title='bbox 2637 1450 2708 1515; x_wconf 92' lang='lat' dir='ltr'>in</span> 
     </span>
     <span class='ocr_line' id='line_1_11' title="bbox 1152 1557 2709 1652; baseline -0.008 -16"><span class='ocrx_word' id='word_1_64' title='bbox 1152 1570 1250 1637; x_wconf 90' lang='lat' dir='ltr'>eis</span> <span class='ocrx_word' id='word_1_65' title='bbox 1290 1591 1373 1635; x_wconf 83' lang='lat' dir='ltr'>ex</span> <span class='ocrx_word' id='word_1_66' title='bbox 1412 1567 1594 1634; x_wconf 90' lang='lat' dir='ltr'>coitu</span> <span class='ocrx_word' id='word_1_67' title='bbox 1655 1563 1983 1630; x_wconf 86' lang='lat' dir='ltr'>masculi:</span> <span class='ocrx_word' id='word_1_68' title='bbox 2042 1561 2123 1629; x_wconf 90' lang='lat' dir='ltr'>de</span> <span class='ocrx_word' id='word_1_69' title='bbox 2184 1561 2428 1652; x_wconf 89' lang='lat' dir='ltr'>quibus</span> <span class='ocrx_word' id='word_1_70' title='bbox 2485 1557 2709 1627; x_wconf 91' lang='lat' dir='ltr'>omni-</span> 
     </span>
     <span class='ocr_line' id='line_1_12' title="bbox 1155 1665 2707 1763; baseline -0.008 -22"><span class='ocrx_word' id='word_1_71' title='bbox 1155 1674 1283 1741; x_wconf 87' lang='lat' dir='ltr'>bus</span> <span class='ocrx_word' id='word_1_72' title='bbox 1312 1670 1820 1763; x_wconf 88' lang='lat' dir='ltr'>speculabimur</span> <span class='ocrx_word' id='word_1_73' title='bbox 1885 1669 2187 1747; x_wconf 75' lang='lat' dir='ltr'>inferius,</span> <span class='ocrx_word' id='word_1_74' title='bbox 2222 1676 2287 1734; x_wconf 90' lang='lat' dir='ltr'>et</span> <span class='ocrx_word' id='word_1_75' title='bbox 2353 1665 2707 1734; x_wconf 76' lang='lat' dir='ltr'>reddemus</span> 
     </span>
     <span class='ocr_line' id='line_1_13' title="bbox 1153 1772 2705 1862; baseline -0.008 -12"><span class='ocrx_word' id='word_1_76' title='bbox 1153 1782 1509 1850; x_wconf 89' lang='lat' dir='ltr'>rationem.</span> <span class='ocrx_word' id='word_1_77' title='bbox 1555 1776 1690 1846; x_wconf 85' lang='lat' dir='ltr'>Sed</span> <span class='ocrx_word' id='word_1_78' title='bbox 1758 1780 1827 1844; x_wconf 89' lang='lat' dir='ltr'>in</span> <span class='ocrx_word' id='word_1_79' title='bbox 1868 1777 2016 1844; x_wconf 90' lang='lat' dir='ltr'>ovis</span> <span class='ocrx_word' id='word_1_80' title='bbox 2046 1776 2379 1841; x_wconf 83' lang='lat' dir='ltr'>dictorum</span> <span class='ocrx_word' id='word_1_81' title='bbox 2421 1772 2705 1862; x_wconf 80' lang='lat' dir='ltr'>piscium</span> 
     </span>
     <span class='ocr_line' id='line_1_14' title="bbox 1160 1879 2708 1974; baseline -0.007 -19"><span class='ocrx_word' id='word_1_82' title='bbox 1160 1888 1330 1955; x_wconf 77' lang='lat' dir='ltr'>forte</span> <span class='ocrx_word' id='word_1_83' title='bbox 1363 1884 1549 1954; x_wconf 89' lang='lat' dir='ltr'>aliud</span> <span class='ocrx_word' id='word_1_84' title='bbox 1578 1891 1722 1953; x_wconf 88' lang='lat' dir='ltr'>est:</span> <span class='ocrx_word' id='word_1_85' title='bbox 1760 1886 1922 1974; x_wconf 89' lang='lat' dir='ltr'>quia</span> <span class='ocrx_word' id='word_1_86' title='bbox 1959 1880 2130 1948; x_wconf 76' lang='lat' dir='ltr'>forte</span> <span class='ocrx_word' id='word_1_87' title='bbox 2159 1881 2348 1946; x_wconf 91' lang='lat' dir='ltr'>estin</span> <span class='ocrx_word' id='word_1_88' title='bbox 2379 1879 2476 1946; x_wconf 91' lang='lat' dir='ltr'>eis</span> <span class='ocrx_word' id='word_1_89' title='bbox 2496 1879 2708 1945; x_wconf 81' lang='lat' dir='ltr'>virtus</span> 
     </span>
     <span class='ocr_line' id='line_1_15' title="bbox 1186 1985 2711 2076; baseline -0.007 -13"><span class='ocrx_word' id='word_1_90' title='bbox 1186 2018 1501 2074; x_wconf 82' lang='lat' dir='ltr'>sexuum,</span> <span class='ocrx_word' id='word_1_91' title='bbox 1545 1994 1718 2060; x_wconf 90' lang='lat' dir='ltr'>sicut</span> <span class='ocrx_word' id='word_1_92' title='bbox 1767 1998 1868 2059; x_wconf 87' lang='lat' dir='ltr'>est</span> <span class='ocrx_word' id='word_1_93' title='bbox 1906 1992 1974 2057; x_wconf 90' lang='lat' dir='ltr'>in</span> <span class='ocrx_word' id='word_1_94' title='bbox 2022 1988 2394 2056; x_wconf 88' lang='lat' dir='ltr'>seminibus</span> <span class='ocrx_word' id='word_1_95' title='bbox 2441 1985 2711 2076; x_wconf 85' lang='lat' dir='ltr'>planta-</span> 
     </span>
     <span class='ocr_line' id='line_1_16' title="bbox 1162 2093 2710 2187; baseline -0.008 -17"><span class='ocrx_word' id='word_1_96' title='bbox 1162 2125 1311 2169; x_wconf 90' lang='lat' dir='ltr'>rum</span> <span class='ocrx_word' id='word_1_97' title='bbox 1351 2103 1566 2169; x_wconf 80' lang='lat' dir='ltr'>virtus</span> <span class='ocrx_word' id='word_1_98' title='bbox 1606 2099 1944 2166; x_wconf 89' lang='lat' dir='ltr'>seminum</span> <span class='ocrx_word' id='word_1_99' title='bbox 1977 2097 2335 2187; x_wconf 84' lang='lat' dir='ltr'>permixta,</span> <span class='ocrx_word' id='word_1_100' title='bbox 2362 2115 2511 2184; x_wconf 81' lang='lat' dir='ltr'>quae</span> <span class='ocrx_word' id='word_1_101' title='bbox 2550 2093 2710 2159; x_wconf 88' lang='lat' dir='ltr'>edu-</span> 
     </span>
     <span class='ocr_line' id='line_1_17' title="bbox 1157 2202 2705 2292; baseline -0.006 -15"><span class='ocrx_word' id='word_1_102' title='bbox 1157 2213 1332 2277; x_wconf 85' lang='lat' dir='ltr'>citur</span> <span class='ocrx_word' id='word_1_103' title='bbox 1384 2211 1635 2278; x_wconf 71' lang='lat' dir='ltr'>virtute</span> <span class='ocrx_word' id='word_1_104' title='bbox 1693 2208 1858 2275; x_wconf 78' lang='lat' dir='ltr'>solis</span> <span class='ocrx_word' id='word_1_105' title='bbox 1921 2207 1991 2274; x_wconf 87' lang='lat' dir='ltr'>in</span> <span class='ocrx_word' id='word_1_106' title='bbox 2044 2202 2295 2272; x_wconf 91' lang='lat' dir='ltr'>circulo</span> <span class='ocrx_word' id='word_1_107' title='bbox 2352 2203 2580 2292; x_wconf 85' lang='lat' dir='ltr'>aliquo</span> <span class='ocrx_word' id='word_1_108' title='bbox 2637 2205 2705 2269; x_wconf 87' lang='lat' dir='ltr'>in</span> 
     </span>
     <span class='ocr_line' id='line_1_18' title="bbox 1147 2310 2708 2406; baseline -0.004 -26"><span class='ocrx_word' id='word_1_109' title='bbox 1147 2340 1284 2406; x_wconf 82' lang='lat' dir='ltr'>quo</span> <span class='ocrx_word' id='word_1_110' title='bbox 1323 2315 1631 2385; x_wconf 80' lang='lat' dir='ltr'>consistit</span> <span class='ocrx_word' id='word_1_111' title='bbox 1704 2313 2099 2389; x_wconf 87' lang='lat' dir='ltr'>alcocoden‚</span> <span class='ocrx_word' id='word_1_112' title='bbox 2172 2311 2302 2379; x_wconf 88' lang='lat' dir='ltr'>hoc</span> <span class='ocrx_word' id='word_1_113' title='bbox 2349 2318 2450 2378; x_wconf 85' lang='lat' dir='ltr'>est</span> <span class='ocrx_word' id='word_1_114' title='bbox 2514 2310 2708 2377; x_wconf 85' lang='lat' dir='ltr'>dator</span> 
     </span>
     <span class='ocr_line' id='line_1_19' title="bbox 1142 2417 2707 2507; baseline -0.006 -15"><span class='ocrx_word' id='word_1_115' title='bbox 1142 2425 1300 2492; x_wconf 73' lang='lat' dir='ltr'>vitae</span> <span class='ocrx_word' id='word_1_116' title='bbox 1340 2423 1607 2503; x_wconf 89' lang='lat' dir='ltr'>talium,</span> <span class='ocrx_word' id='word_1_117' title='bbox 1641 2423 1816 2490; x_wconf 83' lang='lat' dir='ltr'>sieut</span> <span class='ocrx_word' id='word_1_118' title='bbox 1857 2421 2029 2488; x_wconf 80' lang='lat' dir='ltr'>dixit</span> <span class='ocrx_word' id='word_1_119' title='bbox 2074 2417 2544 2507; x_wconf 78' lang='lat' dir='ltr'>EmpedocleS‚</span> <span class='ocrx_word' id='word_1_120' title='bbox 2578 2439 2707 2484; x_wconf 77' lang='lat' dir='ltr'>rm-</span> 
     </span>
     <span class='ocr_line' id='line_1_20' title="bbox 1147 2525 2706 2613; baseline -0.006 -15"><span class='ocrx_word' id='word_1_121' title='bbox 1147 2531 1290 2598; x_wconf 89' lang='lat' dir='ltr'>lum</span> <span class='ocrx_word' id='word_1_122' title='bbox 1330 2529 1534 2598; x_wconf 88' lang='lat' dir='ltr'>deum</span> <span class='ocrx_word' id='word_1_123' title='bbox 1588 2537 1654 2613; x_wconf 83' lang='lat' dir='ltr'>et</span> <span class='ocrx_word' id='word_1_124' title='bbox 1709 2527 2016 2595; x_wconf 87' lang='lat' dir='ltr'>datorem</span> <span class='ocrx_word' id='word_1_125' title='bbox 2059 2526 2215 2593; x_wconf 81' lang='lat' dir='ltr'>vita·</span> <span class='ocrx_word' id='word_1_126' title='bbox 2276 2547 2422 2592; x_wconf 92' lang='lat' dir='ltr'>esse</span> <span class='ocrx_word' id='word_1_127' title='bbox 2482 2525 2706 2592; x_wconf 83' lang='lat' dir='ltr'>existi-</span> 
     </span>
     <span class='ocr_line' id='line_1_21' title="bbox 1161 2632 2704 2727; baseline -0.005 -22"><span class='ocrx_word' id='word_1_128' title='bbox 1161 2659 1381 2705; x_wconf 87' lang='lat' dir='ltr'>mans.</span> <span class='ocrx_word' id='word_1_129' title='bbox 1442 2634 1557 2705; x_wconf 90' lang='lat' dir='ltr'>Sic</span> <span class='ocrx_word' id='word_1_130' title='bbox 1598 2637 1808 2727; x_wconf 78' lang='lat' dir='ltr'>igitur</span> <span class='ocrx_word' id='word_1_131' title='bbox 1868 2635 2145 2725; x_wconf 87' lang='lat' dir='ltr'>quidam</span> <span class='ocrx_word' id='word_1_132' title='bbox 2195 2632 2377 2700; x_wconf 77' lang='lat' dir='ltr'>modi</span> <span class='ocrx_word' id='word_1_133' title='bbox 2419 2632 2704 2723; x_wconf 82' lang='lat' dir='ltr'>piscium</span> 
     </span>
     <span class='ocr_line' id='line_1_22' title="bbox 1152 2739 2707 2837; baseline -0.004 -25"><span class='ocrx_word' id='word_1_134' title='bbox 1152 2755 1357 2813; x_wconf 78' lang='lat' dir='ltr'>ovant</span> <span class='ocrx_word' id='word_1_135' title='bbox 1390 2771 1507 2837; x_wconf 86' lang='lat' dir='ltr'>per</span> <span class='ocrx_word' id='word_1_136' title='bbox 1547 2769 1618 2813; x_wconf 86' lang='lat' dir='ltr'>se</span> <span class='ocrx_word' id='word_1_137' title='bbox 1662 2746 1806 2811; x_wconf 88' lang='lat' dir='ltr'>sine</span> <span class='ocrx_word' id='word_1_138' title='bbox 1847 2743 2045 2820; x_wconf 89' lang='lat' dir='ltr'>mari,</span> <span class='ocrx_word' id='word_1_139' title='bbox 2098 2749 2165 2809; x_wconf 91' lang='lat' dir='ltr'>et</span> <span class='ocrx_word' id='word_1_140' title='bbox 2195 2741 2366 2808; x_wconf 85' lang='lat' dir='ltr'>l&#39;orte</span> <span class='ocrx_word' id='word_1_141' title='bbox 2407 2739 2707 2831; x_wconf 86' lang='lat' dir='ltr'>procedit</span> 
     </span>
     <span class='ocr_line' id='line_1_23' title="bbox 1152 2849 2705 2940; baseline -0.005 -18"><span class='ocrx_word' id='word_1_142' title='bbox 1152 2878 1233 2922; x_wconf 86' lang='lat' dir='ltr'>ex</span> <span class='ocrx_word' id='word_1_143' title='bbox 1286 2852 1535 2922; x_wconf 87' lang='lat' dir='ltr'>talibus</span> <span class='ocrx_word' id='word_1_144' title='bbox 1575 2854 1726 2920; x_wconf 80' lang='lat' dir='ltr'>ovis</span> <span class='ocrx_word' id='word_1_145' title='bbox 1797 2850 2076 2927; x_wconf 88' lang='lat' dir='ltr'>animal,</span> <span class='ocrx_word' id='word_1_146' title='bbox 2120 2871 2202 2918; x_wconf 84' lang='lat' dir='ltr'>eo</span> <span class='ocrx_word' id='word_1_147' title='bbox 2233 2849 2413 2940; x_wconf 86' lang='lat' dir='ltr'>qnod</span> <span class='ocrx_word' id='word_1_148' title='bbox 2457 2849 2526 2916; x_wconf 92' lang='lat' dir='ltr'>in</span> <span class='ocrx_word' id='word_1_149' title='bbox 2564 2857 2705 2914; x_wconf 78' lang='lat' dir='ltr'>tuta</span> 
     </span>
     <span class='ocr_line' id='line_1_24' title="bbox 1151 2956 2708 3052; baseline -0.003 -24"><span class='ocrx_word' id='word_1_150' title='bbox 1151 2963 1372 3052; x_wconf 88' lang='lat' dir='ltr'>specie</span> <span class='ocrx_word' id='word_1_151' title='bbox 1431 2983 1572 3027; x_wconf 90' lang='lat' dir='ltr'>non</span> <span class='ocrx_word' id='word_1_152' title='bbox 1603 2967 1706 3027; x_wconf 88' lang='lat' dir='ltr'>est</span> <span class='ocrx_word' id='word_1_153' title='bbox 1733 2957 2104 3034; x_wconf 74' lang='lat' dir='ltr'>masculu8‚</span> <span class='ocrx_word' id='word_1_154' title='bbox 2148 2956 2264 3024; x_wconf 86' lang='lat' dir='ltr'>sed</span> <span class='ocrx_word' id='word_1_155' title='bbox 2295 2956 2580 3023; x_wconf 77' lang='lat' dir='ltr'>virtutes</span> <span class='ocrx_word' id='word_1_156' title='bbox 2608 2978 2708 3024; x_wconf 91' lang='lat' dir='ltr'>se·</span> 
     </span>
     <span class='ocr_line' id='line_1_25' title="bbox 1154 3060 2708 3153; baseline -0.003 -20"><span class='ocrx_word' id='word_1_157' title='bbox 1154 3089 1364 3134; x_wconf 84' lang='lat' dir='ltr'>xuum</span> <span class='ocrx_word' id='word_1_158' title='bbox 1443 3066 1511 3133; x_wconf 92' lang='lat' dir='ltr'>in</span> <span class='ocrx_word' id='word_1_159' title='bbox 1551 3086 1684 3132; x_wconf 81' lang='lat' dir='ltr'>ovo</span> <span class='ocrx_word' id='word_1_160' title='bbox 1742 3072 1900 3132; x_wconf 86' lang='lat' dir='ltr'>sunt</span> <span class='ocrx_word' id='word_1_161' title='bbox 1959 3062 2339 3153; x_wconf 71' lang='lat' dir='ltr'>permixta»,</span> <span class='ocrx_word' id='word_1_162' title='bbox 2418 3068 2485 3129; x_wconf 82' lang='lat' dir='ltr'>et</span> <span class='ocrx_word' id='word_1_163' title='bbox 2538 3060 2708 3129; x_wconf 77' lang='lat' dir='ltr'>sorte</span> 
     </span>
     <span class='ocr_line' id='line_1_26' title="bbox 1152 3170 2707 3267; baseline -0.004 -23"><span class='ocrx_word' id='word_1_164' title='bbox 1152 3199 1291 3244; x_wconf 91' lang='lat' dir='ltr'>non</span> <span class='ocrx_word' id='word_1_165' title='bbox 1322 3174 1668 3267; x_wconf 83' lang='lat' dir='ltr'>egreditur</span> <span class='ocrx_word' id='word_1_166' title='bbox 1706 3198 1788 3242; x_wconf 81' lang='lat' dir='ltr'>ex</span> <span class='ocrx_word' id='word_1_167' title='bbox 1844 3174 1940 3240; x_wconf 85' lang='lat' dir='ltr'>eis</span> <span class='ocrx_word' id='word_1_168' title='bbox 2006 3171 2283 3248; x_wconf 90' lang='lat' dir='ltr'>animal,</span> <span class='ocrx_word' id='word_1_169' title='bbox 2327 3170 2598 3262; x_wconf 87' lang='lat' dir='ltr'>quando</span> <span class='ocrx_word' id='word_1_170' title='bbox 2640 3172 2707 3239; x_wconf 90' lang='lat' dir='ltr'>in</span> 
     </span>
     <span class='ocr_line' id='line_1_27' title="bbox 1151 3279 2707 3372; baseline -0.002 -23"><span class='ocrx_word' id='word_1_171' title='bbox 1151 3282 1372 3372; x_wconf 82' lang='lat' dir='ltr'>speeie</span> <span class='ocrx_word' id='word_1_172' title='bbox 1414 3281 1650 3349; x_wconf 87' lang='lat' dir='ltr'>eadem</span> <span class='ocrx_word' id='word_1_173' title='bbox 1692 3288 1794 3349; x_wconf 89' lang='lat' dir='ltr'>est</span> <span class='ocrx_word' id='word_1_174' title='bbox 1850 3302 2021 3357; x_wconf 75' lang='lat' dir='ltr'>inas,</span> <span class='ocrx_word' id='word_1_175' title='bbox 2063 3301 2185 3369; x_wconf 86' lang='lat' dir='ltr'>per</span> <span class='ocrx_word' id='word_1_176' title='bbox 2227 3279 2421 3365; x_wconf 84' lang='lat' dir='ltr'>cujus</span> <span class='ocrx_word' id='word_1_177' title='bbox 2472 3300 2707 3346; x_wconf 88' lang='lat' dir='ltr'>semen</span> 
     </span>
     <span class='ocr_line' id='line_1_28' title="bbox 1155 3384 2705 3474; baseline -0.003 -19"><span class='ocrx_word' id='word_1_178' title='bbox 1155 3410 1364 3455; x_wconf 77' lang='lat' dir='ltr'>ovum</span> <span class='ocrx_word' id='word_1_179' title='bbox 1420 3388 1801 3455; x_wconf 79' lang='lat' dir='ltr'>necessario</span> <span class='ocrx_word' id='word_1_180' title='bbox 1860 3385 1944 3453; x_wconf 88' lang='lat' dir='ltr'>ad</span> <span class='ocrx_word' id='word_1_181' title='bbox 1982 3385 2466 3452; x_wconf 75' lang='lat' dir='ltr'>formationem</span> <span class='ocrx_word' id='word_1_182' title='bbox 2508 3384 2705 3474; x_wconf 83' lang='lat' dir='ltr'>piscis</span> 
     </span>
     <span class='ocr_line' id='line_1_29' title="bbox 1152 3491 2713 3585; baseline -0.001 -25"><span class='ocrx_word' id='word_1_183' title='bbox 1152 3493 1517 3585; x_wconf 77' lang='lat' dir='ltr'>generandi</span> <span class='ocrx_word' id='word_1_184' title='bbox 1598 3492 1794 3561; x_wconf 73' lang='lat' dir='ltr'>«lebet</span> <span class='ocrx_word' id='word_1_185' title='bbox 1859 3492 2161 3582; x_wconf 81' lang='lat' dir='ltr'>accipere</span> <span class='ocrx_word' id='word_1_186' title='bbox 2239 3491 2713 3581; x_wconf 84' lang='lat' dir='ltr'>complemen-</span> 
     </span>
     <span class='ocr_line' id='line_1_30' title="bbox 1152 3595 2707 3669; baseline -0.003 0"><span class='ocrx_word' id='word_1_187' title='bbox 1152 3608 1299 3669; x_wconf 86' lang='lat' dir='ltr'>tum</span> <span class='ocrx_word' id='word_1_188' title='bbox 1327 3622 1343 3667; x_wconf 73' lang='grc' dir='ltr'>ε</span> <span class='ocrx_word' id='word_1_189' title='bbox 1382 3607 1449 3668; x_wconf 85' lang='lat' dir='ltr'>et</span> <span class='ocrx_word' id='word_1_190' title='bbox 1477 3600 1623 3668; x_wconf 86' lang='lat' dir='ltr'>sine</span> <span class='ocrx_word' id='word_1_191' title='bbox 1643 3600 1764 3667; x_wconf 90' lang='lat' dir='ltr'>illo</span> <span class='ocrx_word' id='word_1_192' title='bbox 1791 3606 2084 3666; x_wconf 78' lang='lat' dir='ltr'>vocatur</span> <span class='ocrx_word' id='word_1_193' title='bbox 2116 3595 2244 3664; x_wconf 84' lang='lat' dir='ltr'>boc</span> <span class='ocrx_word' id='word_1_194' title='bbox 2275 3617 2475 3664; x_wconf 76' lang='lat' dir='ltr'>ovum</span> <span class='ocrx_word' id='word_1_195' title='bbox 2506 3599 2707 3664; x_wconf 73' lang='lat' dir='ltr'>emti.</span> 
     </span>
     <span class='ocr_line' id='line_1_31' title="bbox 1159 3703 2710 3776; baseline -0.002 -1"><span class='ocrx_word' id='word_1_196' title='bbox 1159 3708 1444 3776; x_wconf 72' lang='lat' dir='ltr'>luter-ius</span> <span class='ocrx_word' id='word_1_197' title='bbox 1480 3714 1713 3775; x_wconf 86' lang='lat' dir='ltr'>autem</span> <span class='ocrx_word' id='word_1_198' title='bbox 1789 3703 2400 3775; x_wconf 85' lang='lat' dir='ltr'>determinabimus</span> <span class='ocrx_word' id='word_1_199' title='bbox 2429 3704 2710 3773; x_wconf 86' lang='lat' dir='ltr'>modum</span> 
     </span>
     <span class='ocr_line' id='line_1_32' title="bbox 1160 3812 2458 3907; baseline -0.005 -24"><span class='ocrx_word' id='word_1_200' title='bbox 1160 3816 1451 3907; x_wconf 87' lang='lat' dir='ltr'>qualiter</span> <span class='ocrx_word' id='word_1_201' title='bbox 1479 3812 1720 3882; x_wconf 82' lang='lat' dir='ltr'>accidit</span> <span class='ocrx_word' id='word_1_202' title='bbox 1757 3812 2108 3905; x_wconf 70' lang='lat' dir='ltr'>quodlibet</span> <span class='ocrx_word' id='word_1_203' title='bbox 2146 3813 2458 3878; x_wconf 85' lang='lat' dir='ltr'>istorum.</span> 
     </span>
    </p>
   </div>
   <div class='ocr_carea' id='block_1_3' title="bbox 1156 3928 2721 5311">
    <p class='ocr_par' dir='ltr' id='par_1_3' title="bbox 1156 3928 2721 5311">
     <span class='ocr_line' id='line_1_33' title="bbox 1252 3928 2714 4019; baseline -0.002 -18"><span class='ocrx_word' id='word_1_204' title='bbox 1252 3930 1384 4001; x_wconf 81' lang='lat' dir='ltr'>lste</span> <span class='ocrx_word' id='word_1_205' title='bbox 1448 3942 1676 4000; x_wconf 87' lang='lat' dir='ltr'>autem</span> <span class='ocrx_word' id='word_1_206' title='bbox 1740 3930 1988 3999; x_wconf 86' lang='lat' dir='ltr'>modus</span> <span class='ocrx_word' id='word_1_207' title='bbox 2062 3928 2520 4019; x_wconf 78' lang='lat' dir='ltr'>generationis</span> <span class='ocrx_word' id='word_1_208' title='bbox 2606 3931 2714 4019; x_wconf 86' lang='lat' dir='ltr'>pi-</span> 
     </span>
     <span class='ocr_line' id='line_1_34' title="bbox 1162 4035 2713 4130; baseline -0.004 -23"><span class='ocrx_word' id='word_1_209' title='bbox 1162 4039 1854 4130; x_wconf 79' lang='lat' dir='ltr'>scium‚prnpinquus</span> <span class='ocrx_word' id='word_1_210' title='bbox 1884 4043 1981 4103; x_wconf 87' lang='lat' dir='ltr'>est</span> <span class='ocrx_word' id='word_1_211' title='bbox 2016 4035 2219 4102; x_wconf 80' lang='lat' dir='ltr'>modo</span> <span class='ocrx_word' id='word_1_212' title='bbox 2258 4035 2713 4124; x_wconf 80' lang='lat' dir='ltr'>generationis</span> 
     </span>
     <span class='ocr_line' id='line_1_35' title="bbox 1164 4139 2712 4232; baseline -0.003 -19"><span class='ocrx_word' id='word_1_213' title='bbox 1164 4145 1421 4217; x_wconf 79' lang='lat' dir='ltr'>avium,</span> <span class='ocrx_word' id='word_1_214' title='bbox 1463 4147 1609 4212; x_wconf 78' lang='lat' dir='ltr'>sive</span> <span class='ocrx_word' id='word_1_215' title='bbox 1648 4149 2065 4232; x_wconf 67' lang='lat' dir='ltr'>generentur</span> <span class='ocrx_word' id='word_1_216' title='bbox 2091 4161 2212 4231; x_wconf 85' lang='lat' dir='ltr'>per</span> <span class='ocrx_word' id='word_1_217' title='bbox 2236 4163 2309 4208; x_wconf 82' lang='lat' dir='ltr'>se</span> <span class='ocrx_word' id='word_1_218' title='bbox 2344 4140 2537 4217; x_wconf 73' lang='lat' dir='ltr'>solae,</span> <span class='ocrx_word' id='word_1_219' title='bbox 2570 4139 2712 4208; x_wconf 76' lang='lat' dir='ltr'>sive</span> 
     </span>
     <span class='ocr_line' id='line_1_36' title="bbox 1156 4245 2710 4342; baseline -0.002 -25"><span class='ocrx_word' id='word_1_220' title='bbox 1156 4259 1567 4342; x_wconf 83' lang='lat' dir='ltr'>generentur</span> <span class='ocrx_word' id='word_1_221' title='bbox 1611 4251 1681 4316; x_wconf 92' lang='lat' dir='ltr'>in</span> <span class='ocrx_word' id='word_1_222' title='bbox 1740 4247 2126 4325; x_wconf 78' lang='lat' dir='ltr'>arboribus,</span> <span class='ocrx_word' id='word_1_223' title='bbox 2193 4247 2367 4316; x_wconf 81' lang='lat' dir='ltr'>sicut</span> <span class='ocrx_word' id='word_1_224' title='bbox 2430 4245 2710 4336; x_wconf 85' lang='lat' dir='ltr'>qnidam</span> 
     </span>
     <span class='ocr_line' id='line_1_37' title="bbox 1156 4354 2713 4448; baseline -0.003 -21"><span class='ocrx_word' id='word_1_225' title='bbox 1156 4361 1413 4435; x_wconf 85' lang='lat' dir='ltr'>dicunt,</span> <span class='ocrx_word' id='word_1_226' title='bbox 1479 4359 1622 4425; x_wconf 81' lang='lat' dir='ltr'>sive</span> <span class='ocrx_word' id='word_1_227' title='bbox 1689 4363 2101 4448; x_wconf 72' lang='lat' dir='ltr'>generentur</span> <span class='ocrx_word' id='word_1_228' title='bbox 2155 4355 2223 4422; x_wconf 89' lang='lat' dir='ltr'>in</span> <span class='ocrx_word' id='word_1_229' title='bbox 2303 4354 2713 4422; x_wconf 75' lang='lat' dir='ltr'>animalibus</span> 
     </span>
     <span class='ocr_line' id='line_1_38' title="bbox 1159 4462 2716 4556; baseline -0.004 -20"><span class='ocrx_word' id='word_1_230' title='bbox 1159 4467 1336 4546; x_wconf 85' lang='lat' dir='ltr'>aliis,</span> <span class='ocrx_word' id='word_1_231' title='bbox 1387 4467 1765 4535; x_wconf 83' lang='lat' dir='ltr'>secundum</span> <span class='ocrx_word' id='word_1_232' title='bbox 1796 4463 1983 4556; x_wconf 83' lang='lat' dir='ltr'>quod</span> <span class='ocrx_word' id='word_1_233' title='bbox 2020 4484 2238 4530; x_wconf 87' lang='lat' dir='ltr'>unum</span> <span class='ocrx_word' id='word_1_234' title='bbox 2290 4462 2547 4529; x_wconf 80' lang='lat' dir='ltr'>animal</span> <span class='ocrx_word' id='word_1_235' title='bbox 2593 4484 2716 4552; x_wconf 76' lang='lat' dir='ltr'>ge-</span> 
     </span>
     <span class='ocr_line' id='line_1_39' title="bbox 1160 4569 2713 4659; baseline -0.005 -15"><span class='ocrx_word' id='word_1_236' title='bbox 1160 4582 1438 4644; x_wconf 85' lang='lat' dir='ltr'>neratur</span> <span class='ocrx_word' id='word_1_237' title='bbox 1463 4597 1547 4643; x_wconf 83' lang='lat' dir='ltr'>ex</span> <span class='ocrx_word' id='word_1_238' title='bbox 1578 4571 1705 4640; x_wconf 83' lang='lat' dir='ltr'>sibi</span> <span class='ocrx_word' id='word_1_239' title='bbox 1739 4573 2011 4640; x_wconf 83' lang='lat' dir='ltr'>diverso</span> <span class='ocrx_word' id='word_1_240' title='bbox 2040 4569 2318 4638; x_wconf 83' lang='lat' dir='ltr'>animali</span> <span class='ocrx_word' id='word_1_241' title='bbox 2360 4570 2426 4636; x_wconf 86' lang='lat' dir='ltr'>in</span> <span class='ocrx_word' id='word_1_242' title='bbox 2471 4590 2713 4659; x_wconf 74' lang='lat' dir='ltr'>genere</span> 
     </span>
     <span class='ocr_line' id='line_1_40' title="bbox 1163 4682 2716 4778; baseline -0.003 -23"><span class='ocrx_word' id='word_1_243' title='bbox 1163 4695 1228 4755; x_wconf 90' lang='lat' dir='ltr'>et</span> <span class='ocrx_word' id='word_1_244' title='bbox 1258 4685 1481 4778; x_wconf 83' lang='lat' dir='ltr'>speeie</span> <span class='ocrx_word' id='word_1_245' title='bbox 1522 4706 1539 4752; x_wconf 88' lang='lat'><strong>:</strong></span> <span class='ocrx_word' id='word_1_246' title='bbox 1573 4687 1719 4752; x_wconf 79' lang='lat' dir='ltr'>sive</span> <span class='ocrx_word' id='word_1_247' title='bbox 1759 4690 2176 4772; x_wconf 71' lang='lat' dir='ltr'>generentur</span> <span class='ocrx_word' id='word_1_248' title='bbox 2211 4682 2491 4749; x_wconf 84' lang='lat' dir='ltr'>interra</span> <span class='ocrx_word' id='word_1_249' title='bbox 2528 4691 2593 4749; x_wconf 82' lang='lat' dir='ltr'>et</span> <span class='ocrx_word' id='word_1_250' title='bbox 2632 4705 2716 4750; x_wconf 82' lang='lat' dir='ltr'>ex</span> 
     </span>
     <span class='ocr_line' id='line_1_41' title="bbox 1167 4790 2719 4884; baseline -0.005 -22"><span class='ocrx_word' id='word_1_251' title='bbox 1167 4804 1341 4862; x_wconf 87' lang='lat' dir='ltr'>terra</span> <span class='ocrx_word' id='word_1_252' title='bbox 1368 4793 1598 4884; x_wconf 85' lang='lat' dir='ltr'>aliquo</span> <span class='ocrx_word' id='word_1_253' title='bbox 1632 4790 1841 4859; x_wconf 88' lang='lat' dir='ltr'>modo</span> <span class='ocrx_word' id='word_1_254' title='bbox 1867 4790 2267 4872; x_wconf 80' lang='lat' dir='ltr'>commixta,</span> <span class='ocrx_word' id='word_1_255' title='bbox 2317 4791 2459 4857; x_wconf 80' lang='lat' dir='ltr'>sive</span> <span class='ocrx_word' id='word_1_256' title='bbox 2509 4813 2719 4880; x_wconf 75' lang='lat' dir='ltr'>gene-</span> 
     </span>
     <span class='ocr_line' id='line_1_42' title="bbox 1167 4898 2716 4992; baseline -0.004 -21"><span class='ocrx_word' id='word_1_257' title='bbox 1167 4910 1401 4971; x_wconf 83' lang='lat' dir='ltr'>rentur</span> <span class='ocrx_word' id='word_1_258' title='bbox 1428 4923 1511 4969; x_wconf 82' lang='lat' dir='ltr'>ex</span> <span class='ocrx_word' id='word_1_259' title='bbox 1543 4899 1955 4992; x_wconf 83' lang='lat' dir='ltr'>quibusdam</span> <span class='ocrx_word' id='word_1_260' title='bbox 1986 4898 2291 4989; x_wconf 81' lang='lat' dir='ltr'>partibus</span> <span class='ocrx_word' id='word_1_261' title='bbox 2321 4899 2716 4966; x_wconf 82' lang='lat' dir='ltr'>animalium</span> 
     </span>
     <span class='ocr_line' id='line_1_43' title="bbox 1164 5003 2718 5101; baseline -0.005 -22"><span class='ocrx_word' id='word_1_262' title='bbox 1164 5019 1227 5079; x_wconf 88' lang='lat' dir='ltr'>ct</span> <span class='ocrx_word' id='word_1_263' title='bbox 1260 5032 1382 5101; x_wconf 87' lang='lat' dir='ltr'>per</span> <span class='ocrx_word' id='word_1_264' title='bbox 1407 5005 1785 5099; x_wconf 77' lang='lat' dir='ltr'>putredinis</span> <span class='ocrx_word' id='word_1_265' title='bbox 1811 5005 2378 5095; x_wconf 80' lang='lat' dir='ltr'>superfluitatem,</span> <span class='ocrx_word' id='word_1_266' title='bbox 2410 5005 2581 5073; x_wconf 82' lang='lat' dir='ltr'>sicut</span> <span class='ocrx_word' id='word_1_267' title='bbox 2621 5003 2718 5072; x_wconf 92' lang='lat' dir='ltr'>di·</span> 
     </span>
     <span class='ocr_line' id='line_1_44' title="bbox 1162 5109 2720 5205; baseline -0.003 -19"><span class='ocrx_word' id='word_1_268' title='bbox 1162 5120 1391 5186; x_wconf 79' lang='lat' dir='ltr'>ximus</span> <span class='ocrx_word' id='word_1_269' title='bbox 1420 5114 1565 5205; x_wconf 86' lang='lat' dir='ltr'>jam</span> <span class='ocrx_word' id='word_1_270' title='bbox 1606 5121 1763 5181; x_wconf 85' lang='lat' dir='ltr'>ante</span> <span class='ocrx_word' id='word_1_271' title='bbox 1813 5112 1897 5181; x_wconf 87' lang='lat' dir='ltr'>de.</span> <span class='ocrx_word' id='word_1_272' title='bbox 1945 5109 2346 5180; x_wconf 83' lang='lat' dir='ltr'>animalium</span> <span class='ocrx_word' id='word_1_273' title='bbox 2383 5134 2720 5203; x_wconf 86' lang='lat' dir='ltr'>quorum·</span> 
     </span>
     <span class='ocr_line' id='line_1_45' title="bbox 1174 5218 2721 5311; baseline -0.003 -18"><span class='ocrx_word' id='word_1_274' title='bbox 1174 5224 1329 5293; x_wconf 89' lang='lat' dir='ltr'>dam</span> <span class='ocrx_word' id='word_1_275' title='bbox 1361 5221 1825 5311; x_wconf 66' lang='lat' dir='ltr'>generatione.</span> <span class='ocrx_word' id='word_1_276' title='bbox 1864 5220 1998 5286; x_wconf 78' lang='lat' dir='ltr'>Sed</span> <span class='ocrx_word' id='word_1_277' title='bbox 2039 5241 2196 5287; x_wconf 88' lang='lat' dir='ltr'>cum</span> <span class='ocrx_word' id='word_1_278' title='bbox 2227 5218 2297 5285; x_wconf 90' lang='lat' dir='ltr'>in</span> <span class='ocrx_word' id='word_1_279' title='bbox 2327 5218 2474 5286; x_wconf 86' lang='lat' dir='ltr'>istis</span> <span class='ocrx_word' id='word_1_280' title='bbox 2501 5220 2721 5288; x_wconf 84' lang='lat' dir='ltr'>modis</span> 
     </span>
    </p>
   </div>
   <div class='ocr_carea' id='block_1_4' title="bbox 4243 414 4370 478">
    <p class='ocr_par' dir='ltr' id='par_1_4' title="bbox 4243 414 4370 478">
     <span class='ocr_line' id='line_1_46' title="bbox 4243 414 4370 478; baseline 0 0"><span class='ocrx_word' id='word_1_281' title='bbox 4243 414 4370 478; x_wconf 62' lang='lat'>22³9</span> 
     </span>
    </p>
   </div>
   <div class='ocr_carea' id='block_1_5' title="bbox 2808 585 4388 5312">
    <p class='ocr_par' dir='ltr' id='par_1_5' title="bbox 2811 585 4374 1190">
     <span class='ocr_line' id='line_1_47' title="bbox 2814 585 4373 680; baseline -0.009 -19"><span class='ocrx_word' id='word_1_282' title='bbox 2814 593 3014 660; x_wconf 89' lang='lat' dir='ltr'>diculi</span> <span class='ocrx_word' id='word_1_283' title='bbox 3062 599 3391 680; x_wconf 71' lang='lat' dir='ltr'>generant</span> <span class='ocrx_word' id='word_1_284' title='bbox 3441 585 3695 653; x_wconf 83' lang='lat' dir='ltr'>lendes.</span> <span class='ocrx_word' id='word_1_285' title='bbox 3750 593 3814 651; x_wconf 89' lang='lat' dir='ltr'>et</span> <span class='ocrx_word' id='word_1_286' title='bbox 3875 605 4129 649; x_wconf 61' lang='lat' dir='ltr'>muscae</span> <span class='ocrx_word' id='word_1_287' title='bbox 4171 603 4373 672; x_wconf 81' lang='lat' dir='ltr'>gene-</span> 
     </span>
     <span class='ocr_line' id='line_1_48' title="bbox 2812 688 4372 787; baseline -0.008 -20"><span class='ocrx_word' id='word_1_288' title='bbox 2812 707 2960 767; x_wconf 85' lang='lat' dir='ltr'>rant</span> <span class='ocrx_word' id='word_1_289' title='bbox 2987 717 3281 772; x_wconf 75' lang='lat' dir='ltr'>vermeS,</span> <span class='ocrx_word' id='word_1_290' title='bbox 3317 703 3383 760; x_wconf 87' lang='lat' dir='ltr'>et</span> <span class='ocrx_word' id='word_1_291' title='bbox 3412 695 3586 760; x_wconf 89' lang='lat' dir='ltr'>sicut</span> <span class='ocrx_word' id='word_1_292' title='bbox 3615 715 3698 787; x_wconf 85' lang='lat' dir='ltr'>ex</span> <span class='ocrx_word' id='word_1_293' title='bbox 3724 693 3906 758; x_wconf 89' lang='lat' dir='ltr'>coitu</span> <span class='ocrx_word' id='word_1_294' title='bbox 3947 688 4372 781; x_wconf 80' lang='lat' dir='ltr'>apicularum</span> 
     </span>
     <span class='ocr_line' id='line_1_49' title="bbox 2811 796 4372 893; baseline -0.004 -24"><span class='ocrx_word' id='word_1_295' title='bbox 2811 803 3283 893; x_wconf 86' lang='lat' dir='ltr'>producuntur</span> <span class='ocrx_word' id='word_1_296' title='bbox 3344 818 3612 863; x_wconf 81' lang='lat' dir='ltr'>vermes</span> <span class='ocrx_word' id='word_1_297' title='bbox 3643 796 3899 862; x_wconf 79' lang='lat' dir='ltr'>similes</span> <span class='ocrx_word' id='word_1_298' title='bbox 3941 796 4089 862; x_wconf 91' lang='lat' dir='ltr'>ovis</span> <span class='ocrx_word' id='word_1_299' title='bbox 4126 816 4140 860; x_wconf 78' lang='lat' dir='ltr'><em>z</em></span> <span class='ocrx_word' id='word_1_300' title='bbox 4187 803 4253 862; x_wconf 87' lang='lat' dir='ltr'>et</span> <span class='ocrx_word' id='word_1_301' title='bbox 4288 817 4372 862; x_wconf 85' lang='lat' dir='ltr'>ex</span> 
     </span>
     <span class='ocr_line' id='line_1_50' title="bbox 2811 901 4374 999; baseline -0.004 -24"><span class='ocrx_word' id='word_1_302' title='bbox 2811 907 3220 999; x_wconf 86' lang='lat' dir='ltr'>quibusdam</span> <span class='ocrx_word' id='word_1_303' title='bbox 3258 902 3508 970; x_wconf 89' lang='lat' dir='ltr'>horum</span> <span class='ocrx_word' id='word_1_304' title='bbox 3566 910 3930 990; x_wconf 86' lang='lat' dir='ltr'>generatur</span> <span class='ocrx_word' id='word_1_305' title='bbox 3969 901 4223 969; x_wconf 89' lang='lat' dir='ltr'>animal</span> <span class='ocrx_word' id='word_1_306' title='bbox 4272 904 4374 969; x_wconf 88' lang='lat' dir='ltr'>si-</span> 
     </span>
     <span class='ocr_line' id='line_1_51' title="bbox 2811 1007 4368 1104; baseline -0.004 -22"><span class='ocrx_word' id='word_1_307' title='bbox 2811 1015 2971 1083; x_wconf 87' lang='lat' dir='ltr'>mile</span> <span class='ocrx_word' id='word_1_308' title='bbox 3004 1016 3072 1081; x_wconf 88' lang='lat' dir='ltr'>iu</span> <span class='ocrx_word' id='word_1_309' title='bbox 3124 1014 3348 1104; x_wconf 89' lang='lat' dir='ltr'>specie</span> <span class='ocrx_word' id='word_1_310' title='bbox 3394 1009 3770 1102; x_wconf 76' lang='lat' dir='ltr'>generanti,</span> <span class='ocrx_word' id='word_1_311' title='bbox 3826 1032 3908 1075; x_wconf 82' lang='lat' dir='ltr'>ex</span> <span class='ocrx_word' id='word_1_312' title='bbox 3958 1007 4368 1100; x_wconf 85' lang='lat' dir='ltr'>quibusdam</span> 
     </span>
     <span class='ocr_line' id='line_1_52' title="bbox 2816 1132 3245 1190; baseline -0.007 0"><span class='ocrx_word' id='word_1_313' title='bbox 2816 1132 3045 1190; x_wconf 87' lang='lat' dir='ltr'>autem</span> <span class='ocrx_word' id='word_1_314' title='bbox 3079 1143 3245 1188; x_wconf 89' lang='lat' dir='ltr'>non.</span> 
     </span>
    </p>

    <p class='ocr_par' dir='ltr' id='par_1_6' title="bbox 2808 1222 4374 2918">
     <span class='ocr_line' id='line_1_53' title="bbox 2903 1222 4374 1316; baseline -0.004 -20"><span class='ocrx_word' id='word_1_315' title='bbox 2903 1230 3212 1297; x_wconf 86' lang='lat' dir='ltr'>Primum</span> <span class='ocrx_word' id='word_1_316' title='bbox 3252 1229 3463 1316; x_wconf 84' lang='lat' dir='ltr'>igitur</span> <span class='ocrx_word' id='word_1_317' title='bbox 3509 1224 3904 1314; x_wconf 76' lang='lat' dir='ltr'>incipientes</span> <span class='ocrx_word' id='word_1_318' title='bbox 3955 1222 4038 1290; x_wconf 91' lang='lat' dir='ltr'>de</span> <span class='ocrx_word' id='word_1_319' title='bbox 4096 1245 4374 1313; x_wconf 88' lang='lat' dir='ltr'>genera-</span> 
     </span>
     <span class='ocr_line' id='line_1_54' title="bbox 2813 1331 4364 1413; baseline -0.004 -8"><span class='ocrx_word' id='word_1_320' title='bbox 2813 1339 2996 1406; x_wconf 90' lang='lat' dir='ltr'>tione</span> <span class='ocrx_word' id='word_1_321' title='bbox 3045 1334 3448 1403; x_wconf 88' lang='lat' dir='ltr'>animalium</span> <span class='ocrx_word' id='word_1_322' title='bbox 3506 1331 4037 1399; x_wconf 79' lang='lat' dir='ltr'>determinemus</span> <span class='ocrx_word' id='word_1_323' title='bbox 4078 1332 4364 1413; x_wconf 89' lang='lat' dir='ltr'>coitum,</span> 
     </span>
     <span class='ocr_line' id='line_1_55' title="bbox 2811 1437 4369 1527; baseline -0.004 -15"><span class='ocrx_word' id='word_1_324' title='bbox 2811 1455 2878 1512; x_wconf 91' lang='lat' dir='ltr'>et</span> <span class='ocrx_word' id='word_1_325' title='bbox 2907 1443 3151 1511; x_wconf 91' lang='lat' dir='ltr'>modos</span> <span class='ocrx_word' id='word_1_326' title='bbox 3180 1440 3471 1508; x_wconf 88' lang='lat' dir='ltr'>coeundi</span> <span class='ocrx_word' id='word_1_327' title='bbox 3502 1461 3741 1507; x_wconf 90' lang='lat' dir='ltr'>eorum</span> <span class='ocrx_word' id='word_1_328' title='bbox 3779 1459 3794 1505; x_wconf 74' lang='grc' dir='ltr'><strong><em>ε</em></strong></span> <span class='ocrx_word' id='word_1_329' title='bbox 3831 1437 3993 1527; x_wconf 87' lang='lat' dir='ltr'>quia</span> <span class='ocrx_word' id='word_1_330' title='bbox 4022 1438 4241 1505; x_wconf 90' lang='lat' dir='ltr'>coitus</span> <span class='ocrx_word' id='word_1_331' title='bbox 4268 1444 4369 1505; x_wconf 85' lang='lat' dir='ltr'>est</span> 
     </span>
     <span class='ocr_line' id='line_1_56' title="bbox 2810 1545 4367 1644; baseline -0.004 -24"><span class='ocrx_word' id='word_1_332' title='bbox 2810 1553 3109 1644; x_wconf 87' lang='lat' dir='ltr'>primum</span> <span class='ocrx_word' id='word_1_333' title='bbox 3141 1549 3548 1641; x_wconf 89' lang='lat' dir='ltr'>principium</span> <span class='ocrx_word' id='word_1_334' title='bbox 3579 1547 4037 1638; x_wconf 79' lang='lat' dir='ltr'>generationis</span> <span class='ocrx_word' id='word_1_335' title='bbox 4065 1545 4367 1635; x_wconf 88' lang='lat' dir='ltr'>plurium</span> 
     </span>
     <span class='ocr_line' id='line_1_57' title="bbox 2813 1654 4371 1746; baseline -0.005 -18"><span class='ocrx_word' id='word_1_336' title='bbox 2813 1683 3074 1728; x_wconf 92' lang='lat' dir='ltr'>eorum.</span> <span class='ocrx_word' id='word_1_337' title='bbox 3118 1658 3443 1726; x_wconf 86' lang='lat' dir='ltr'>Dicamus</span> <span class='ocrx_word' id='word_1_338' title='bbox 3483 1657 3712 1746; x_wconf 83' lang='lat' dir='ltr'>igitur,</span> <span class='ocrx_word' id='word_1_339' title='bbox 3764 1654 3950 1744; x_wconf 89' lang='lat' dir='ltr'>quod</span> <span class='ocrx_word' id='word_1_340' title='bbox 4004 1655 4222 1722; x_wconf 87' lang='lat' dir='ltr'>coitus</span> <span class='ocrx_word' id='word_1_341' title='bbox 4269 1661 4371 1720; x_wconf 89' lang='lat' dir='ltr'>est</span> 
     </span>
     <span class='ocr_line' id='line_1_58' title="bbox 2811 1763 4369 1859; baseline -0.005 -23"><span class='ocrx_word' id='word_1_342' title='bbox 2811 1768 3175 1859; x_wconf 88' lang='lat' dir='ltr'>permixtio</span> <span class='ocrx_word' id='word_1_343' title='bbox 3232 1765 3536 1856; x_wconf 91' lang='lat' dir='ltr'>corporis</span> <span class='ocrx_word' id='word_1_344' title='bbox 3592 1785 3906 1840; x_wconf 85' lang='lat' dir='ltr'>sexuum,</span> <span class='ocrx_word' id='word_1_345' title='bbox 3969 1763 4040 1829; x_wconf 91' lang='lat' dir='ltr'>in</span> <span class='ocrx_word' id='word_1_346' title='bbox 4080 1784 4213 1851; x_wconf 88' lang='lat' dir='ltr'>qua</span> <span class='ocrx_word' id='word_1_347' title='bbox 4268 1783 4369 1828; x_wconf 88' lang='lat' dir='ltr'>se·</span> 
     </span>
     <span class='ocr_line' id='line_1_59' title="bbox 2814 1867 4365 1943; baseline -0.006 0"><span class='ocrx_word' id='word_1_348' title='bbox 2814 1899 2971 1943; x_wconf 92' lang='lat' dir='ltr'>men</span> <span class='ocrx_word' id='word_1_349' title='bbox 3026 1877 3233 1943; x_wconf 86' lang='lat' dir='ltr'>maris</span> <span class='ocrx_word' id='word_1_350' title='bbox 3273 1874 3342 1941; x_wconf 89' lang='lat' dir='ltr'>in</span> <span class='ocrx_word' id='word_1_351' title='bbox 3388 1873 3541 1940; x_wconf 84' lang='lat' dir='ltr'>loco</span> <span class='ocrx_word' id='word_1_352' title='bbox 3590 1879 3656 1938; x_wconf 85' lang='lat' dir='ltr'>et</span> <span class='ocrx_word' id='word_1_353' title='bbox 3702 1871 3983 1938; x_wconf 86' lang='lat' dir='ltr'>materia</span> <span class='ocrx_word' id='word_1_354' title='bbox 4027 1867 4365 1936; x_wconf 84' lang='lat' dir='ltr'>formandi</span> 
     </span>
     <span class='ocr_line' id='line_1_60' title="bbox 2811 1979 4369 2074; baseline -0.006 -22"><span class='ocrx_word' id='word_1_355' title='bbox 2811 1992 3178 2074; x_wconf 89' lang='lat' dir='ltr'>conceptus</span> <span class='ocrx_word' id='word_1_356' title='bbox 3220 1983 3538 2073; x_wconf 87' lang='lat' dir='ltr'>recipitur</span> <span class='ocrx_word' id='word_1_357' title='bbox 3571 2003 3584 2046; x_wconf 92' lang='lat'>:</span> <span class='ocrx_word' id='word_1_358' title='bbox 3620 1980 3748 2047; x_wconf 91' lang='lat' dir='ltr'>nisi</span> <span class='ocrx_word' id='word_1_359' title='bbox 3781 1979 3966 2046; x_wconf 87' lang='lat' dir='ltr'>enim</span> <span class='ocrx_word' id='word_1_360' title='bbox 4009 1979 4369 2068; x_wconf 85' lang='lat' dir='ltr'>permixtio</span> 
     </span>
     <span class='ocr_line' id='line_1_61' title="bbox 2811 2085 4369 2170; baseline -0.006 -10"><span class='ocrx_word' id='word_1_361' title='bbox 2811 2116 3100 2162; x_wconf 85' lang='lat' dir='ltr'>sexuum</span> <span class='ocrx_word' id='word_1_362' title='bbox 3133 2093 3273 2170; x_wconf 83' lang='lat' dir='ltr'>liat,</span> <span class='ocrx_word' id='word_1_363' title='bbox 3308 2113 3447 2158; x_wconf 91' lang='lat' dir='ltr'>non</span> <span class='ocrx_word' id='word_1_364' title='bbox 3487 2087 3959 2156; x_wconf 77' lang='lat' dir='ltr'>observabitur</span> <span class='ocrx_word' id='word_1_365' title='bbox 4000 2087 4168 2153; x_wconf 85' lang='lat' dir='ltr'>ratio</span> <span class='ocrx_word' id='word_1_366' title='bbox 4218 2085 4369 2153; x_wconf 89' lang='lat' dir='ltr'>coi-</span> 
     </span>
     <span class='ocr_line' id='line_1_62' title="bbox 2812 2192 4364 2289; baseline -0.006 -23"><span class='ocrx_word' id='word_1_367' title='bbox 2812 2207 2919 2266; x_wconf 84' lang='lat' dir='ltr'>tus</span> <span class='ocrx_word' id='word_1_368' title='bbox 2974 2223 2988 2267; x_wconf 90' lang='lat'>:</span> <span class='ocrx_word' id='word_1_369' title='bbox 3041 2199 3201 2289; x_wconf 89' lang='lat' dir='ltr'>quia</span> <span class='ocrx_word' id='word_1_370' title='bbox 3240 2197 3535 2264; x_wconf 71' lang='lat' dir='ltr'>immina·</span> <span class='ocrx_word' id='word_1_371' title='bbox 3587 2195 3757 2261; x_wconf 84' lang='lat' dir='ltr'>ratio</span> <span class='ocrx_word' id='word_1_372' title='bbox 3815 2201 3940 2271; x_wconf 89' lang='lat' dir='ltr'>est,</span> <span class='ocrx_word' id='word_1_373' title='bbox 3987 2202 4057 2259; x_wconf 92' lang='lat' dir='ltr'>ut</span> <span class='ocrx_word' id='word_1_374' title='bbox 4098 2216 4180 2258; x_wconf 81' lang='lat' dir='ltr'>ex</span> <span class='ocrx_word' id='word_1_375' title='bbox 4231 2192 4364 2257; x_wconf 87' lang='lat' dir='ltr'>alio</span> 
     </span>
     <span class='ocr_line' id='line_1_63' title="bbox 2809 2306 4363 2399; baseline -0.004 -23"><span class='ocrx_word' id='word_1_376' title='bbox 2809 2311 3068 2378; x_wconf 87' lang='lat' dir='ltr'>semine</span> <span class='ocrx_word' id='word_1_377' title='bbox 3113 2312 3183 2377; x_wconf 89' lang='lat' dir='ltr'>in</span> <span class='ocrx_word' id='word_1_378' title='bbox 3221 2311 3443 2399; x_wconf 86' lang='lat' dir='ltr'>seipsa</span> <span class='ocrx_word' id='word_1_379' title='bbox 3482 2318 3546 2375; x_wconf 92' lang='lat' dir='ltr'>et</span> <span class='ocrx_word' id='word_1_380' title='bbox 3586 2330 3668 2373; x_wconf 85' lang='lat' dir='ltr'>ex</span> <span class='ocrx_word' id='word_1_381' title='bbox 3716 2328 3838 2372; x_wconf 85' lang='lat' dir='ltr'>sua</span> <span class='ocrx_word' id='word_1_382' title='bbox 3878 2306 4162 2372; x_wconf 87' lang='lat' dir='ltr'>materia</span> <span class='ocrx_word' id='word_1_383' title='bbox 4202 2326 4363 2393; x_wconf 88' lang='lat' dir='ltr'>pro-</span> 
     </span>
     <span class='ocr_line' id='line_1_64' title="bbox 2810 2414 4363 2503; baseline -0.007 -16"><span class='ocrx_word' id='word_1_384' title='bbox 2810 2420 3011 2487; x_wconf 88' lang='lat' dir='ltr'>ducat</span> <span class='ocrx_word' id='word_1_385' title='bbox 3044 2441 3058 2485; x_wconf 89' lang='lat'>:</span> <span class='ocrx_word' id='word_1_386' title='bbox 3103 2420 3309 2486; x_wconf 88' lang='lat' dir='ltr'>maris</span> <span class='ocrx_word' id='word_1_387' title='bbox 3346 2425 3600 2495; x_wconf 87' lang='lat' dir='ltr'>autem,</span> <span class='ocrx_word' id='word_1_388' title='bbox 3636 2424 3706 2482; x_wconf 93' lang='lat' dir='ltr'>ut</span> <span class='ocrx_word' id='word_1_389' title='bbox 3741 2417 3809 2481; x_wconf 91' lang='lat' dir='ltr'>in</span> <span class='ocrx_word' id='word_1_390' title='bbox 3840 2414 3973 2481; x_wconf 89' lang='lat' dir='ltr'>alio</span> <span class='ocrx_word' id='word_1_391' title='bbox 4014 2436 4154 2480; x_wconf 84' lang='lat' dir='ltr'>suae</span> <span class='ocrx_word' id='word_1_392' title='bbox 4200 2436 4363 2503; x_wconf 80' lang='lat' dir='ltr'>spe-</span> 
     </span>
     <span class='ocr_line' id='line_1_65' title="bbox 2810 2519 4357 2616; baseline -0.006 -21"><span class='ocrx_word' id='word_1_393' title='bbox 2810 2528 2931 2595; x_wconf 80' lang='lat' dir='ltr'>ciei</span> <span class='ocrx_word' id='word_1_394' title='bbox 2963 2549 3047 2593; x_wconf 87' lang='lat' dir='ltr'>ex</span> <span class='ocrx_word' id='word_1_395' title='bbox 3078 2526 3355 2616; x_wconf 87' lang='lat' dir='ltr'>proprio</span> <span class='ocrx_word' id='word_1_396' title='bbox 3395 2531 3673 2615; x_wconf 81' lang='lat' dir='ltr'>generet</span> <span class='ocrx_word' id='word_1_397' title='bbox 3701 2523 3965 2589; x_wconf 85' lang='lat' dir='ltr'>semino</span> <span class='ocrx_word' id='word_1_398' title='bbox 3998 2519 4357 2587; x_wconf 77' lang='lat' dir='ltr'>formando</span> 
     </span>
     <span class='ocr_line' id='line_1_66' title="bbox 2808 2627 4366 2723; baseline -0.007 -21"><span class='ocrx_word' id='word_1_399' title='bbox 2808 2644 3261 2723; x_wconf 88' lang='lat' dir='ltr'>conceptum:</span> <span class='ocrx_word' id='word_1_400' title='bbox 3307 2653 3542 2697; x_wconf 89' lang='lat' dir='ltr'>semen</span> <span class='ocrx_word' id='word_1_401' title='bbox 3592 2629 3770 2697; x_wconf 90' lang='lat' dir='ltr'>enim</span> <span class='ocrx_word' id='word_1_402' title='bbox 3820 2628 4026 2695; x_wconf 87' lang='lat' dir='ltr'>maris</span> <span class='ocrx_word' id='word_1_403' title='bbox 4074 2637 4173 2694; x_wconf 85' lang='lat' dir='ltr'>est</span> <span class='ocrx_word' id='word_1_404' title='bbox 4222 2627 4366 2693; x_wconf 84' lang='lat' dir='ltr'>for-</span> 
     </span>
     <span class='ocr_line' id='line_1_67' title="bbox 2811 2736 4369 2831; baseline -0.006 -21"><span class='ocrx_word' id='word_1_405' title='bbox 2811 2766 3005 2810; x_wconf 88' lang='lat' dir='ltr'>mans</span> <span class='ocrx_word' id='word_1_406' title='bbox 3043 2752 3111 2811; x_wconf 91' lang='lat' dir='ltr'>et</span> <span class='ocrx_word' id='word_1_407' title='bbox 3156 2739 3527 2831; x_wconf 78' lang='lat' dir='ltr'>eoagulans</span> <span class='ocrx_word' id='word_1_408' title='bbox 3566 2746 3966 2827; x_wconf 85' lang='lat' dir='ltr'>conceptum</span> <span class='ocrx_word' id='word_1_409' title='bbox 4022 2737 4088 2804; x_wconf 88' lang='lat' dir='ltr'>in</span> <span class='ocrx_word' id='word_1_410' title='bbox 4138 2736 4369 2802; x_wconf 83' lang='lat' dir='ltr'>omni-</span> 
     </span>
     <span class='ocr_line' id='line_1_68' title="bbox 2811 2849 3393 2918; baseline -0.003 -1"><span class='ocrx_word' id='word_1_411' title='bbox 2811 2851 2937 2917; x_wconf 87' lang='lat' dir='ltr'>bus</span> <span class='ocrx_word' id='word_1_412' title='bbox 2966 2849 3393 2918; x_wconf 75' lang='lat' dir='ltr'>coeuntibus,</span> 
     </span>
    </p>

    <p class='ocr_par' dir='ltr' id='par_1_7' title="bbox 2815 2951 4382 4674">
     <span class='ocr_line' id='line_1_69' title="bbox 2905 2951 4368 3041; baseline -0.008 -16"><span class='ocrx_word' id='word_1_413' title='bbox 2905 2958 3122 3025; x_wconf 84' lang='lat' dir='ltr'>Locus</span> <span class='ocrx_word' id='word_1_414' title='bbox 3150 2966 3378 3024; x_wconf 83' lang='lat' dir='ltr'>autem</span> <span class='ocrx_word' id='word_1_415' title='bbox 3414 2954 3729 3022; x_wconf 86' lang='lat' dir='ltr'>dill&#39;erens</span> <span class='ocrx_word' id='word_1_416' title='bbox 3759 2961 3860 3019; x_wconf 87' lang='lat' dir='ltr'>est</span> <span class='ocrx_word' id='word_1_417' title='bbox 3898 2951 4092 3019; x_wconf 81' lang='lat' dir='ltr'>valde</span> <span class='ocrx_word' id='word_1_418' title='bbox 4143 2975 4155 3018; x_wconf 91' lang='lat'>:</span> <span class='ocrx_word' id='word_1_419' title='bbox 4201 2974 4368 3041; x_wconf 85' lang='lat' dir='ltr'>qno·</span> 
     </span>
     <span class='ocr_line' id='line_1_70' title="bbox 2815 3056 4364 3154; baseline -0.007 -23"><span class='ocrx_word' id='word_1_420' title='bbox 2815 3066 2996 3133; x_wconf 85' lang='lat' dir='ltr'>niam</span> <span class='ocrx_word' id='word_1_421' title='bbox 3047 3062 3365 3154; x_wconf 65' lang='lat' dir='ltr'>quaedam</span> <span class='ocrx_word' id='word_1_422' title='bbox 3422 3061 3894 3152; x_wconf 77' lang='lat' dir='ltr'>generantium</span> <span class='ocrx_word' id='word_1_423' title='bbox 3938 3058 4065 3125; x_wconf 88' lang='lat' dir='ltr'>sibi</span> <span class='ocrx_word' id='word_1_424' title='bbox 4116 3056 4364 3131; x_wconf 83' lang='lat' dir='ltr'>simile,</span> 
     </span>
     <span class='ocr_line' id='line_1_71' title="bbox 2815 3168 4368 3261; baseline -0.005 -18"><span class='ocrx_word' id='word_1_425' title='bbox 2815 3185 2879 3244; x_wconf 84' lang='lat' dir='ltr'>et</span> <span class='ocrx_word' id='word_1_426' title='bbox 2936 3173 3316 3252; x_wconf 77' lang='lat' dir='ltr'>ovantium,</span> <span class='ocrx_word' id='word_1_427' title='bbox 3364 3171 3700 3261; x_wconf 88' lang='lat' dir='ltr'>recipiunt</span> <span class='ocrx_word' id='word_1_428' title='bbox 3745 3168 4005 3235; x_wconf 86' lang='lat' dir='ltr'>semina</span> <span class='ocrx_word' id='word_1_429' title='bbox 4075 3168 4368 3235; x_wconf 89' lang='lat' dir='ltr'>marium</span> 
     </span>
     <span class='ocr_line' id='line_1_72' title="bbox 2815 3278 4371 3357; baseline -0.006 -6"><span class='ocrx_word' id='word_1_430' title='bbox 2815 3307 3096 3352; x_wconf 78' lang='lat' dir='ltr'>suorum</span> <span class='ocrx_word' id='word_1_431' title='bbox 3128 3286 3302 3351; x_wconf 90' lang='lat' dir='ltr'>intra</span> <span class='ocrx_word' id='word_1_432' title='bbox 3329 3281 3570 3348; x_wconf 82' lang='lat' dir='ltr'>vulvas</span> <span class='ocrx_word' id='word_1_433' title='bbox 3610 3303 3792 3357; x_wconf 88' lang='lat' dir='ltr'>suas,</span> <span class='ocrx_word' id='word_1_434' title='bbox 3837 3287 3895 3345; x_wconf 90' lang='lat' dir='ltr'>ct</span> <span class='ocrx_word' id='word_1_435' title='bbox 3939 3278 4026 3344; x_wconf 92' lang='lat' dir='ltr'>ibi</span> <span class='ocrx_word' id='word_1_436' title='bbox 4071 3278 4371 3344; x_wconf 81' lang='lat' dir='ltr'>fermen-</span> 
     </span>
     <span class='ocr_line' id='line_1_73' title="bbox 2818 3386 4366 3475; baseline -0.006 -16"><span class='ocrx_word' id='word_1_437' title='bbox 2818 3399 2998 3459; x_wconf 84' lang='lat' dir='ltr'>tatur</span> <span class='ocrx_word' id='word_1_438' title='bbox 3043 3399 3107 3459; x_wconf 90' lang='lat' dir='ltr'>et</span> <span class='ocrx_word' id='word_1_439' title='bbox 3163 3390 3435 3457; x_wconf 76' lang='lat' dir='ltr'>fovetur</span> <span class='ocrx_word' id='word_1_440' title='bbox 3498 3386 3777 3455; x_wconf 87' lang='lat' dir='ltr'>materia</span> <span class='ocrx_word' id='word_1_441' title='bbox 3846 3394 4238 3475; x_wconf 88' lang='lat' dir='ltr'>conceptus.</span> <span class='ocrx_word' id='word_1_442' title='bbox 4304 3391 4366 3450; x_wconf 82' lang='lat' dir='ltr'>et</span> 
     </span>
     <span class='ocr_line' id='line_1_74' title="bbox 2816 3492 4367 3592; baseline -0.006 -22"><span class='ocrx_word' id='word_1_443' title='bbox 2816 3499 3184 3592; x_wconf 84' lang='lat' dir='ltr'>aliquando</span> <span class='ocrx_word' id='word_1_444' title='bbox 3222 3499 3428 3566; x_wconf 87' lang='lat' dir='ltr'>etiam</span> <span class='ocrx_word' id='word_1_445' title='bbox 3459 3495 3812 3564; x_wconf 74' lang='lat' dir='ltr'>formatur.</span> <span class='ocrx_word' id='word_1_446' title='bbox 3861 3492 4109 3586; x_wconf 74' lang='lat' dir='ltr'>Aliqua</span> <span class='ocrx_word' id='word_1_447' title='bbox 4139 3501 4367 3561; x_wconf 89' lang='lat' dir='ltr'>autem</span> 
     </span>
     <span class='ocr_line' id='line_1_75' title="bbox 2815 3604 4368 3701; baseline -0.005 -24"><span class='ocrx_word' id='word_1_448' title='bbox 2815 3633 3066 3701; x_wconf 70' lang='lat' dir='ltr'>genera</span> <span class='ocrx_word' id='word_1_449' title='bbox 3121 3606 3522 3677; x_wconf 89' lang='lat' dir='ltr'>animalium</span> <span class='ocrx_word' id='word_1_450' title='bbox 3575 3628 3712 3673; x_wconf 87' lang='lat' dir='ltr'>uon</span> <span class='ocrx_word' id='word_1_451' title='bbox 3770 3604 4103 3695; x_wconf 86' lang='lat' dir='ltr'>recipiunt</span> <span class='ocrx_word' id='word_1_452' title='bbox 4163 3604 4368 3687; x_wconf 85' lang='lat' dir='ltr'>intra,</span> 
     </span>
     <span class='ocr_line' id='line_1_76' title="bbox 2816 3712 4374 3787; baseline -0.006 0"><span class='ocrx_word' id='word_1_453' title='bbox 2816 3719 2932 3787; x_wconf 89' lang='lat' dir='ltr'>sed</span> <span class='ocrx_word' id='word_1_454' title='bbox 2972 3717 3344 3787; x_wconf 74' lang='lat' dir='ltr'>confricant</span> <span class='ocrx_word' id='word_1_455' title='bbox 3387 3738 3459 3782; x_wconf 91' lang='lat' dir='ltr'>se</span> <span class='ocrx_word' id='word_1_456' title='bbox 3512 3723 3775 3782; x_wconf 86' lang='lat' dir='ltr'>tantum</span> <span class='ocrx_word' id='word_1_457' title='bbox 3828 3715 3894 3780; x_wconf 93' lang='lat' dir='ltr'>in</span> <span class='ocrx_word' id='word_1_458' title='bbox 3950 3712 4100 3779; x_wconf 82' lang='lat' dir='ltr'>loeo</span> <span class='ocrx_word' id='word_1_459' title='bbox 4151 3714 4374 3779; x_wconf 83' lang='lat' dir='ltr'>exitus</span> 
     </span>
     <span class='ocr_line' id='line_1_77' title="bbox 2817 3819 4370 3911; baseline -0.005 -19"><span class='ocrx_word' id='word_1_460' title='bbox 2817 3827 3098 3893; x_wconf 85' lang='lat' dir='ltr'>seminis</span> <span class='ocrx_word' id='word_1_461' title='bbox 3148 3825 3319 3891; x_wconf 83' lang='lat' dir='ltr'>sicut</span> <span class='ocrx_word' id='word_1_462' title='bbox 3370 3821 3565 3889; x_wconf 87' lang='lat' dir='ltr'>multi</span> <span class='ocrx_word' id='word_1_463' title='bbox 3614 3822 3828 3911; x_wconf 85' lang='lat' dir='ltr'>pisces</span> <span class='ocrx_word' id='word_1_464' title='bbox 3881 3842 3896 3886; x_wconf 74' lang='grc' dir='ltr'>ε</span> <span class='ocrx_word' id='word_1_465' title='bbox 3949 3829 4013 3887; x_wconf 84' lang='lat' dir='ltr'>et</span> <span class='ocrx_word' id='word_1_466' title='bbox 4054 3819 4370 3911; x_wconf 78' lang='lat' dir='ltr'>qua-«lam</span> 
     </span>
     <span class='ocr_line' id='line_1_78' title="bbox 2818 3927 4374 4025; baseline -0.006 -23"><span class='ocrx_word' id='word_1_467' title='bbox 2818 3933 3318 4025; x_wconf 78' lang='lat' dir='ltr'>complicantur</span> <span class='ocrx_word' id='word_1_468' title='bbox 3344 3929 3429 3996; x_wconf 85' lang='lat' dir='ltr'>ad</span> <span class='ocrx_word' id='word_1_469' title='bbox 3461 3930 3751 3996; x_wconf 79' lang='lat' dir='ltr'>invicem</span> <span class='ocrx_word' id='word_1_470' title='bbox 3798 3951 3814 4000; x_wconf 70' lang='grc' dir='ltr'>ς</span> <span class='ocrx_word' id='word_1_471' title='bbox 3868 3937 3929 3995; x_wconf 88' lang='lat' dir='ltr'>et</span> <span class='ocrx_word' id='word_1_472' title='bbox 3988 3930 4220 3994; x_wconf 85' lang='lat' dir='ltr'>omnia</span> <span class='ocrx_word' id='word_1_473' title='bbox 4263 3927 4374 3993; x_wconf 87' lang='lat' dir='ltr'>illa</span> 
     </span>
     <span class='ocr_line' id='line_1_79' title="bbox 2820 4037 4374 4131; baseline -0.005 -21"><span class='ocrx_word' id='word_1_474' title='bbox 2820 4044 3043 4110; x_wconf 80' lang='lat' dir='ltr'>locum</span> <span class='ocrx_word' id='word_1_475' title='bbox 3096 4037 3459 4131; x_wconf 87' lang='lat' dir='ltr'>recipiendi</span> <span class='ocrx_word' id='word_1_476' title='bbox 3510 4038 3788 4103; x_wconf 84' lang='lat' dir='ltr'>seminis</span> <span class='ocrx_word' id='word_1_477' title='bbox 3864 4037 4111 4103; x_wconf 73' lang='lat' dir='ltr'>liabent</span> <span class='ocrx_word' id='word_1_478' title='bbox 4183 4046 4374 4103; x_wconf 80' lang='lat' dir='ltr'>extra</span> 
     </span>
     <span class='ocr_line' id='line_1_80' title="bbox 2817 4145 4370 4239; baseline -0.005 -22"><span class='ocrx_word' id='word_1_479' title='bbox 2817 4171 3105 4239; x_wconf 83' lang='lat' dir='ltr'>corpora</span> <span class='ocrx_word' id='word_1_480' title='bbox 3152 4170 3276 4215; x_wconf 86' lang='lat' dir='ltr'>sua</span> <span class='ocrx_word' id='word_1_481' title='bbox 3324 4148 3390 4214; x_wconf 93' lang='lat' dir='ltr'>in</span> <span class='ocrx_word' id='word_1_482' title='bbox 3442 4145 3591 4213; x_wconf 78' lang='lat' dir='ltr'>loco</span> <span class='ocrx_word' id='word_1_483' title='bbox 3642 4145 3864 4211; x_wconf 79' lang='lat' dir='ltr'>exitus</span> <span class='ocrx_word' id='word_1_484' title='bbox 3915 4168 4205 4211; x_wconf 73' lang='lat' dir='ltr'>ovorum</span> <span class='ocrx_word' id='word_1_485' title='bbox 4257 4152 4370 4211; x_wconf 88' lang='lat' dir='ltr'>aut</span> 
     </span>
     <span class='ocr_line' id='line_1_81' title="bbox 2819 4253 4372 4328; baseline -0.005 0"><span class='ocrx_word' id='word_1_486' title='bbox 2819 4257 3243 4328; x_wconf 79' lang='lat' dir='ltr'>humiditatis</span> <span class='ocrx_word' id='word_1_487' title='bbox 3289 4255 3591 4324; x_wconf 87' lang='lat' dir='ltr'>alterius.</span> <span class='ocrx_word' id='word_1_488' title='bbox 3648 4253 3926 4321; x_wconf 82' lang='lat' dir='ltr'>Materia</span> <span class='ocrx_word' id='word_1_489' title='bbox 3986 4265 4214 4323; x_wconf 90' lang='lat' dir='ltr'>autem</span> <span class='ocrx_word' id='word_1_490' title='bbox 4274 4263 4372 4320; x_wconf 84' lang='lat' dir='ltr'>est</span> 
     </span>
     <span class='ocr_line' id='line_1_82' title="bbox 2820 4363 4381 4455; baseline -0.004 -18"><span class='ocrx_word' id='word_1_491' title='bbox 2820 4393 2982 4450; x_wconf 86' lang='lat' dir='ltr'>uua,</span> <span class='ocrx_word' id='word_1_492' title='bbox 3022 4366 3274 4436; x_wconf 79' lang='lat' dir='ltr'>humor</span> <span class='ocrx_word' id='word_1_493' title='bbox 3309 4364 3618 4433; x_wconf 77' lang='lat' dir='ltr'>videlieet</span> <span class='ocrx_word' id='word_1_494' title='bbox 3648 4363 4041 4431; x_wconf 70' lang='lat' dir='ltr'>serinininus</span> <span class='ocrx_word' id='word_1_495' title='bbox 4098 4364 4212 4455; x_wconf 82' lang='lat' dir='ltr'>qui</span> <span class='ocrx_word' id='word_1_496' title='bbox 4247 4365 4381 4431; x_wconf 78' lang='lat' dir='ltr'>snr-</span> 
     </span>
     <span class='ocr_line' id='line_1_83' title="bbox 2819 4468 4382 4562; baseline -0.004 -19"><span class='ocrx_word' id='word_1_497' title='bbox 2819 4482 3049 4543; x_wconf 87' lang='lat' dir='ltr'>matur</span> <span class='ocrx_word' id='word_1_498' title='bbox 3094 4494 3134 4540; x_wconf 87' lang='lat' dir='ltr'>a</span> <span class='ocrx_word' id='word_1_499' title='bbox 3188 4472 3450 4541; x_wconf 84' lang='lat' dir='ltr'>semine</span> <span class='ocrx_word' id='word_1_500' title='bbox 3509 4470 3740 4538; x_wconf 82' lang='lat' dir='ltr'>maris.</span> <span class='ocrx_word' id='word_1_501' title='bbox 3806 4468 3965 4539; x_wconf 76' lang='lat' dir='ltr'>llaec.</span> <span class='ocrx_word' id='word_1_502' title='bbox 4021 4469 4232 4562; x_wconf 78' lang='lat' dir='ltr'>igitur</span> <span class='ocrx_word' id='word_1_503' title='bbox 4281 4478 4382 4537; x_wconf 84' lang='lat' dir='ltr'>est</span> 
     </span>
     <span class='ocr_line' id='line_1_84' title="bbox 2817 4577 3712 4674; baseline -0.008 -23"><span class='ocrx_word' id='word_1_504' title='bbox 2817 4581 3094 4674; x_wconf 83' lang='lat' dir='ltr'>propria</span> <span class='ocrx_word' id='word_1_505' title='bbox 3119 4582 3340 4648; x_wconf 82' lang='lat' dir='ltr'>coitus</span> <span class='ocrx_word' id='word_1_506' title='bbox 3370 4577 3712 4645; x_wconf 78' lang='lat' dir='ltr'>diffinitio.</span> 
     </span>
    </p>

    <p class='ocr_par' dir='ltr' id='par_1_8' title="bbox 2822 4684 4388 5312">
     <span class='ocr_line' id='line_1_85' title="bbox 2914 4684 4384 4777; baseline -0.003 -21"><span class='ocrx_word' id='word_1_507' title='bbox 2914 4687 3106 4757; x_wconf 82' lang='lat' dir='ltr'>Scias</span> <span class='ocrx_word' id='word_1_508' title='bbox 3154 4693 3384 4756; x_wconf 86' lang='lat' dir='ltr'>autem</span> <span class='ocrx_word' id='word_1_509' title='bbox 3435 4685 3776 4777; x_wconf 80' lang='lat' dir='ltr'>Antiquos</span> <span class='ocrx_word' id='word_1_510' title='bbox 3832 4684 4192 4754; x_wconf 85' lang='lat' dir='ltr'>tradidisse</span> <span class='ocrx_word' id='word_1_511' title='bbox 4231 4685 4384 4754; x_wconf 87' lang='lat' dir='ltr'>coi-</span> 
     </span>
     <span class='ocr_line' id='line_1_86' title="bbox 2822 4791 4381 4882; baseline -0.003 -19"><span class='ocrx_word' id='word_1_512' title='bbox 2822 4805 2971 4864; x_wconf 90' lang='lat' dir='ltr'>tum</span> <span class='ocrx_word' id='word_1_513' title='bbox 3011 4816 3160 4863; x_wconf 81' lang='lat' dir='ltr'>esse</span> <span class='ocrx_word' id='word_1_514' title='bbox 3201 4815 3345 4863; x_wconf 89' lang='lat' dir='ltr'>rem</span> <span class='ocrx_word' id='word_1_515' title='bbox 3386 4792 3716 4869; x_wconf 80' lang='lat' dir='ltr'>divinam,</span> <span class='ocrx_word' id='word_1_516' title='bbox 3761 4815 3842 4860; x_wconf 87' lang='lat' dir='ltr'>eo</span> <span class='ocrx_word' id='word_1_517' title='bbox 3880 4791 4064 4882; x_wconf 83' lang='lat' dir='ltr'>qnod</span> <span class='ocrx_word' id='word_1_518' title='bbox 4096 4792 4166 4859; x_wconf 91' lang='lat' dir='ltr'>in</span> <span class='ocrx_word' id='word_1_519' title='bbox 4196 4793 4381 4859; x_wconf 81' lang='lat' dir='ltr'>coitu</span> 
     </span>
     <span class='ocr_line' id='line_1_87' title="bbox 2826 4900 4377 4994; baseline -0.003 -23"><span class='ocrx_word' id='word_1_520' title='bbox 2826 4903 2894 4971; x_wconf 89' lang='lat' dir='ltr'>id</span> <span class='ocrx_word' id='word_1_521' title='bbox 2968 4900 3154 4994; x_wconf 86' lang='lat' dir='ltr'>quod</span> <span class='ocrx_word' id='word_1_522' title='bbox 3202 4901 3513 4970; x_wconf 81' lang='lat' dir='ltr'>divinum</span> <span class='ocrx_word' id='word_1_523' title='bbox 3562 4908 3661 4968; x_wconf 85' lang='lat' dir='ltr'>est</span> <span class='ocrx_word' id='word_1_524' title='bbox 3718 4920 3857 4967; x_wconf 86' lang='lat' dir='ltr'>non</span> <span class='ocrx_word' id='word_1_525' title='bbox 3923 4907 4280 4989; x_wconf 81' lang='lat' dir='ltr'>separatur</span> <span class='ocrx_word' id='word_1_526' title='bbox 4338 4921 4377 4966; x_wconf 84' lang='lat' dir='ltr'>a</span> 
     </span>
     <span class='ocr_line' id='line_1_88' title="bbox 2827 5005 4385 5095; baseline -0.004 -16"><span class='ocrx_word' id='word_1_527' title='bbox 2827 5008 3254 5087; x_wconf 76' lang='lat' dir='ltr'>coeuntibuS,</span> <span class='ocrx_word' id='word_1_528' title='bbox 3286 5016 3354 5076; x_wconf 87' lang='lat' dir='ltr'>et</span> <span class='ocrx_word' id='word_1_529' title='bbox 3398 5006 3771 5075; x_wconf 88' lang='lat' dir='ltr'>secundum</span> <span class='ocrx_word' id='word_1_530' title='bbox 3814 5005 4104 5074; x_wconf 75' lang='lat' dir='ltr'>virtutes</span> <span class='ocrx_word' id='word_1_531' title='bbox 4134 5027 4385 5095; x_wconf 87' lang='lat' dir='ltr'>opera·</span> 
     </span>
     <span class='ocr_line' id='line_1_89' title="bbox 2825 5110 4387 5204; baseline -0.004 -19"><span class='ocrx_word' id='word_1_532' title='bbox 2825 5125 2941 5185; x_wconf 90' lang='lat' dir='ltr'>tur</span> <span class='ocrx_word' id='word_1_533' title='bbox 2977 5114 3269 5184; x_wconf 74' lang='lat' dir='ltr'>divinas.</span> <span class='ocrx_word' id='word_1_534' title='bbox 3310 5112 3641 5181; x_wconf 80' lang='lat' dir='ltr'>Divinum</span> <span class='ocrx_word' id='word_1_535' title='bbox 3673 5113 3856 5181; x_wconf 89' lang='lat' dir='ltr'>enim</span> <span class='ocrx_word' id='word_1_536' title='bbox 3888 5119 3988 5181; x_wconf 87' lang='lat' dir='ltr'>est</span> <span class='ocrx_word' id='word_1_537' title='bbox 4030 5111 4213 5204; x_wconf 86' lang='lat' dir='ltr'>quod</span> <span class='ocrx_word' id='word_1_538' title='bbox 4241 5110 4387 5180; x_wconf 76' lang='lat' dir='ltr'>sor-</span> 
     </span>
     <span class='ocr_line' id='line_1_90' title="bbox 2828 5219 4388 5312; baseline -0.004 -18"><span class='ocrx_word' id='word_1_539' title='bbox 2828 5246 2975 5294; x_wconf 86' lang='lat' dir='ltr'>mas</span> <span class='ocrx_word' id='word_1_540' title='bbox 3018 5222 3178 5291; x_wconf 74' lang='lat' dir='ltr'>facit</span> <span class='ocrx_word' id='word_1_541' title='bbox 3224 5227 3290 5290; x_wconf 89' lang='lat' dir='ltr'>et</span> <span class='ocrx_word' id='word_1_542' title='bbox 3330 5221 3638 5312; x_wconf 84' lang='lat' dir='ltr'>producit</span> <span class='ocrx_word' id='word_1_543' title='bbox 3679 5220 3974 5311; x_wconf 82' lang='lat' dir='ltr'>speciem</span> <span class='ocrx_word' id='word_1_544' title='bbox 4021 5240 4036 5286; x_wconf 72' lang='grc' dir='ltr'>ε</span> <span class='ocrx_word' id='word_1_545' title='bbox 4085 5219 4216 5286; x_wconf 81' lang='lat' dir='ltr'>bor</span> <span class='ocrx_word' id='word_1_546' title='bbox 4257 5242 4388 5287; x_wconf 86' lang='lat' dir='ltr'>au-</span> 
     </span>
    </p>
   </div>
   <div class='ocr_carea' id='block_1_6' title="bbox 1173 5324 4387 5425">
    <p class='ocr_par' dir='ltr' id='par_1_9' title="bbox 1173 5324 4387 5425">
     <span class='ocr_line' id='line_1_91' title="bbox 1173 5324 4387 5425; baseline -0.002 -25"><span class='ocrx_word' id='word_1_547' title='bbox 1173 5332 1547 5425; x_wconf 88' lang='lat' dir='ltr'>specierum</span> <span class='ocrx_word' id='word_1_548' title='bbox 1600 5324 2002 5395; x_wconf 86' lang='lat' dir='ltr'>animalium</span> <span class='ocrx_word' id='word_1_549' title='bbox 2049 5334 2149 5394; x_wconf 85' lang='lat' dir='ltr'>est</span> <span class='ocrx_word' id='word_1_550' title='bbox 2199 5347 2346 5394; x_wconf 81' lang='lat' dir='ltr'>mas</span> <span class='ocrx_word' id='word_1_551' title='bbox 2385 5334 2448 5393; x_wconf 91' lang='lat' dir='ltr'>et</span> <span class='ocrx_word' id='word_1_552' title='bbox 2500 5326 2726 5394; x_wconf 76' lang='lat' dir='ltr'>smmi-</span> <span class='ocrx_word' id='word_1_553' title='bbox 2829 5343 2967 5402; x_wconf 87' lang='lat' dir='ltr'>tem</span> <span class='ocrx_word' id='word_1_554' title='bbox 3015 5332 3086 5398; x_wconf 93' lang='lat' dir='ltr'>in</span> <span class='ocrx_word' id='word_1_555' title='bbox 3124 5329 3360 5397; x_wconf 88' lang='lat' dir='ltr'>multis</span> <span class='ocrx_word' id='word_1_556' title='bbox 3415 5326 3818 5398; x_wconf 87' lang='lat' dir='ltr'>animalium</span> <span class='ocrx_word' id='word_1_557' title='bbox 3870 5348 4008 5395; x_wconf 84' lang='lat' dir='ltr'>non</span> <span class='ocrx_word' id='word_1_558' title='bbox 4066 5327 4196 5396; x_wconf 89' lang='lat' dir='ltr'>nisi</span> <span class='ocrx_word' id='word_1_559' title='bbox 4264 5350 4387 5420; x_wconf 86' lang='lat' dir='ltr'>per</span> 
     </span>
    </p>
   </div>
   <div class='ocr_carea' id='block_1_7' title="bbox 1173 5434 2716 5530">
    <p class='ocr_par' dir='ltr' id='par_1_10' title="bbox 1173 5434 2716 5530">
     <span class='ocr_line' id='line_1_92' title="bbox 1173 5434 2716 5530; baseline -0.004 -22"><span class='ocrx_word' id='word_1_560' title='bbox 1173 5462 1285 5517; x_wconf 85' lang='lat' dir='ltr'>na,</span> <span class='ocrx_word' id='word_1_561' title='bbox 1340 5450 1498 5507; x_wconf 82' lang='lat' dir='ltr'>tune</span> <span class='ocrx_word' id='word_1_562' title='bbox 1537 5458 1678 5504; x_wconf 90' lang='lat' dir='ltr'>non</span> <span class='ocrx_word' id='word_1_563' title='bbox 1726 5442 2057 5530; x_wconf 75' lang='lat' dir='ltr'>generant</span> <span class='ocrx_word' id='word_1_564' title='bbox 2095 5434 2224 5501; x_wconf 86' lang='lat' dir='ltr'>nisi</span> <span class='ocrx_word' id='word_1_565' title='bbox 2272 5455 2395 5524; x_wconf 85' lang='lat' dir='ltr'>per</span> <span class='ocrx_word' id='word_1_566' title='bbox 2436 5435 2716 5502; x_wconf 83' lang='lat' dir='ltr'>coitum.</span> 
     </span>
    </p>
   </div>
   <div class='ocr_carea' id='block_1_8' title="bbox 1175 5541 2726 5632">
    <p class='ocr_par' dir='ltr' id='par_1_11' title="bbox 1175 5541 2726 5632">
     <span class='ocr_line' id='line_1_93' title="bbox 1175 5541 2726 5632; baseline -0.002 -18"><span class='ocrx_word' id='word_1_567' title='bbox 1175 5545 1506 5629; x_wconf 74' lang='lat' dir='ltr'>Quaedam</span> <span class='ocrx_word' id='word_1_568' title='bbox 1564 5550 1792 5610; x_wconf 84' lang='lat' dir='ltr'>autem</span> <span class='ocrx_word' id='word_1_569' title='bbox 1862 5563 2000 5608; x_wconf 85' lang='lat' dir='ltr'>nnn</span> <span class='ocrx_word' id='word_1_570' title='bbox 2064 5541 2159 5608; x_wconf 87' lang='lat' dir='ltr'>sic</span> <span class='ocrx_word' id='word_1_571' title='bbox 2215 5552 2567 5632; x_wconf 82' lang='lat' dir='ltr'>generant,</span> <span class='ocrx_word' id='word_1_572' title='bbox 2608 5543 2726 5611; x_wconf 84' lang='lat' dir='ltr'>sed</span> 
     </span>
    </p>
   </div>
   <div class='ocr_carea' id='block_1_9' title="bbox 2832 5431 4390 5634">
    <p class='ocr_par' dir='ltr' id='par_1_12' title="bbox 2832 5431 4390 5634">
     <span class='ocr_line' id='line_1_94' title="bbox 2833 5431 4388 5527; baseline -0.005 -19"><span class='ocrx_word' id='word_1_573' title='bbox 2833 5442 3088 5509; x_wconf 86' lang='lat' dir='ltr'>coitum</span> <span class='ocrx_word' id='word_1_574' title='bbox 3138 5437 3281 5506; x_wconf 83' lang='lat' dir='ltr'>lieri</span> <span class='ocrx_word' id='word_1_575' title='bbox 3341 5441 3585 5527; x_wconf 86' lang='lat' dir='ltr'>potest.</span> <span class='ocrx_word' id='word_1_576' title='bbox 3647 5431 3792 5502; x_wconf 89' lang='lat' dir='ltr'>llac</span> <span class='ocrx_word' id='word_1_577' title='bbox 3838 5441 4067 5502; x_wconf 82' lang='lat' dir='ltr'>autem</span> <span class='ocrx_word' id='word_1_578' title='bbox 4126 5437 4388 5526; x_wconf 86' lang='lat' dir='ltr'>potenti</span> 
     </span>
     <span class='ocr_line' id='line_1_95' title="bbox 2832 5541 4390 5634; baseline -0.004 -20"><span class='ocrx_word' id='word_1_579' title='bbox 2832 5550 3082 5615; x_wconf 77' lang='lat' dir='ltr'>virtute</span> <span class='ocrx_word' id='word_1_580' title='bbox 3111 5542 3484 5612; x_wconf 87' lang='lat' dir='ltr'>divinitatis</span> <span class='ocrx_word' id='word_1_581' title='bbox 3527 5541 3800 5632; x_wconf 76' lang='lat' dir='ltr'>attingit</span> <span class='ocrx_word' id='word_1_582' title='bbox 3845 5549 4177 5634; x_wconf 89' lang='lat' dir='ltr'>perpetuo</span> <span class='ocrx_word' id='word_1_583' title='bbox 4234 5566 4390 5610; x_wconf 86' lang='lat' dir='ltr'>ma-</span> 
     </span>
    </p>
   </div>
   <div class='ocr_carea' id='block_1_10' title="bbox 1182 5647 4392 5750">
    <p class='ocr_par' dir='ltr' id='par_1_13' title="bbox 1182 5647 4392 5750">
     <span class='ocr_line' id='line_1_96' title="bbox 1182 5647 4392 5750; baseline -0.003 -24"><span class='ocrx_word' id='word_1_584' title='bbox 1182 5659 1506 5750; x_wconf 80' lang='lat' dir='ltr'>generant</span> <span class='ocrx_word' id='word_1_585' title='bbox 1560 5649 1817 5719; x_wconf 79' lang='lat' dir='ltr'>animal</span> <span class='ocrx_word' id='word_1_586' title='bbox 1875 5647 2392 5740; x_wconf 83' lang='lat' dir='ltr'>incompletum‚</span> <span class='ocrx_word' id='word_1_587' title='bbox 2450 5671 2535 5718; x_wconf 82' lang='lat' dir='ltr'>ex</span> <span class='ocrx_word' id='word_1_588' title='bbox 2590 5672 2725 5744; x_wconf 86' lang='lat' dir='ltr'>quo</span> <span class='ocrx_word' id='word_1_589' title='bbox 2835 5677 2996 5724; x_wconf 86' lang='lat' dir='ltr'>nere</span> <span class='ocrx_word' id='word_1_590' title='bbox 3040 5654 3110 5722; x_wconf 79' lang='lat' dir='ltr'>l&#39;n</span> <span class='ocrx_word' id='word_1_591' title='bbox 3157 5672 3306 5722; x_wconf 82' lang='lat' dir='ltr'>esse</span> <span class='ocrx_word' id='word_1_592' title='bbox 3337 5650 3576 5719; x_wconf 63' lang='lat' dir='ltr'>forma!</span> <span class='ocrx_word' id='word_1_593' title='bbox 3624 5658 3690 5719; x_wconf 86' lang='lat' dir='ltr'>et</span> <span class='ocrx_word' id='word_1_594' title='bbox 3726 5651 4000 5743; x_wconf 85' lang='lat' dir='ltr'>speciei,</span> <span class='ocrx_word' id='word_1_595' title='bbox 4053 5651 4239 5742; x_wconf 84' lang='lat' dir='ltr'>quod</span> <span class='ocrx_word' id='word_1_596' title='bbox 4278 5672 4392 5717; x_wconf 87' lang='lat' dir='ltr'>se-</span> 
     </span>
    </p>
   </div>
   <div class='ocr_carea' id='block_1_11' title="bbox 1183 5757 2728 5857">
    <p class='ocr_par' dir='ltr' id='par_1_14' title="bbox 1183 5757 2728 5857">
     <span class='ocr_line' id='line_1_97' title="bbox 1183 5757 2728 5857; baseline -0.004 -21"><span class='ocrx_word' id='word_1_597' title='bbox 1183 5760 1549 5857; x_wconf 82' lang='lat' dir='ltr'>aliquando</span> <span class='ocrx_word' id='word_1_598' title='bbox 1574 5757 1746 5827; x_wconf 88' lang='lat' dir='ltr'>nibil</span> <span class='ocrx_word' id='word_1_599' title='bbox 1788 5757 1973 5827; x_wconf 84' lang='lat' dir='ltr'>aliud</span> <span class='ocrx_word' id='word_1_600' title='bbox 2016 5758 2339 5837; x_wconf 78' lang='lat' dir='ltr'>nascitur,</span> <span class='ocrx_word' id='word_1_601' title='bbox 2378 5760 2551 5829; x_wconf 78' lang='lat' dir='ltr'>sicut</span> <span class='ocrx_word' id='word_1_602' title='bbox 2603 5781 2728 5851; x_wconf 86' lang='lat' dir='ltr'>pe-</span> 
     </span>
    </p>
   </div>
   <div class='ocr_carea' id='block_1_12' title="bbox 2836 5755 4394 5847">
    <p class='ocr_par' dir='ltr' id='par_1_15' title="bbox 2836 5755 4394 5847">
     <span class='ocr_line' id='line_1_98' title="bbox 2836 5755 4394 5847; baseline -0.004 -16"><span class='ocrx_word' id='word_1_603' title='bbox 2836 5760 3133 5832; x_wconf 88' lang='lat' dir='ltr'>cundum</span> <span class='ocrx_word' id='word_1_604' title='bbox 3183 5778 3257 5829; x_wconf 78' lang='lat' dir='ltr'>se</span> <span class='ocrx_word' id='word_1_605' title='bbox 3294 5760 3367 5827; x_wconf 87' lang='lat' dir='ltr'>in</span> <span class='ocrx_word' id='word_1_606' title='bbox 3396 5755 3749 5826; x_wconf 78' lang='lat' dir='ltr'>individuo</span> <span class='ocrx_word' id='word_1_607' title='bbox 3796 5756 3924 5826; x_wconf 84' lang='lat' dir='ltr'>sibi</span> <span class='ocrx_word' id='word_1_608' title='bbox 3964 5757 4090 5827; x_wconf 77' lang='lat' dir='ltr'>fuit</span> <span class='ocrx_word' id='word_1_609' title='bbox 4137 5759 4394 5847; x_wconf 82' lang='lat' dir='ltr'>impos-</span> 
     </span>
    </p>
   </div>
  </div>
 </body>
</html>
