4919 6371
1966 257 2135 324 Lm.
2189 255 2285 321 lx
2334 252 2453 318 DE
2504 247 3092 330 ANIMALIBUS,
3142 245 3451 314 TRACT.
3506 242 3531 308 1

1673 1292 1969 1363 CAPUT
2030 1290 2149 1357 111.

1144 2034 1246 2099 De
1269 2031 1487 2120 siquas
1527 2021 2119 2119 impraeqnationis
2160 2019 2324 2110 jam
2381 2020 2586 2109 [σεται
2633 2024 2697 2081 el

1487 2136 1909 2227 formatione
1939 2140 2316 2221 conceptus.

1235 3006 1451 3097 Signa
1484 3025 1650 3072 vero
1700 2995 2278 3091 impraegnationis
2332 2993 2477 3082 jam
2508 2991 2698 3058 factae

1148 3121 1312 3182 sunt
1346 3112 1537 3181 haec:

1232 3222 1636 3290 Proximum
1689 3216 1966 3309 quidem
2009 3214 2280 3304 signum
2320 3217 2445 3286 est,
2490 3214 2565 3275 ut
2613 3206 2701 3274 sit

1143 3331 1483 3398 orificium
1528 3325 1755 3394 vulvae
1826 3324 2146 3392 exteriusv
2205 3340 2440 3386 versus
2489 3336 2698 3383 anum

1143 3436 1398 3504 siccum
1434 3432 1667 3502 statim
1706 3438 1864 3522 post
1927 3427 2182 3497 coitum
2252 3446 2269 3492 ε
2329 3422 2459 3491 hoc
2515 3420 2699 3490 enim

1146 3544 1422 3634 signum
1441 3548 1571 3621 est,
1605 3536 1793 3629 quod
1822 3535 2071 3605 matrix
2099 3531 2372 3601 attraxit
2401 3548 2696 3620 sperma,

1150 3660 1216 3718 et
1245 3647 1555 3718 clausum
1585 3653 1688 3715 est
1728 3642 2068 3714 orificium
2098 3640 2246 3731 ejus
2277 3637 2588 3715 interius,
2634 3641 2701 3702 et

1152 3755 1321 3826 nihil
1354 3754 1568 3824 exivit
1595 3753 1679 3822 de
1711 3758 2074 3844 spermate.

1238 3861 1484 3931 Adhuc
1510 3870 1741 3932 autem
1791 3860 1848 3928 si
1888 3857 2069 3926 labia
2093 3852 2315 3923 vulvae
2344 3859 2497 3943 post
2551 3849 2703 3917 coi-

1151 3979 1296 4041 tum
1322 3978 1485 4040 sunt
1520 3968 1781 4047 tenuia,
1813 3974 1917 4035 est
1943 3966 2215 4056 signum
2245 3957 2551 4050 concepti
2589 3979 2705 4025 se-

1148 4081 1354 4150 minis
1413 4100 1431 4148 τ
1484 4078 1618 4148 hoc
1671 4077 1856 4147 enim
1918 4074 2253 4167 signifieat
2317 4070 2701 4140 clausuram

1148 4187 1451 4257 matricis
1507 4193 1574 4254 et
1613 4184 2097 4254 exaltationem
2149 4181 2254 4249 sui
2311 4201 2467 4248 cum
2507 4198 2705 4267 sper-

1148 4303 1329 4364 mate
1356 4302 1715 4384 concepte,
1748 4301 1816 4361 et
1847 4291 1998 4359 ideo
2028 4309 2257 4358 secum
2290 4285 2497 4355 trahit
2524 4281 2706 4351 labia

1147 4402 1372 4471 vulvae
1416 4410 1482 4471 et
1536 4402 1771 4469 tenuia
1829 4398 2046 4469 reddit
2077 4419 2203 4466 ea:
2248 4403 2316 4464 et
2366 4392 2706 4463 clauditur

1153 4511 1397 4580 fissura
1424 4509 1651 4580 vulvoe
1689 4508 1883 4601 quasi
1904 4505 2338 4584 sensibiliter,
2370 4503 2544 4571 sicut
2573 4500 2706 4569 tilis

1159 4618 1572 4711 quibusdam
1611 4617 1795 4688 labia
1828 4615 2055 4685 vulvae
2093 4611 2583 4684 contrahantur
2620 4609 2709 4679 ad

1152 4727 1443 4798 interius
1471 4726 1799 4796 matricis.

1247 4833 1322 4901 Si
1362 4841 1591 4902 autem
1622 4839 1778 4924 post
1804 4831 2060 4901 coitum
2091 4828 2270 4898 labia
2304 4827 2527 4896 vulvoe
2572 4825 2708 4895 sint

1153 4938 1417 5008 lubrica
1446 4948 1513 5008 et
1543 4937 1850 5018 humida,
1896 4937 2025 5008 hoc
2062 4946 2162 5005 est
2191 4938 2491 5027 signum,
2524 4934 2707 5026 quod

1155 5049 1390 5117 exiens
1432 5046 1520 5118 de
1566 5048 1847 5116 matrice
1886 5068 2159 5137 sperma
2187 5044 2547 5112 lubricavit
2576 5062 2703 5113 ea:

1158 5166 1226 5225 et
1254 5157 1310 5223 si
1343 5156 1591 5225 fuerint
1621 5155 1906 5247 pinguia
1933 5154 2111 5223 lenia
2131 5155 2285 5223 acsi
2313 5153 2447 5221 sint
2477 5157 2707 5236 uncta,

1158 5267 1435 5356 signum
1501 5274 1604 5335 est
1679 5264 1868 5357 quod
1925 5285 2194 5355 sperma
2270 5263 2338 5330 in
2394 5260 2709 5353 proximo

1162 5371 1398 5455 exibit,
1441 5396 1524 5442 eo
1555 5373 1746 5466 quod
1772 5372 2029 5443 humor
2055 5371 2202 5462 ejus
2230 5369 2546 5439 subtilior
2563 5370 2710 5460 jam

1164 5481 1403 5564 exivit,
1446 5482 1564 5572 qui
1611 5481 1898 5574 pinguia
1933 5487 2001 5549 et
2028 5488 2234 5548 uncta
2269 5477 2490 5548 reddit
2531 5475 2714 5546 labia

1167 5586 1391 5657 vulvae
1435 5609 1453 5656 ε
1505 5588 2079 5682 quandocumque
2118 5586 2300 5656 enim
2338 5585 2518 5656 lenia
2555 5592 2714 5654 sunt

4217 233 4345 298 503

2790 423 2926 490 duo
2948 420 3129 488 labia
3154 418 3401 495 vulvae,
3439 418 3643 484 etiam
3665 418 4031 504 postquam
4053 409 4199 498 jam
4223 426 4348 495 per

2792 530 3051 620 aliquot
3110 526 3250 593 dies
3317 545 3551 591 semen
3613 526 4019 608 conceptum
4066 521 4189 591 est,
4250 513 4346 578 si-

2791 658 3007 726 gnum
3077 642 3181 702 est
3236 629 3418 723 quod
3473 635 3783 696 creatura
3852 622 4142 699 excidet,
4186 621 4346 710 quia

2783 746 2933 834 jam
2991 739 3227 828 incipit
3292 735 3540 826 aperiri
3587 732 3863 809 matrix,
3922 736 3992 797 et
4036 727 4344 795 amittere

2792 848 2978 942 quod
3005 845 3321 916 subtilius
3343 851 3487 913 erat
3516 841 3797 911 seminis
3825 843 4144 928 :propter
4164 830 4348 924 quod

2793 956 3113 1025 mulieres
3146 961 3441 1043 expertae
3481 952 3552 1017 in
3589 948 3841 1016 talibus
3879 943 4191 1012 volentes
4239 961 4349 1006 re-

2791 1064 3006 1132 tinere
3056 1084 3290 1131 semen
3359 1066 3791 1146 conceptum,
3837 1057 4108 1143 ungunt
4168 1046 4350 1115 labia

2791 1173 3018 1241 vulvae
3045 1172 3267 1261 primo
3297 1168 3449 1236 oleo
3471 1167 3701 1257 pinuS,
3736 1160 3924 1252 quod
3962 1167 4065 1227 est
4091 1155 4352 1248 liquida

2793 1281 2935 1371 pix,
2979 1301 3062 1346 eo
3093 1275 3277 1368 quod
3324 1272 3575 1342 matrix
3603 1271 3780 1360 fugit
3831 1267 4114 1335 odorem
4166 1263 4354 1330 foeti-

2796 1386 2957 1454 dum
2988 1385 3179 1475 piciS,
3216 1389 3283 1451 et
3306 1379 3645 1450 exaltatur
3664 1377 3748 1444 ab
3780 1376 3954 1465 ipsa,
3980 1382 4049 1441 et
4077 1373 4148 1438 in
4172 1369 4353 1438 exal·

2795 1494 3050 1560 tatione
3079 1513 3201 1558 sua
3234 1486 3657 1556 contrahitur
3693 1491 3761 1551 et
3789 1480 4127 1549 clauditur
4164 1475 4351 1544 orifi-

2798 1603 2980 1670 cium
3011 1599 3148 1666 oris
3177 1597 3387 1689 ipsius
3423 1617 3437 1662 :
3473 1593 3591 1662 sed
3619 1590 3749 1660 hoc
3780 1612 3918 1657 non
3950 1595 4053 1655 est
4095 1585 4353 1652 facien-

2797 1708 2962 1776 dum
3002 1708 3133 1774 nisi
3171 1712 3535 1796 postquam
3572 1701 3719 1789 jam
3759 1717 3998 1766 semen
4055 1713 4353 1780 concep-

2798 1824 2946 1883 tum
2986 1823 3089 1882 est
3116 1836 3238 1904 per
3274 1812 3578 1902 quinque
3624 1806 3736 1875 vel
3774 1827 3896 1874 sex
3951 1799 4062 1869 vel
4093 1805 4354 1889 septem

2798 1924 2965 1992 dies.
3001 1922 3169 1990 Post
3196 1923 3591 1991 unctionem
3624 1923 3856 1983 autem
3895 1911 4101 2003 piscis
4155 1905 4356 1996 liqui-

2800 2030 2901 2099 dae
2938 2037 3206 2120 ungunt
3244 2027 3520 2095 olibano
3554 2033 3621 2092 et
3649 2018 3994 2090 absinthio
4026 2023 4094 2083 et
4122 2033 4361 2081 cerusa

2803 2140 2873 2204 in
2912 2134 3063 2203 oleo
3094 2133 3292 2202 olivae
3331 2129 3702 2205 dissolutiS,
3761 2149 3843 2194 eo
3901 2119 4088 2213 quod
4126 2116 4360 2187 omnia

2799 2242 2948 2310 haec
2969 2241 3148 2308 sicca
3174 2246 3336 2307 sunt
3363 2235 3586 2314 valde,
3620 2242 3688 2301 et
3716 2253 3839 2299 sua
3868 2229 4169 2297 siccitate
4201 2244 4360 2311 ope-

2802 2352 2983 2418 riant
3023 2348 3325 2416 matricis
3362 2344 3776 2414 clausuram.
3833 2335 3909 2404 Si
3939 2342 4172 2404 autem
4206 2337 4359 2421 post

2800 2465 3058 2547 septem
3091 2455 3232 2523 dies
3252 2473 3524 2545 sperma
3555 2444 3957 2518 remanserit
3978 2442 4048 2508 in
4078 2437 4355 2507 matrice

2800 2587 2921 2657 per
2974 2562 3108 2631 tale
3165 2560 3495 2638 studium,
3529 2566 3693 2624 tunc
3758 2549 4199 2621 manifestum
4257 2550 4357 2611 est

2801 2671 3128 2764 quoniam
3160 2665 3636 2759 impraegnabit
3685 2686 3700 2731 ε
3745 2659 4142 2729 occasiones
4171 2653 4356 2720 enim

2801 2786 2872 2847 et
2888 2780 3085 2870 signa
3102 2774 3693 2868 praedeterminata
3720 2767 3896 2835 infra
3915 2771 4179 2854 septem
4209 2759 4357 2827 dies

2803 2884 3347 2954 manifestantur.

2894 2989 2968 3060 Si
3000 2998 3226 3059 autem
3277 2988 3344 3056 id
3383 2986 3569 3078 quod
3606 2990 4013 3073 conceptum
4053 2984 4178 3055 est,
4223 2974 4367 3042 dis-

2801 3101 2998 3193 ponit
3024 3122 3096 3167 se
3133 3107 3210 3167 ut
3238 3097 3358 3166 siat
3383 3095 3689 3172 l'oemina,
3723 3090 4040 3182 purgatio
4083 3082 4364 3153 seminis

2802 3233 2924 3302 per
2959 3208 3412 3300 digestionem
3443 3205 3618 3273 facta
3645 3203 3772 3270 erit
3804 3202 3873 3268 in
3904 3198 4186 3287 triginta
4223 3190 4363 3258 die-

2805 3320 2932 3388 bus
2975 3341 2990 3385 :
3027 3327 3095 3387 et
3131 3318 3189 3385 si
3218 3314 3518 3406 disponit
3545 3334 3619 3380 se
3657 3309 3743 3377 ad
3781 3328 4044 3376 marem
4100 3300 4362 3372 facien-

2805 3425 2994 3503 dum,
3028 3422 3430 3517 purgabitur
3466 3441 3684 3510 usque
3729 3414 3816 3483 ad
3869 3412 4353 3482 formationem

2804 3534 3216 3627 completam
3252 3553 3471 3622 usque
3523 3527 3610 3596 ad
3676 3521 4130 3617 quadraginta
4184 3517 4352 3585 dies.

2807 3643 3023 3712 Citius
3052 3641 3237 3710 enim
3277 3635 3681 3730 purgabitur
3721 3651 3959 3700 semen
3987 3631 4359 3714 conceptus

2807 3749 3104 3819 l’oeminae
3151 3768 3359 3838 quam
3399 3744 3633 3820 maris,
3667 3746 3949 3830 propter
4003 3731 4135 3801 hoc
4175 3726 4360 3821 quod

2807 3864 2907 3925 est
2957 3853 3234 3923 mollius
3289 3859 3359 3919 et
3416 3851 3618 3918 citius
3666 3851 4023 3936 separatur
4068 3837 4154 3907 ab
4214 3837 4360 3926 ipso

2806 3964 3154 4054 impurum
3196 3981 3213 4027 :
3246 3957 3505 4028 tardius
3541 3964 3771 4023 tamen
3809 3951 4146 4020 formatur
4166 3965 4366 4033 sper-

2808 4093 2921 4140 ma
2957 4069 3042 4137 de
3081 4090 3218 4160 quo
3275 4066 3352 4134 tit
3379 4064 3685 4141 loemina,
3731 4079 3939 4151 quam
3980 4053 4066 4122 de
4112 4073 4249 4143 quo
4289 4049 4363 4116 fit

2809 4200 2981 4259 maS,
3023 4198 3106 4244 eo
3135 4173 3320 4267 quod
3350 4182 3553 4242 tenue
3584 4177 3652 4239 et
3689 4165 3897 4236 molle
3929 4161 4152 4253 magis
4181 4156 4366 4227 difli-

2809 4284 3026 4355 culter
3055 4283 3298 4352 retinet
3334 4282 3588 4372 figuras
3618 4297 3825 4367 quam
3856 4275 4180 4363 spissum.

2901 4399 3192 4491 Signum
3224 4404 3454 4466 autem
3500 4388 4088 4484 impraegnationis
4125 4390 4368 4476 praeter

2811 4509 3046 4578 omnia
3081 4528 3232 4598 quae
3280 4504 3459 4573 dicta
3508 4508 3695 4583 sunt,
3736 4505 3840 4566 est
3877 4495 4034 4588 quia
4105 4494 4371 4581 imprae-

2810 4623 3034 4707 gnatae
3089 4635 3230 4681 non
3280 4611 3603 4681 emittunt
3685 4603 4095 4696 sanguinem
4168 4619 4372 4665 men-

2812 4730 3105 4801 struum,
3146 4718 3321 4789 sicut
3355 4725 3512 4786 aute
3533 4715 3882 4784 lecerunt:
3923 4716 3991 4777 et
4027 4705 4161 4774 hoc
4196 4724 4373 4772 con-

2813 4828 3015 4920 tingit
3050 4835 3328 4918 propter
3370 4821 3673 4893 matricis
3710 4817 4100 4887 clausuram
4131 4819 4200 4880 et
4254 4808 4370 4877 de-

2815 4937 3221 5006 rivationem
3249 4930 3578 5001 menstrui
3618 4927 3703 4995 ad
3731 4925 3865 4994 alia
3906 4922 4081 4992 loca.
4113 4919 4373 4988 Dividi-

2815 5055 2927 5115 tur
2953 5045 3136 5114 enim
3165 5051 3326 5112 tunc
3363 5043 3436 5109 in
3473 5048 3611 5106 tres
3640 5043 3866 5127 partes
3899 5055 3915 5100 :
3951 5040 4018 5100 et
4047 5051 4187 5098 una
4214 5030 4376 5119 qui-

2817 5154 2973 5223 dem
3029 5174 3183 5243 pars
3258 5149 3470 5242 ipsius
3521 5144 3789 5234 sugitur
3834 5163 3875 5208 a
3919 5146 4251 5228 concepto
4289 5135 4373 5204 ad

2817 5261 3314 5330 nutrimentum
3350 5276 3367 5325 2
3402 5261 3471 5322 et
3496 5251 3641 5320 haec
3671 5255 3771 5317 est
3819 5270 3976 5338 pars
4030 5244 4368 5313 subtilior.

2818 5367 2978 5436 Alia
3023 5372 3253 5434 autem
3308 5367 3465 5453 post
3528 5355 3662 5427 hoc
3700 5352 4041 5434 subtilior,
4083 5349 4379 5422 trahitur

2820 5496 3094 5568 sursum
3145 5470 3233 5540 ad
3297 5465 3664 5537 mamillas,
3713 5463 3802 5533 Et
3855 5463 3990 5532 alia
4027 5482 4187 5554 pars
4223 5480 4377 5548 qua».

2823 5590 2924 5651 est
2988 5578 3344 5672 impurior,
3404 5581 3538 5643 stat
3590 5575 3664 5641 in
3709 5572 3989 5640 matrice
4036 5588 4253 5658 usque
4290 5562 4380 5632 ad
