4919 6371
2001 486 2170 555 LIB.
2225 486 2354 554 XII
2402 486 2522 553 DE
2568 481 3157 566 ANIMALIBUS,
3207 483 3519 552 TRACT.
3571 483 3667 549 111
4300 477 4426 545 637

2183 1477 3164 1594 TRACTATUS
3231 1481 3426 1589 111

2016 2090 2157 2183 De
2203 2090 2656 2183 membris
2701 2086 3188 2216 orqanicis
3236 2091 3607 2214 capitis.

2855 2927 3068 2973 unum
3110 2915 3210 2975 est
3250 2904 3641 2973 membrum
3682 2906 4012 2996 recipiens
4062 2908 4319 2992 cibum,
4353 2921 4419 2979 et

2853 3012 3037 3079 aliud
3075 3023 3176 3082 ost
3215 3012 3601 3082 membrum
3631 3036 3754 3103 per
3782 3014 3966 3104 quod
3998 3017 4138 3086 exit
4173 3041 4419 3109 super-

2854 3121 3103 3190 fluitas,
3139 3120 3413 3190 Animal
3462 3123 3644 3190 enim
3710 3145 3833 3191 nec
3890 3147 4217 3216 generare
4294 3150 4420 3197 uec

2851 3249 3149 3296 crescere
3188 3237 3409 3318 potest
3438 3228 3584 3296 sine
3614 3226 3764 3295 cibo
3809 3251 3825 3295 :
3881 3230 4065 3299 intus
4111 3234 4294 3301 enim
4351 3236 4422 3301 in

2774 3374 2795 3392 ·
2850 3343 3043 3403 utero
3074 3337 3338 3404 cibatur
3367 3344 3743 3416 menstruo,
3775 3336 3884 3405 vel
3935 3361 4017 3407 eo
4075 3340 4261 3431 quod
4317 3350 4424 3410 est

2851 3440 3002 3511 loco
3045 3444 3369 3512 menstrui
3409 3444 3581 3511 sicut
3600 3452 3702 3511 est
3719 3444 4029 3513 vitellum
4080 3470 4415 3519 ovorum:

2854 3551 3150 3619 exterius
3189 3560 3416 3620 autem
3454 3553 3663 3620 sumit
3694 3533 3932 3621 eibum
3973 3578 4096 3644 per
4149 3579 4252 3625 os.
4286 3557 4426 3624 Ar-

2851 3655 3049 3726 bores
3079 3666 3309 3726 autem
3346 3660 3637 3726 vivunt:
3702 3658 3960 3749 opinati
4015 3671 4176 3730 sunt
4231 3661 4415 3731 enim

1768 3772 2062 3842 CAPUT
2108 3771 2132 3837 1
2145 3824 2161 3839 .
2851 3761 3049 3830 multi
3078 3763 3307 3832 vivere
3335 3761 3627 3854 plantas»,
3662 3772 3729 3831 et
3757 3774 3989 3832 tamen
4020 3764 4248 3835 iocum
4276 3789 4419 3834 non

1896 3903 1902 3910 -
2851 3868 3100 3938 habere
3138 3892 3260 3961 per
3295 3893 3499 3962 quem
3554 3872 3826 3960 ejiciant
3883 3872 4413 3963 superfluitatem

2853 3999 2934 4045 eo
2982 3977 3167 4068 quod
3270 3978 3700 4069 superfluitas
3746 4001 3884 4047 non
3934 3981 4024 4049 sit
4088 3981 4157 4049 in
4217 3981 4421 4072 plan-

2855 4084 3007 4151 tis:
3060 4106 3197 4152 uon
3262 4085 3446 4152 euim
3521 4084 3826 4177 indigent
3894 4088 4083 4155 exitu
4177 4111 4424 4180 super-

2854 4192 3155 4269 fluitatis,
3189 4214 3271 4261 eo
3301 4191 3486 4282 quod
3516 4216 3554 4258 a
3585 4201 3762 4262 terra
3800 4193 4033 4264 cibum
4083 4195 4425 4285 recipiunt

2853 4302 3073 4392 prima
3101 4300 3478 4393 digestione
3500 4301 3854 4371 decoctum
3877 4311 3946 4371 et
3972 4302 4418 4396 completum.

2860 4407 3414 4499 Superssuitntem
3442 4417 3670 4477 autem
3712 4411 4166 4500 pertinentem
4199 4409 4286 4479 nd
4325 4434 4429 4478 sn-

1186 4525 1292 4591 De
1364 4525 1594 4616 capite
1634 4527 2012 4595 secundum
2103 4528 2293 4618 quod
2363 4530 2585 4620 ipsum
2649 4539 2745 4596 es!
2854 4515 3065 4585 lulem
3122 4518 3370 4607 ΒΡθθῑθὶ
3444 4518 3764 4587 omilium
3820 4518 4074 4611 Plani&
4130 4519 4309 4589 Sicut
4356 4529 4426 4589 0¹·

1684 4633 2255 4721 <pp-5905msu11m,
2369 4643 2370 4648 ’
2855 4624 3201 4703 animalia,
3253 4633 3319 4692 et
3375 4622 3631 4693 habent
3696 4627 3925 4695 exitus
3970 4636 4041 4697 et
4108 4626 4420 4696 membra

2853 4755 2972 4824 por
3011 4753 3162 4822 quae
3192 4731 3510 4801 emittunt
3538 4732 3981 4822 hujusmodi:
4025 4742 4094 4802 et
4159 4732 4424 4826 signiti-

2853 4848 3078 4908 catum
3111 4837 3503 4930 hujusmodi
3535 4841 3823 4909 membri
3866 4850 3970 4909 est
4033 4843 4259 4910 exitus
4320 4864 4423 4911 se-

2855 4945 3060 5014 minis
3098 4953 3166 5013 et
3192 4944 3561 5014 fructuum.

2948 5050 3025 5119 In
3054 5049 3465 5118 animalibus
3495 5060 3723 5119 nutem
3783 5051 4107 5121 omnibus
4171 5060 4423 5144 proeter

2857 5156 2993 5225 «luo
3032 5156 3209 5226 dicta
3228 5157 3536 5226 membra
3564 5166 3664 5226 ost
3691 5159 3968 5228 tertium
4002 5157 4416 5236 membrum,

2859 5269 2927 5335 in
2967 5288 3104 5358 quo
3143 5274 3243 5334 est
3271 5267 3682 5358 principium
3712 5267 3870 5336 vitae
3905 5290 3921 5335 z
3972 5275 4039 5335 et
4067 5265 4200 5335 hoo
4266 5289 4424 5337 me-

2859 5375 3047 5445 dium
3078 5375 3254 5443 inter
3304 5375 3439 5442 duo
3487 5374 3661 5443 dicta
3721 5373 4054 5455 membra,
4118 5383 4183 5443 ot
4230 5375 4424 5466 posi-

1278 5481 1489 5551 Modo
1517 5492 1749 5553 autem
1789 5484 2094 5555 volentes
2122 5484 2306 5577 loqui
2336 5486 2420 5554 ‹le
2478 5486 2751 5577 organi-
2862 5494 3004 5553 tum
3046 5486 3116 5552 iu
3146 5483 3374 5552 medio
3414 5483 3743 5574 ipsorum.
3804 5483 4151 5552 Arborum
4192 5492 4420 5552 nutem

1190 5589 1311 5667 cis,
1354 5590 1439 5656 de
1471 5590 1722 5682 quibus
1761 5614 1978 5684 nuper
2015 5599 2296 5661 tractare
2341 5593 2745 5672 dimisimus,
2860 5601 2926 5661 et
2984 5590 3456 5660 universaliter
3534 5588 3921 5681 plantarum
3991 5599 4234 5659 natura
4321 5596 4424 5656 est

1190 5693 1483 5764 dicimus
1533 5698 1719 5789 quod
1794 5723 1998 5768 omne
2052 5699 2305 5768 animal
2374 5703 2749 5770 necessario
2860 5722 3234 5792 paucorum
3334 5696 3801 5767 membrorum
3879 5698 4362 5791 organicorum
4398 5718 4414 5764 ε

1193 5801 1403 5872 habet
1456 5803 1597 5873 duo
1664 5808 1986 5899 organica
2066 5806 2398 5888 membra,
2459 5831 2751 5899 quorum
2863 5830 3453 5900 quorumcumque
3518 5807 3703 5875 enim
3768 5807 4208 5899 operationes
4263 5811 4425 5872 sunt
