4919 6371
1919 492 2087 560 LIB.
2149 489 2237 556 VI
2285 487 2403 555 DE
2449 484 3034 567 ANIMALIBUS,
3083 488 3392 557 TRACT.
3448 490 3509 555 Π

1112 689 1235 756 per
1263 666 1560 756 lapidem
1597 687 1611 731 :
1640 672 1700 730 et
1733 663 1797 728 id
1831 661 2011 751 quod
2042 661 2173 727 exit
2206 661 2425 749 primo
2458 683 2495 726 a
2533 681 2656 725 suo

1113 797 1273 852 ove,
1336 781 1436 840 est
1479 771 1691 837 latum
1732 777 1794 835 et
1839 768 2065 836 molle.
2104 767 2279 836 Ovat
2319 776 2543 836 autem
2588 767 2657 832 in

1110 889 1290 947 terra
1319 879 1472 946 ideo
1508 877 1666 968 quia
1699 876 1844 944 loca
1876 877 2136 944 marina
2167 901 2318 969 qua}
2351 886 2509 945 sunt
2540 898 2656 942 su-

1110 1010 1232 1078 per
1277 986 1518 1053 faciem
1565 992 1787 1064 terme,
1823 994 1980 1052 sunt.
2037 986 2276 1066 calida,
2321 995 2385 1053 et
2447 995 2548 1055 est
2589 990 2656 1054 in

1111 1093 1207 1158 eis
1238 1090 1495 1157 multus
1523 1090 1714 1157 cib‘us
1759 1115 1772 1159 ε
1818 1098 1883 1158 et
1922 1090 2145 1181 pullos
2194 1093 2309 1182 qui
2351 1091 2440 1158 ibi
2471 1098 2651 1168 sunt,

1107 1218 1250 1264 non
1281 1197 1648 1265 comedunt
1678 1198 1808 1265 alia
1839 1197 2157 1265 animalia
2202 1218 2411 1286 parva
2458 1197 2660 1262 mari-

1108 1328 1221 1373 na.
1275 1304 1362 1373 Et
1405 1315 1683 1397 propter
1719 1305 1893 1372 hane
1937 1327 2211 1371 causam
2260 1304 2477 1392 major
2503 1326 2657 1393 pars

1107 1413 1400 1504 piscium
1446 1413 1771 1504 pulliiicat
1834 1415 1901 1477 in
1957 1411 2127 1476 mari
2177 1409 2360 1499 quod
2415 1409 2659 1478 dieitur

1107 1520 1424 1607 Kaycam
1473 1516 1727 1594 Graece,
1763 1523 1827 1582 et
1874 1522 1974 1581 est
2002 1537 2189 1582 mare
2218 1515 2512 1582 Kaclzim
2552 1515 2660 1582 ‹li-

1106 1634 1292 1693 etum
1321 1624 1638 1701 Arabice,
1673 1622 1910 1690 Latine
1942 1631 2167 1690 autem
2210 1630 2495 1690 vocatur
2522 1645 2658 1689 ma·

1107 1755 1179 1799 re
1225 1730 1638 1821 Bosphoros,
1695 1729 2082 1797 Pulliiicant
2137 1738 2364 1797 autem
2417 1752 2659 1797 aseen-

1107 1837 1344 1905 dentes
1383 1838 1466 1905 de
1514 1840 1687 1905 mari
1728 1838 1942 1928 ripam
2004 1837 2195 1904 fluvii
2251 1839 2369 1927 qui
2416 1836 2661 1904 dieitur

1106 1943 1519 2023 Fet-moden,
1555 1967 1759 2036 quem
1790 1944 2067 2034 quidam
2094 1943 2327 2011 Nilum
2366 1967 2511 2011 esse
2550 1943 2661 2012 in-.

1108 2060 1590 2143 terpretantur,
1626 2054 1949 2143 quoniam
1981 2052 2051 2118 in
2084 2053 2227 2140 ripa
2256 2051 2556 2119 ssuminis
2584 2051 2663 2118 il-

1112 2161 1243 2228 lius
1282 2183 1422 2227 non
1454 2168 1556 2228 est
1587 2162 1879 2250 impetus
1908 2168 2294 2242 ventorum,
2330 2167 2394 2227 et
2425 2168 2524 2227 est
2555 2160 2663 2227 lo-

1108 2290 1230 2335 eus
1267 2265 1552 2345 calidus,
1597 2275 1662 2334 et
1692 2267 1924 2356 recipit
1972 2267 2040 2333 in
2071 2289 2142 2334 se
2172 2266 2421 2335 multas
2451 2291 2661 2359 aquas

1109 2373 1339 2442 dulces
1405 2385 1682 2466 propter
1723 2374 2005 2466 longum
2071 2376 2329 2442 tiuxum
2379 2376 2526 2464 ejus
2577 2377 2659 2443 ab

1109 2480 1566 2574 aequinoctiali
1615 2505 1830 2573 usque
1878 2482 1963 2550 ad
2009 2504 2217 2549 mare.
2273 2482 2499 2550 Pisces
2537 2507 2664 2550 au-

1108 2598 1248 2657 tem
1280 2589 1504 2657 taliter
1533 2596 1817 2657 ovantes
1849 2612 1985 2656 non
2015 2589 2268 2656 faciunt
2306 2589 2504 2658 foetus
2534 2591 2662 2657 nisi

1107 2695 1317 2763 semel
1359 2697 1429 2762 in
1469 2717 1675 2773 ann0,
1710 2705 1950 2785 praeter
1979 2693 2299 2772 fochidon
2339 2695 2522 2787 quod
2563 2705 2661 2763 est

1107 2822 1398 2890 parvum
1437 2820 1656 2890 genus
1685 2798 1971 2889 piscium
2008 2823 2023 2866 :
2060 2798 2191 2866 hoc
2228 2800 2408 2867 enirn
2449 2823 2665 2891 genus

1111 2905 1440 2995 pulliiicat
1478 2904 1583 2971 bis
1622 2905 1690 2972 in
1740 2928 1945 2971 anno.
1990 2904 2386 2973 Differentia
2435 2915 2663 2973 antem

1112 3034 1264 3102 quae
1305 3019 1407 3080 est
1437 3012 1614 3080 inter
1643 3034 1899 3080 marem
1943 3021 2007 3079 et
2049 3012 2397 3081 [mininam
2462 3012 2665 3102 hujus

1111 3122 1382 3211 generis
1430 3118 1763 3190 malachie
1801 3128 1925 3197 est,
1970 3120 2152 3211 quod
2194 3143 2341 3188 mas
2382 3130 2481 3189 est
2515 3143 2669 3189 ma-

1111 3229 1216 3319 gis
1242 3229 1442 3320 niger
1471 3237 1540 3296 et
1572 3229 1851 3318 majoris
1878 3227 2187 3297 concinae.

1200 3346 1477 3414 Animal
1509 3355 1736 3413 autem
1789 3346 1979 3414 bah-e
2028 3347 2172 3414 sive
2203 3345 2393 3413 mace
2432 3346 2666 3415 Latine

1113 3462 1459 3531 voeatum,
1512 3456 1805 3544 concipit
1846 3478 1975 3522 ova
2012 3477 2028 3523 :
2062 3463 2126 3521 et
2183 3477 2339 3521 cum
2405 3456 2665 3522 venerit

1112 3569 1386 3651 tempus
1439 3569 1699 3652 partus,
1749 3560 2103 3629 finduntur
2165 3582 2295 3627 ova
2338 3561 2408 3629 in
2474 3569 2667 3638 utero

1116 3666 1265 3755 ejus
1311 3674 1381 3733 et
1425 3667 1600 3757 parit
1632 3665 1911 3744 animal.
1957 3674 2023 3733 et
2065 3675 2314 3735 exeunt
2368 3665 2535 3757 pulli
2585 3666 2667 3734 de

1117 3774 1293 3865 ipso.
1348 3772 1481 3841 iste
1533 3773 1720 3841 enim
1752 3774 1953 3864 piscis
2001 3771 2203 3840 habet
2246 3772 2669 3843 additamen-

1118 3889 1269 3949 tum
1298 3878 1646 3972 quoddam
1677 3878 1988 3971 elargans
2019 3889 2284 3949 uterum
2318 3904 2518 3949 suum
2544 3882 2671 3948 snb

1118 3995 1360 4055 ventre
1387 3995 1457 4055 et
1485 3985 1756 4078 hepate,
1787 3996 1852 4055 et
1885 3987 2158 4076 quando
2188 3989 2481 4078 concipit
2512 4011 2667 4067 ova,

1124 4104 1476 4164 remanent
1543 4117 1675 4163 ova
1729 4095 1934 4163 simul
1992 4095 2058 4163 in
2118 4095 2266 4185 ipso
2333 4104 2398 4167 et
2454 4096 2673 4163 ronti·

1117 4215 1419 4276 nuantur
1444 4205 1531 4275 ad
1596 4206 1910 4281 invicem,
1953 4215 2015 4272 et
2048 4226 2188 4272 non
2244 4207 2513 4295 pariunt
2565 4206 2669 4272 isti

1117 4318 1338 4407 pisces
1374 4316 1507 4384 nisi
1554 4314 1620 4383 id
1669 4314 1921 4382 animal
1961 4314 2144 4405 quod
2193 4323 2557 4404 generatur
2590 4338 2674 4383 ex

1117 4424 1272 4489 ovis
1299 4421 1444 4488 suis
1477 4445 1495 4490 :
1527 4420 1646 4487 sed
1677 4444 1809 4487 ova
1839 4419 1951 4487 illa
1981 4419 2350 4511 aliquando
2385 4423 2673 4490 retinent

1116 4527 1295 4597 intra
1323 4549 1398 4594 se
1427 4527 1498 4595 in
1529 4526 1990 4595 additamento
2021 4526 2343 4616 praedicto
2383 4529 2525 4594 sive
2547 4528 2677 4616 eji-

1119 4637 1304 4705 ciant
1331 4643 1526 4704 extra
1557 4658 1574 4704 τ
1610 4636 1769 4726 quia
1801 4633 2076 4727 quando
2103 4634 2494 4705 efficiuntur
2520 4636 2677 4707 ani-

1122 4744 1326 4811 malia
1359 4742 1535 4810 intra
1577 4742 1646 4809 in
1685 4741 2174 4817 additamento,
2208 4742 2676 4832 producuntur

1121 4850 1192 4918 in
1267 4849 1405 4917 tela
1458 4848 1717 4926 subtili,
1751 4856 1819 4916 et
1871 4858 2071 4918 erunt
2122 4848 2302 4917 oculi
2358 4850 2530 4917 sicut
2604 4850 2673 4917 in

1118 4957 1457 5049 principio
1502 4956 1930 5025 formationis
1979 4980 2219 5025 eorum
2278 4961 2507 5045 magni
2560 4981 2678 5025 ro-

1120 5068 1343 5143 tundi,
1386 5089 1472 5135 ex
1500 5089 1640 5159 qun
1671 5065 2110 5158 perpenditur
2153 5066 2528 5136 differentia
2560 5090 2677 5156 ge-

1121 5174 1496 5244 nerationis
1551 5194 1790 5241 eorum
1848 5198 1886 5240 a
1948 5176 2385 5264 generatione
2435 5196 2672 5241 eorum

1118 5303 1271 5373 quae
1308 5288 1636 5373 generant
1686 5302 1951 5349 vermes
1983 5303 1999 5347 t
2037 5281 2363 5371 quoniam
2413 5283 2481 5349 in
2518 5305 2676 5348 vor-

1122 5389 1346 5458 mibus
1393 5388 1529 5458 illis
1566 5390 1788 5479 primo
1846 5398 2169 5479 apparent
2222 5396 2445 5480 partes
2512 5388 2674 5457 inie-

1123 5498 1336 5563 riores
1402 5495 1723 5583 majores.
1779 5493 1855 5561 ln
1923 5492 2027 5563 his
2086 5502 2312 5561 autem
2378 5494 2676 5586 piscibus

1124 5602 1241 5693 qui
1298 5623 1384 5668 ex
1439 5600 1592 5669 ovis
1655 5599 2056 5680 formantur,
2114 5602 2335 5692 primo
2384 5604 2676 5691 majores

1125 5707 1652 5777 manifestantur
1723 5716 1947 5800 partes
2008 5710 2419 5799 superiores,
2474 5720 2544 5780 et
2605 5711 2673 5779 in

1125 5814 1478 5885 vermibus
1525 5812 1598 5881 in
1628 5813 1762 5882 tine
1798 5824 2210 5905 generantur
2254 5814 2433 5884 oculi
2466 5824 2527 5884 et
2559 5840 2677 5884 ca—

4182 466 4323 552 '347

2772 668 2888 748 put
2928 683 2941 726 :
2978 661 3045 725 in
3085 662 3383 750 pist-ilius
3430 670 3663 728 autem
3705 662 3773 727 in
3833 659 4190 751 principio.
4246 655 4324 721 In

2770 764 3088 829 omnibus
3153 774 3381 830 autem
3439 764 3551 831 hic
3611 765 3902 854 piscium
3961 761 4324 854 generibus

2771 869 3040 957 quando
3089 871 3394 961 privatur
3448 869 3821 937 humiditas
3876 873 3992 936 ovi
4047 893 4130 937 ex
4188 891 4322 959 quo

2769 985 3100 1052 formatur
3134 979 3524 1071 pisciculu5‚
3557 1001 3703 1046 non
3742 977 4037 1068 amplius
4068 1000 4151 1044 ex
4189 1000 4324 1044 ovo

2768 1093 3031 1160 cibatur
3057 1091 3281 1182 piscis,
3321 1088 3458 1156 Sed
3487 1095 3643 1178 post
3672 1085 4024 1154 modicum
4053 1085 4159 1152 sui
4213 1086 4327 1152 in-

2768 1209 3187 1268 crementum
3236 1196 3575 1265 cibabitur
3613 1193 4031 1261 sufficienter
4087 1215 4171 1259 ex
4217 1191 4325 1258 his

2769 1330 2916 1397 quae
2961 1315 3118 1374 sunt
3147 1327 3231 1372 ex
3269 1325 3447 1393 aqua
3485 1302 3639 1368 rivi.

2857 1413 3214 1493 Quoddam
3256 1417 3485 1477 autem
3524 1415 3626 1475 est
3667 1428 3885 1497 genus
3937 1405 4121 1496 quod
4169 1415 4327 1472 lon-

2766 1546 2923 1591 :um
2954 1521 3165 1588 Graeci
3196 1518 3456 1608 antiqui
3502 1522 3950 1594 vocaverunt,
3995 1522 4061 1581 et
4084 1512 4328 1604 [quan-

2767 1630 2852 1698 do
2910 1628 3041 1697 hoc
3105 1649 3319 1718 genus
3395 1631 3579 1700 ovat,
3660 1623 3849 1689 ducit
3924 1622 4009 1705 ad
4075 1630 4324 1689 terram

2768 1735 3132 1828 quemdam
3182 1733 3546 1801 humorem
3593 1730 3944 1812 viscosum
3976 1730 4319 1811 citi-inum,

2768 1866 2972 1935 quem
3028 1842 3283 1910 lroclzon
3321 1846 3573 1907 vocant
3639 1836 3920 1928 quidam
3957 1858 3972 1903 ε
4011 1844 4075 1903 et
4129 1833 4329 1901 dixe-

2768 1962 2946 2030 runt,
2998 1951 3182 2043 quod
3226 1958 3325 2018 est
3382 1949 3510 2016 ssos
3559 1948 3732 2051 ejuS,
3776 1968 3861 2014 ex
3916 1967 4054 2036 quo
4095 1944 4328 2012 dicunt

2768 2059 3073 2152 generari
3115 2055 3366 2124 animal
3430 2055 3689 2123 dictum
3738 2053 4087 2131 keoclzion,
4138 2059 4208 2119 et
4256 2050 4326 2116 in

2769 2167 2900 2237 hoc
2929 2188 3179 2258 genere
3211 2165 3278 2232 in
3301 2163 3638 2254 principio
3682 2161 3938 2229 oestatis
3968 2160 4337 2228 inveniun-

2746 2280 2881 2343 ‘tur
2943 2273 3243 2352 conchae,
3304 2281 3372 2339 et
3428 2271 3665 2340 dicunt
3724 2268 4002 2360 quidam
4071 2266 4331 2357 experti

2777 2385 3225 2463 marinorum,
3276 2381 3462 2472 quod
3510 2377 3789 2447 kochon
3846 2378 3976 2445 tlos
4034 2398 4172 2443 non
4219 2397 4339 2442 ac-

2772 2494 3058 2587 quiritur
3089 2490 3217 2558 nisi
3257 2513 3343 2556 ex
3391 2488 3692 2579 piscibus
3725 2487 3976 2576 parvis,
4015 2483 4129 2573 qui
4172 2490 4332 2550 sunt

2773 2607 2842 2671 in
2871 2603 3021 2671 loco
3052 2623 3191 2668 suae
3232 2596 3770 2689 pulliticationiS.

2859 2709 3172 2800 Amplius
3202 2714 3432 2775 autem
3463 2705 3683 2795 pisces
3736 2703 3853 2794 qui
3903 2700 4214 2769 habitant
4261 2699 4331 2765 in

2771 2819 3028 2886 lat-unis
3059 2824 3120 2883 et
3153 2814 3403 2889 ssuvii8‚
3439 2813 3509 2880 in
3551 2811 3798 2900 majori
3843 2816 4034 2899 parte
4069 2809 4335 2897 imprae-

2772 2933 3066 3015 gnantur
3094 2932 3247 3014 post
3292 2923 3593 3024 quinque
3644 2940 3940 2986 menses.
3992 2915 4129 2983 Sed
4168 2936 4335 3005 prm-

2772 3035 2965 3122 cipue
3008 3039 3157 3121 post
3205 3051 3420 3095 unum
3460 3049 3721 3093 annum
3762 3023 4144 3114 pulliticant
4188 3044 4335 3088 om-

2772 3163 2915 3219 neS,
2969 3146 3034 3207 et
3090 3159 3227 3205 non
3295 3142 3501 3203 ovant
3569 3155 3703 3201 ova
3749 3155 3872 3200 sua
3921 3128 4152 3214 simul,
4213 3126 4330 3197 sed

2773 3248 3147 3316 successive
3193 3249 3525 3339 spargunt
3577 3263 3683 3319 ea,
3730 3241 3906 3307 sicut
3964 3238 4169 3306 etiam
4230 3236 4330 3304 sa-

2773 3357 2957 3424 ciunt
2997 3356 3209 3445 pisces
3248 3351 3520 3419 marini.
3558 3346 3837 3417 Animal
3870 3356 4100 3415 autem
4127 3367 4336 3436 aqna-

2773 3467 2981 3532 tirum
3015 3460 3195 3553 quod
3226 3461 3620 3528 kochomom
3654 3457 3926 3533 dicitur,
3970 3454 4333 3546 quinquies

2776 3580 2888 3639 aut
2918 3571 3137 3636 sexies
3193 3569 3260 3635 in
3309 3588 3494 3634 anno
3524 3570 3711 3641 ovat,
3754 3569 3819 3631 et
3876 3560 4205 3653 pulliiicat
4263 3560 4332 3627 in

2777 3678 3014 3768 majori
3047 3682 3234 3767 parte
3263 3672 3441 3766 apud
3480 3670 3945 3765 apparitiones
3983 3667 4333 3738 stellarum

2776 3778 3222 3861 diversarum,
3273 3803 3425 3873 qnae
3473 3781 3543 3847 in
3582 3777 3968 3848 mutatione
4022 3798 4142 3845 sex
4199 3777 4336 3864 sig·

2778 3915 3021 3962 norum
3050 3890 3557 3982 aquilonarium
3615 3887 3699 3955 de
3746 3886 3876 3952 sub
3911 3884 4119 3953 radiis
4167 3883 4333 3951 solis

2776 4003 3155 4087 emergunt.
3208 3995 3537 4063 Ilalclu‘m
3587 3994 3796 4060 etiam
3855 3991 4105 4059 dicitur
4148 3988 4334 4082 quod

2776 4116 2878 4173 ter
2905 4106 2975 4172 in
3001 4126 3180 4172 anno
3209 4100 3562 4193 pulliticat.
3600 4098 3879 4166 Residui
3911 4106 4144 4185 autem
4180 4119 4335 4163 lno-

2779 4212 2843 4279 ‹li
2899 4212 3186 4303 piscium
3244 4209 3381 4276 fere
3438 4229 3683 4277 omnes
3739 4204 3956 4274 semel
4027 4206 4096 4273 in
4152 4225 4335 4271 anno

2779 4319 3174 4412 pollini-ant,
3213 4324 3279 4383 et
3333 4314 3593 4385 faciunt
3638 4312 3772 4383 hoc
3810 4315 4021 4381 etiam
4050 4312 4123 4381 in
4175 4311 4338 4401 ripis

2778 4428 3140 4495 tlnviorum
3204 4430 3270 4490 et
3339 4422 3641 4500 lacuum.
3697 4429 3766 4490 et
3821 4421 4160 4512 praecipne
4218 4417 4336 4485 ubi

2780 4534 3126 4601 inveniunt
3188 4532 3326 4598 iuna
3398 4529 3725 4596 arborum
3794 4537 3858 4596 et
3927 4549 4332 4605 cannarum,

2777 4639 2948 4707 sicut
2981 4638 3206 4727 sepiae,
3266 4643 3333 4705 et
3380 4636 3556 4703 sicut
3601 4636 3808 4726 piscis
3865 4636 3986 4725 qui
4034 4633 4336 4700 choeliea

2777 4748 3044 4825 ‹lit-itur,
3104 4754 3165 4811 et
3228 4743 3474 4811 berica.
3533 4739 3812 4811 Animal
3861 4749 4091 4809 autem
4149 4738 4335 4830 quod

2780 4853 3107 4944 bequrmn
3158 4857 3461 4928 voratur,
3499 4857 3563 4916 et
3614 4847 3866 4924 berit-a,
3915 4855 4074 4914 sunt
4113 4847 4338 4915 ronti—

2779 4982 2933 5027 nua·
2977 4957 3458 5047 generationis,
3511 4969 3577 5024 οι
3634 4962 3846 5023 ovant
3911 4955 4143 5022 omnia
4202 4974 4334 5023 ova

2776 5090 2901 5134 sua
2931 5064 3133 5133 simul
3164 5066 3336 5132 sicut
3368 5085 3558 5141 rana,
3593 5072 3657 5130 et
3689 5063 3762 5130 in
3800 5070 4070 5129 tantum
4119 5059 4340 5127 invol-

2777 5185 3032 5243 vuntur
3079 5173 3253 5241 inter
3306 5192 3437 5239 ova
3479 5192 3604 5239 sua
3662 5171 3730 5239 in
3787 5168 4230 5260 generatione
4269 5174 4336 5234 ot

2777 5286 2983 5363 coitu,
3019 5281 3198 5375 qnod
3230 5289 3451 5348 nautae
3500 5279 3815 5348 auserunt
3864 5299 4078 5345 unum
4108 5274 4195 5343 ab
4232 5273 4334 5343 al·

2780 5403 2948 5468 tero,
2980 5400 3044 5458 et
3084 5389 3473 5479 frequenter
3519 5385 3882 5454 inveniunt
3927 5384 4115 5475 ipsos
4162 5383 4339 5451 inter

2778 5520 3050 5566 cannas,
3089 5496 3205 5564 Est
3236 5503 3461 5562 autem
3495 5493 3701 5584 piscis
3742 5513 4037 5584 magnus
4068 5489 4333 5583 qainon

2778 5612 3081 5681 voratus,
3125 5601 3239 5693 qui
3291 5598 3619 5691 pulliticat
3649 5599 3718 5666 in
3766 5598 3923 5666 loeo
3951 5598 4146 5686 cujus
4182 5617 4340 5689 pro-

2778 5707 3071 5776 funditas
3098 5714 3197 5774 est
3224 5702 3426 5772 stadii
3454 5704 3686 5783 unius.
3720 5701 3928 5771 Parvi
3957 5710 4187 5769 autem
4223 5699 4339 5789 pi-

2779 5838 2925 5883 sces
2980 5812 3397 5903 frequentius
3450 5809 3835 5901 pulliticant
3880 5809 3953 5887 in
4011 5805 4203 5884 locis,
4262 5805 4335 5872 in
