4919 6371
2088 419 2259 486 Ltss.
2313 418 2345 485 I
2390 416 2515 486 DE
2563 416 3159 500 ANIMALIBUS,
3210 422 3516 491 TRACT.
3572 423 3634 490 lI
4385 428 4469 494 59

1244 595 1393 660 bus.
1451 586 1765 655 Tenchea
1833 596 2065 657 autem
2131 612 2273 658 non
2331 597 2600 658 tantum
2669 614 2808 658 non

1246 705 1471 767 movet
1506 695 1977 764 mandibulam
2008 699 2427 780 inferiorem,
2452 698 2575 766 sed
2602 698 2806 765 etiam

1244 827 1382 872 non
1431 803 1637 871 habet
1692 804 2027 896 linguam,
2091 830 2313 896 neque
2379 801 2661 892 aliquod
2723 802 2809 865 si-

1246 934 1456 1002 gnum
1505 912 1761 1003 linguae
1794 936 1810 984 ;
1849 936 1931 982 eo
1990 913 2180 1003 quod
2225 912 2461 1000 lingua
2505 916 2606 975 est
2654 928 2805 997 quae

1243 1020 1443 1087 vertit
1472 1020 1703 1091 cibum
1738 1024 1915 1089 inter
1962 1020 2197 1085 dentes
2241 1013 2657 1083 mandibulae
2697 1015 2808 1081 in-

1243 1126 1532 1195 ferioris.

1330 1236 1411 1305 ln
1441 1233 1871 1303 extremitate
1902 1240 2131 1300 autem
2181 1232 2621 1302 maxillarum
2646 1240 2806 1300 sunt

1242 1341 1443 1417 labia,
1489 1362 1640 1430 quae
1668 1339 1844 1408 facta
1873 1346 2035 1411 sunt
2070 1363 2157 1410 ex
2185 1364 2389 1412 carne
2427 1340 2646 1418 molli,
2680 1338 2807 1408 sic·

1243 1456 1315 1515 ut
1361 1448 1684 1531 diximus,
1736 1447 1901 1515 boni
1950 1458 2180 1519 motus
2225 1473 2241 1517 ε
2286 1447 2615 1539 quoniam
2672 1445 2807 1513 du-

1240 1553 1398 1644 plici
1427 1561 1619 1624 motu
1651 1563 2042 1624 moventur.
2087 1555 2243 1624 Uno
2291 1552 2606 1623 videlicet
2635 1575 2804 1643 pro-

1239 1661 1387 1751 prio
1436 1663 1751 1754 superius
1778 1671 1870 1731 fet
1913 1660 2221 1741 inferius,
2266 1669 2334 1729 et
2379 1659 2593 1729 altero
2649 1682 2806 1729 ma-

1240 1767 1560 1838 xillarum
1627 1777 1824 1837 motu
1887 1790 2127 1838 versus
2196 1774 2562 1852 utrumque
2625 1764 2804 1837 latus

1239 1875 1564 1953 vicissim,
1590 1877 1736 1944 sive
1764 1896 2004 1945 versus
2034 1882 2399 1966 utramque
2417 1873 2796 1945 maxillam.

1238 1982 1322 2050 Et
1358 1981 1505 2051 haec
1541 1990 1645 2051 est
1679 1983 1897 2052 etiam*
1927 2005 2158 2062 causa,
2205 2005 2416 2074 quare
2464 1983 2803 2072 praecipue

1237 2088 1419 2157 labia
1473 2089 1637 2159 boni
1696 2098 1928 2159 motus
1966 2090 2306 2159 dicuntur.
2362 2088 2635 2159 Utilitas
2675 2111 2805 2156 au-

1237 2204 1375 2267 tem
1432 2204 1535 2265 est
1587 2204 1870 2288 propter
1931 2196 2307 2289 loquelam,
2368 2205 2435 2265 et
2488 2203 2565 2266 ut
2626 2195 2801 2264 bene

1237 2303 1591 2374 claudatur
1628 2305 1699 2371 in
1747 2327 1866 2374 ore
1905 2303 2092 2396 quod
2140 2306 2497 2394 reponitur
2560 2303 2632 2371 in
2687 2325 2797 2383 eo,

1237 2419 1304 2479 et
1351 2412 1692 2503 praeeipue
1741 2410 1931 2502 quod
1983 2419 2085 2482 est
2142 2410 2420 2503 liquidas
2471 2409 2802 2481 substan-

1235 2519 1368 2587 tiae.

1325 2624 1533 2694 Color
1574 2634 1807 2696 autem
1860 2625 2204 2697 labiorum
2249 2650 2493 2696 versus
2522 2632 2803 2717 apertu-

1237 2756 1382 2802 ram
1422 2734 1586 2813 oris,
1621 2740 1725 2802 est
1762 2733 2015 2804 rubeus
2051 2744 2334 2827 propter
2387 2735 2638 2805 multas
2675 2758 2801 2803 ve-

1236 2866 1356 2911 nas
1385 2842 1740 2933 sanguinis
1778 2842 1867 2910 ad
1897 2843 2092 2913 illum
2130 2843 2361 2913 locum
2401 2842 2742 2913 derivatas
2776 2867 2793 2913 ε

1233 2960 1297 3018 et
1327 2949 1532 3040 liujus
1579 2951 1860 3042 signum
1899 2959 2027 3031 est,
2061 2952 2250 3043 quod
2296 2974 2476 3043 saepe
2515 2952 2801 3041 sangui-

1231 3067 1418 3138 nant,
1470 3066 1540 3128 et
1584 3057 1669 3129 de
1720 3058 1905 3129 faciti
1954 3067 2327 3151 erumpunt
2372 3067 2441 3128 et
2478 3058 2800 3129 scindun·

1231 3176 1363 3237 tur.
1417 3166 1637 3237 Causa
1686 3168 1893 3238 etiam
1936 3166 2147 3260 hujus
2184 3168 2578 3257 conjunctio
2634 3166 2797 3238 labii

1231 3298 1388 3345 cum
1434 3274 1647 3355 labio,
1681 3284 1752 3345 et
1788 3275 2235 3366 compressio,
2269 3283 2552 3367 propter
2587 3298 2796 3367 quam

1226 3382 1484 3452 labium
1540 3380 1887 3454 contrahit
1932 3381 2281 3453 ruborem.
2327 3382 2625 3453 Interius
2679 3406 2799 3454 au·

1229 3490 1465 3560 tamin
1494 3512 1613 3582 ore
1672 3498 1778 3561 est
1810 3487 2117 3581 palatum
2166 3497 2392 3562 tetum
2432 3511 2794 3580 rugosum,

1229 3603 1304 3664 ut
1351 3596 1540 3686 rugis
1595 3598 1741 3664 suis
1797 3595 2097 3664 detineat
2150 3596 2409 3676 cibum,
2461 3604 2530 3666 et
2563 3618 2796 3670 aeoem

1230 3703 1567 3784 vocalem.
1592 3712 1686 3778 -et
1721 3703 2113 3794 cooperitur
2146 3702 2326 3795 pelle
2372 3728 2528 3797 quae
2566 3707 2798 3780 nasci-

1231 3820 1340 3881 tur
1372 3835 1416 3880 a
1454 3810 1795 3891 meri,hoc
1820 3818 1925 3882 est
1951 3810 2353 3903 oesophago‚
2387 3818 2457 3883 et
2491 3812 2796 3883 aseendit

1223 3921 1310 3991 ab
1337 3921 1663 3992 anteriori
1719 3919 1899 4012 pelle
1937 3917 2302 4000 stomachi,
2337 3928 2405 3992 et
2442 3919 2603 3993 ideo
2659 3919 2795 3991 ali-

1223 4029 1389 4121 quid
1416 4030 1691 4104 virtutis
1728 4028 1879 4118 eJus
1929 4026 2139 4101 habet
2174 4030 2248 4100 in
2273 4027 2654 4120 digerendo
2691 4031 2796 4099 ci·-

1222 4136 1411 4208 bum.
1471 4135 1682 4228 Cujus
1727 4137 2010 4229 signum
2058 4146 2186 4217 est.
2248 4135 2433 4229 quod
2490 4137 2793 4209 triticum

1140 4323 1159 4351 ο
1223 4246 1686 4326 masticatum,
1742 4252 2038 4323 maturat
2097 4252 2552 4337 apostemata,
2608 4243 2795 4337 quod

1223 4372 1360 4422 non
1426 4349 1587 4420 lacit
1658 4371 1805 4422 non
1867 4349 2331 4434 masticatum,
2402 4348 2520 4422 sed
2596 4350 2797 4426 aliter

1221 4456 1618 4528 contritum.
1666 4455 1947 4529 Stercus
1993 4455 2179 4528 enim
2219 4464 2287 4527 et
2316 4455 2450 4530 alia
2501 4480 2654 4549 qum
2683 4457 2795 4525 di-

1222 4573 1619 4656 geruntura
1666 4563 2123 4643 stomachum
2169 4566 2420 4638 virtute
2451 4564 2790 4639 stonuaclli

1222 4671 1639 4745 contrahunt
1683 4672 2010 4746 virtutem
2067 4674 2556 4747 maturativam
2616 4695 2794 4765 apo·

1221 4789 1622 4852 stematum.
2438 4845 2441 4848 .

1310 4888 1506 4957 Circa
1558 4887 1801 4959 dentes
1842 4896 2073 4961 autem
2122 4888 2482 4980 utriusque
2517 4886 2797 4962 mandi-

1224 4995 1401 5067 bulae
1446 5004 1607 5065 sunt
1653 4995 1981 5088 gingivae,
2035 5020 2190 5087 qum
2220 5005 2467 5068 creatas
2502 5004 2666 5068 sunt
2708 5018 2794 5066 ex

1225 5126 1425 5176 carne
1481 5102 1655 5173 dura
1716 5109 1788 5175 et
1841 5101 2210 5183 immobili,
2271 5112 2344 5173 ut
2404 5102 2795 5177 immobiles

1224 5211 1487 5280 fortiter
1512 5213 1919 5282 contineant
1946 5210 2211 5285 dentes.
2236 5209 2491 5283 Etluec
2510 5219 2614 5282 est
2649 5210 2798 5280 dis-

1226 5321 1475 5411 positio
1549 5319 1691 5389 oris
1763 5316 2094 5405 bominis,
2185 5327 2253 5388 et
2326 5342 2569 5390 eorum
2642 5341 2796 5411 qum

1225 5429 1399 5496 circa
1426 5450 1507 5496 os
1539 5436 1610 5497 et
1653 5426 1729 5495 in
1773 5449 1895 5497 ore
1934 5427 2352 5509 continetur,
2380 5434 2630 5519 praeter
2657 5424 2795 5497 lin·

1225 5557 1431 5625 guam
1457 5535 1542 5605 de
1573 5557 1714 5627 qua
1751 5557 1875 5625 per
1894 5556 1968 5604 se
1997 5533 2366 5628 loquemur
2395 5534 2465 5606 in
2506 5556 2797 5627 sequen·

1225 5642 1429 5714 tibus.
1536 5697 1541 5702 .
2006 5707 2011 5712 .
2298 5693 2301 5700 «
2463 5709 2468 5716 ,
2519 5693 2522 5702 »

1311 5748 1862 5843 physiognomia
1884 5757 2119 5822 autem
2155 5747 2410 5822 horum
2446 5748 2796 5824 membro·

2924 612 3075 655 rum
3151 613 3191 657 a
3246 592 3432 659 Loxo
3484 591 3892 684 philosopho
3952 602 4018 661 et
4065 592 4469 666 Philemone

2920 697 3393 785 antiquissimo
3433 701 3820 789 accipienda
3863 711 3986 769 est.
4040 701 4221 769 Dicit
4286 705 4468 770 enim

2921 803 3104 866 enim
3145 802 3367 870 Loxus
3399 827 3414 871 ε
3451 832 3483 869 «
3523 805 3595 872 Si
3635 809 3741 873 cui
3772 807 3949 875 labia
3977 815 4201 878 truces
4238 810 4468 878 vultus

2919 910 3291 999 exagitant,
3333 912 3668 979 insaniam
3709 922 3775 979 et
3813 914 4167 983 stultitiam
4206 916 4469 985 indica-

2916 1010 3112 1079 bunt.
3171 1013 3246 1082 Si
3299 1026 3525 1084 autem
3582 1016 3761 1084 labia
3804 1015 4052 1084 blanda
4097 1043 4468 1111 parumper

2915 1118 3203 1188 ridentia
3232 1122 3399 1190 laetis
3423 1124 3726 1193 vultibus
3755 1126 4184 1215 contingunt,
4228 1127 4461 1195 libidi-

2915 1250 3165 1296 nosum
3230 1232 3616 1299 ostendunt.
3671 1232 3879 1300 Labia
3938 1242 4169 1303 autem
4234 1237 4467 1303 tenuia

2915 1339 3135 1424 inore
3166 1340 3406 1429 majori
3437 1340 3493 1409 si
3534 1344 3843 1431 superius
3872 1343 4132 1412 labium
4162 1344 4472 1435 aliquan-

2913 1440 3137 1511 tutum
3221 1447 3542 1516 exuberet
3617 1471 3819 1539 super
3913 1450 4218 1529 inferius,
4300 1459 4471 1519 tam-

2913 1571 3122 1640 quam
3157 1553 3245 1619 sit
3280 1556 3786 1644 superpositum
3826 1556 3912 1634 ei,
3948 1556 4468 1649 magnanimum

2909 1654 3215 1723 indicant
3242 1665 3308 1724 et
3335 1659 3604 1726 fortem.
3645 1658 4038 1729 Secundum
4078 1664 4260 1731 enim
4303 1662 4468 1730 Pla-

2914 1772 3143 1831 tonem
3185 1761 3328 1831 haec
3367 1766 3451 1832 ad
3502 1765 3767 1834 leonem
3821 1768 4225 1837 referuntur.
4259 1770 4466 1837 Parvi

2909 1878 3140 1939 antem
3179 1873 3315 1939 oris
3352 1873 3582 1940 tenuia
3620 1872 3822 1951 labia,
3867 1874 4281 1944 imbecillem
4318 1878 4468 1944 ani-

2911 2002 3103 2047 mum
3135 1990 3203 2050 et
3238 1989 3586 2050 versutum
3625 1983 3947 2050 indicant.
3985 1982 4300 2076 Optimus
4346 2009 4465 2054 au·

2913 2096 3049 2155 tem
3098 2091 3234 2157 oris
3287 2099 3501 2158 status
3557 2100 3681 2168 est,
3735 2091 4007 2180 quando
4056 2116 4197 2161 non
4257 2095 4465 2162 nimis

2910 2195 3190 2266 humilis
3245 2208 3369 2266 est.
3405 2200 3579 2267 Nam
3633 2199 3980 2268 humilitas
4020 2200 4360 2271 labiorum
4401 2212 4467 2271 et

2909 2307 3073 2388 oris,
3104 2307 3323 2375 timidi
3363 2316 3487 2386 est,
3524 2316 3591 2376 et
3637 2308 4081 2400 malignitatis
4121 2312 4460 2402 arguitur.

2908 2415 3374 2484 prominentia
3422 2425 3650 2484 autem
3695 2418 3907 2484 nimia
3949 2417 4309 2485 stultitiam
4352 2440 4462 2484 os·

2907 2523 3166 2591 endunt
3196 2532 3262 2592 et
3294 2523 3775 2614 loquacitatem
3808 2532 3873 2591 et
3895 2523 4278 2592 audaciam.
4319 2550 4352 2589 s

2995 2630 3308 2723 Amplius
3346 2655 3424 2700 os
3449 2655 3736 2723 parvum
3768 2631 4097 2699 muliebre
4121 2631 4284 2700 dicit
4315 2654 4465 2700 esse

2909 2737 3270 2807 Philemon
3314 2761 3329 2805 t
3373 2741 3694 2807 convenit
3738 2741 3919 2807 enim
3973 2746 4114 2806 tam
4156 2737 4460 2805 vultibus

2906 2846 3352 2914 muliebribus
3419 2870 3624 2938 quam
3693 2846 3937 2912 animis
3995 2845 4452 2913 ell'wminatis.

2904 2952 2998 3021 Os
3045 2962 3271 3021 autem
3311 2955 3494 3045 quod
3552 2955 3769 3041 majus
3827 2961 3951 3025 est.
4005 2961 4070 3021 et
4132 2953 4455 3021 convenit

2899 3061 3090 3137 viris,
3134 3070 3199 3129 et
3227 3060 3526 3128 vultibus
3554 3059 3866 3128 virilibus
3911 3070 4013 3128 est
4041 3082 4452 3127 consonum.

2903 3167 3076 3236 Cum
3108 3175 3332 3237 autem
3363 3167 3540 3236 ultra
3587 3168 3868 3235 modum
3899 3165 4244 3250 dilatatur,
4289 3175 4457 3235 tam·

2901 3298 3109 3368 quam
3150 3278 3236 3344 sit
3276 3278 3563 3344 recisum
3604 3283 3668 3343 et
3699 3276 4094 3355 deductum,
4136 3298 4456 3344 vorat-em

2894 3381 3176 3464 indicat,
3210 3390 3277 3449 et
3308 3382 3664 3458 immitem,
3703 3389 3767 3448 et
3806 3382 4122 3473 impium,
4156 3393 4223 3450 et
4263 3382 4453 3449 belli·

2897 3510 3164 3559 cesum.
3213 3486 3394 3557 Talis
3435 3490 3623 3558 enim
3669 3489 3812 3557 oris
3862 3490 4029 3558 ritus
4085 3511 4127 3557 a
4165 3487 4455 3559 Platone

2899 3595 3185 3667 marinis
3236 3594 3437 3665 datur
3486 3594 3733 3665 belluis
3783 3603 3851 3666 et
3895 3595 4245 3666 monstris.
4287 3594 4456 3676 Quae

2898 3726 3064 3770 vero
3090 3704 3395 3772 eminent
3439 3700 3618 3771 labia
3646 3725 3849 3794 super
3884 3702 4121 3774 dentes
4149 3702 4459 3795 aliquan-

2900 3811 3123 3880 tulum
3191 3812 3639 3904 dependentia
3675 3835 3690 3879 :
3727 3812 3909 3904 quod
3983 3837 4058 3879 os
4128 3815 4452 3880 raniuum

2897 3917 3095 3986 Plato
3130 3928 3352 3998 vocat,
3397 3918 3830 3997 maledicum,
3866 3919 4293 3996 iracundum,
4326 3919 4460 3987 ela·

2897 4046 3196 4099 mosum.
3220 4035 3286 4094 et
3317 4025 3401 4093 ad
3431 4025 3850 4093 inferendam
3885 4025 4205 4115 injuriam
4226 4049 4459 4117 prom·

2896 4140 3089 4224 ptum
3148 4131 3467 4201 declarat.
3501 4132 3792 4212 Quando
3848 4142 4078 4202 autem
4126 4154 4205 4201 os
4248 4132 4452 4224 longe

2898 4240 3267 4333 prominet,
3324 4248 3393 4308 et
3459 4249 3560 4308 est
3606 4241 3968 4308 rotundum
4020 4264 4175 4309 rum
4225 4242 4454 4334 spissi·

2897 4348 3135 4420 tudine
3175 4347 3538 4427 labiorum,
3582 4357 3648 4416 et
3689 4346 4188 4439 aliquantulum
4238 4359 4453 4417 retor-

2896 4466 3074 4538 tum,
3107 4478 3185 4526 ac
3211 4457 3266 4522 si
3306 4457 3394 4524 sit
3433 4478 3792 4547 repansum
3837 4458 3901 4523 in
3937 4454 4096 4523 labii
4130 4457 4452 4524 extremi·

2900 4572 3066 4650 tate,
3116 4562 3575 4641 immundum,
3620 4565 3933 4643 stultum,
3976 4586 4325 4648 voracem,
4382 4573 4451 4632 et

2897 4672 3070 4746 rorte
3115 4673 3425 4745 futurum
3471 4671 3908 4765 epilepticum
3933 4672 4256 4744 ostendit.
4287 4672 4455 4743 line

2899 4782 3084 4855 enim
3113 4805 3321 4876 porco
3366 4780 3563 4852 Plato
3602 4783 3935 4853 attribuit.
3981 4782 4055 4852 Si
4086 4791 4313 4851 autem
4349 4781 4453 4852 la·

2897 4890 3088 4960 bium
3122 4890 3402 4959 inferius
3437 4888 3727 4958 alterum
3772 4888 4035 4958 labium
4080 4888 4452 4958 lorinsecus

2897 4995 3203 5074 excedat,
3263 5019 3405 5065 non
3472 4995 3811 5086 signilieat
3872 4995 4053 5064 lianc
4113 4993 4447 5064 malitiam

2900 5103 3138 5181 animi,
3170 5102 3288 5171 sed
3324 5112 3553 5172 tamen
3602 5100 3896 5171 declarat
3940 5102 4446 5192 imprudentem

2899 5220 2974 5281 et
3019 5210 3424 5302 simplicem.
3479 5210 3705 5281 laxus
3752 5219 3982 5283 tamen
4029 5210 4220 5295 dicit,
4261 5210 4452 5303 quod

2900 5317 3035 5391 tale
3090 5317 3348 5388 labium
3397 5317 3467 5386 in
3522 5338 3737 5407 parvo
3773 5315 4075 5386 ostendit
4128 5338 4249 5385 ore
4302 5325 4451 5387 stu-

2900 5423 3091 5496 dium
3145 5421 3363 5494 laudis
3435 5431 3503 5492 et
3575 5421 3880 5492 honoris.
3950 5420 4278 5513 Ejusdem
4350 5425 4450 5493 rei

2900 5537 3003 5601 est
3042 5529 3369 5601 indicium
3415 5554 3575 5600 cum
3628 5530 3770 5600 oris
3805 5529 3976 5598 situs
4019 5530 4095 5600 in
4147 5552 4452 5601 concavo

2897 5647 3253 5732 tamquam
3292 5640 3366 5709 in
3407 5637 3676 5711 defosso
3718 5645 3845 5709 est.
3880 5634 4277 5709 Secundum
4324 5637 4454 5706 Pa-

2896 5747 3242 5822 lemonem
3286 5756 3517 5821 autem
3552 5745 3697 5819 hoc
3732 5746 3993 5838 species
4034 5746 4203 5829 oris,
4247 5744 4449 5815 mali·
