4919 6371
624 447 758 515 408

1621 435 1706 503 D.
1759 435 1961 508 ALB.
2014 438 2231 509 MAG.
2286 419 2490 507 om).
2546 437 2855 507 PRAED.

1604 1436 1930 1545 TRA
1956 1433 2587 1548 CTATUS
2658 1439 2843 1545 ΙΙΙ

715 2028 846 2120 Et
892 2042 1134 2122 totus
1182 2042 1313 2122 est
1363 2057 1853 2126 chnssssm
1903 2036 2412 2131 declarans
2462 2066 2807 2129 causas
2851 2033 3718 2157 praeiozduclorum.

1192 3707 1486 3777 CAPUT
1534 3707 1587 3774 l.

621 4462 717 4526 ΕΙ
769 4462 866 4522 es!
937 4471 1267 4517 moussto
1333 4446 1696 4512 declarans
1772 4442 2170 4509 divisionem

710 4558 1126 4630 animalium
1167 4557 1236 4624 ίη
1277 4579 1355 4622 ea
1383 4576 1536 4646 qua·
1589 4552 1887 4644 spirant,
1929 4559 1994 4616 el
2021 4572 2174 4640 quc-e

709 4666 1028 4737 habitant
1067 4665 1136 4731 in
1188 4687 1398 4754 aqua,
1446 4670 1511 4727 el
1553 4683 1705 4750 qua?
1743 4657 2063 4725 habitan!
2105 4659 2171 4723 in

712 4787 917 4852 terra,
950 4783 1015 4840 et
1044 4774 1113 4839 e'n
1154 4770 1380 4839 media
1409 4791 1563 4860 quat
1598 4777 1759 4833 sun!
1794 4768 1969 4833 inter
2005 4766 2166 4832 lewe.

708 5618 875 5687 naee
900 5618 1174 5709 quidem
1216 5642 1256 5687 a
1301 5620 1644 5710 prioribus
1700 5619 2167 5711 Peripateticis

621 5726 867 5797 tradita
893 5733 1051 5793 sunt
1086 5724 1169 5793 de
1218 5725 1387 5793 cibis
1417 5734 1488 5793 et
1532 5723 2071 5794 habitationibus
2099 5739 2163 5798 et

2280 2831 2443 2899 locis
2484 2833 2885 2902 animalium
2928 2834 3181 2924 absque
3243 2855 3461 2901 causae
3505 2837 3829 2904 naturalis

2280 2941 2739 3031 assignatione
2775 2964 2791 3009 τ
2817 2949 3093 3032 propter
3121 2941 3302 3030 quod
3338 2965 3604 3010 rursum
3629 2969 3831 3036 opor-

2280 3055 2373 3115 tet
2413 3050 2536 3117 ista
2578 3051 2859 3118 interius
2898 3050 3264 3140 inquirere,
3315 3059 3382 3118 et
3411 3073 3684 3120 causam
3719 3057 3829 3144 ip·-

2278 3180 2509 3225 sorum
2542 3158 2816 3228 reddere
2849 3157 3269 3227 naturalem:
3311 3157 3420 3227 hic
3460 3161 3641 3230 enim
3686 3187 3832 3231 mo-

2279 3264 2402 3332 dus
2432 3273 2533 3334 est
2560 3265 3038 3358 philosophiae.

2371 3371 2647 3441 Scimus
2685 3381 2913 3442 autem
2947 3396 3029 3441 ex
3058 3371 3162 3440 his
3202 3396 3352 3463 quae
3413 3375 3480 3441 in
3524 3374 3699 3444 libro
3748 3377 3829 3444 (le

2276 3482 2549 3550 Natura
2598 3482 2733 3549 loci
2781 3491 2846 3549 el
2896 3481 3105 3549 locali
3144 3481 3319 3549 dicta
3375 3490 3559 3560 sunt,
3622 3507 3824 3554 omne

2276 3588 2574 3657 locatum
2629 3587 3071 3658 connaturale
3127 3610 3274 3656 esse
3319 3586 3471 3657 loco
3528 3613 3706 3659 suo:
3761 3598 3827 3659 et

2279 3693 2430 3763 ideo
2459 3697 2531 3762 in
2562 3696 2708 3787 ipso
2730 3694 3030 3763 habetet
3065 3696 3577 3786 generationem
3619 3707 3686 3765 et
3714 3721 3828 3766 sa-

2278 3801 2489 3870 lutem
2535 3825 2551 3870 :
2597 3811 2874 3893 propter
2919 3801 3102 3893 quod
3150 3801 3632 3894 quodcumque
3673 3806 3825 3873 ani-

2278 3909 2562 3977 malium
2609 3910 2681 3978 in
2727 3910 3060 4000 principio
3117 3932 3255 3976 sum
3303 3912 3460 3978 vita·
3500 3914 3682 4003 quod
3724 3924 3826 3981 est

2277 4038 2418 4099 cor,
2488 4016 2689 4084 talem
2748 4014 2950 4083 habet
3006 4015 3300 4083 calorem
3364 4019 3481 4108 qui
3538 4020 3821 4087 omnino

2276 4124 2647 4213 spiritualis
2684 4131 2881 4193 estet
2930 4123 3185 4193 calidus
3228 4135 3506 4218 propter
3540 4152 3829 4221 compo-

2280 4233 2509 4300 nentia
2538 4231 2782 4312 calida,
2806 4233 2937 4302 hoc
2975 4256 3250 4302 necesse
3279 4244 3382 4304 est
3409 4259 3832 4330 consequen·

2280 4349 2381 4407 ter
2408 4363 2636 4408 aerem
2679 4341 3032 4432 inspirare,
3065 4350 3131 4410 et
3169 4342 3567 4433 pulmonem
3608 4347 3830 4414 cordis

2277 4448 2382 4514 sui
2414 4446 2874 4517 ventilabrum
2895 4449 3298 4518 existentem
3330 4450 3578 4519 habere
3616 4476 3631 4522 ε
3666 4455 3826 4545 quin

2279 4554 2472 4622 aliter
2513 4564 2754 4624 natura
2801 4578 2940 4624 non
2987 4559 3363 4625 necessaria
3411 4556 3822 4650 largiretur:

2278 4670 2344 4732 et
2372 4661 2516 4733 hmo
2552 4671 2712 4733 sunt
2733 4666 3071 4733 terrestria
3109 4665 3177 4731 in
3214 4666 3521 4757 corporis
3549 4690 3825 4760 compo-

2275 4770 2518 4839 sitione.
2578 4769 2895 4839 habentia
2943 4770 3219 4861 spiritus
3265 4770 3521 4841 calidos
3558 4782 3624 4842 et
3663 4799 3822 4844 san-

2276 4880 2551 4970 guinem
2579 4902 2594 4947 :
2629 4881 2791 4971 quia
2819 4880 2874 4947 si
2906 4887 3132 4948 tantus
3160 4879 3347 4949 calor
3374 4884 3442 4950 in
3472 4906 3692 4974 aqueo
3721 4907 3825 4953 es⁴

2283 4994 2406 5062 set,
2449 4985 2821 5054 substantia
2852 4972 3084 5076 aquea*
3121 4997 3522 5079 evaporaret
3569 4998 3634 5056 et
3683 5013 3820 5059 non

2281 5093 2656 5158 contineret
2706 5090 2949 5181 ipsam,
3007 5099 3075 5159 et
3131 5092 3276 5183 ipsa
3341 5092 3827 5164 dissolveretur

2277 5196 2676 5265 substantia.

2366 5300 2605 5370 Adhuc
2662 5309 2891 5370 autem
2950 5303 3020 5370 in
3058 5312 3298 5394 quarto
3365 5307 3819 5377 meteororum

2277 5408 2583 5475 habitum
2631 5416 2757 5485 est,
2806 5407 3102 5477 calidum
3151 5411 3220 5475 in
3269 5408 3642 5482 substantia
3684 5425 3824 5482 ter-

2275 5513 2469 5580 restri
2521 5514 2740 5604 magis
2785 5512 3068 5580 adunari
3125 5519 3193 5579 et
3237 5514 3569 5583 contineri
3609 5540 3811 5608 quam

2272 5620 2342 5687 in
2362 5620 2738 5689 substantia
2759 5640 2938 5687 rara:
2962 5625 3239 5708 propter
3257 5621 3442 5711 quod
3474 5645 3816 5713 quaecum-

2273 5750 2405 5819 que
2440 5727 2681 5796 talium
2711 5748 2797 5795 ex
2825 5725 3063 5816 primis
3104 5729 3673 5818 componentibus
3702 5740 3811 5798 ta-
