4919 6371
1751 331 1931 406 LIB.
1986 331 2053 405 X
2101 330 2228 403 DE
2274 324 2896 408 ANIMALIBUS‚
2949 324 3275 397 TRACT.
3333 327 3398 397 ΙΙ

1436 1427 1747 1503 CAPUT
1798 1424 1923 1495 1v.

873 2226 972 2295 Ec
998 2230 1098 2291 est
1136 2240 1489 2290 nmasssro
1519 2214 1899 2287 declarans
1928 2213 2180 2283 horam
2200 2219 2491 2306 partus,

965 2345 1033 2405 et
1075 2332 1512 2429 qualitatem
1573 2340 1915 2401 natorum
1957 2328 2029 2396 in
2060 2326 2256 2396 horis
2314 2324 2492 2406 illis,

966 2460 1032 2521 et
1061 2471 1357 2519 causam
1388 2442 1860 2540 difficultatis
1893 2442 1966 2512 in
1989 2449 2239 2537 partu.

980 3349 1177 3421 flora
1223 3357 1465 3422 autem
1524 3357 1770 3445 partus
1818 3359 1998 3442 tunc,
2035 3350 2316 3424 videtur
2354 3376 2507 3422 esse

884 3464 1146 3544 vicina,
1206 3462 1494 3558 quando
1534 3462 1868 3535 videlicet
1922 3465 2136 3535 sentit
2207 3466 2511 3560 gravita-

888 3585 1108 3649 tatem
1149 3577 1222 3647 in
1256 3574 1713 3649 inferioribus
1751 3580 2021 3650 ventris
2079 3576 2212 3649 sub
2266 3577 2512 3651 umbi-

886 3692 1023 3763 lico
1065 3700 1136 3762 et
1166 3690 1239 3762 in
1270 3689 1484 3761 dorso
1518 3714 1535 3763 t
1573 3698 1646 3762 ct
1685 3694 1902 3764 sentit
1929 3690 2250 3764 dolorem
2292 3693 2365 3763 in
2396 3695 2514 3764 in-

886 3806 1127 3902 guine,
1155 3814 1225 3876 et
1254 3804 1688 3877 caliditatem
1723 3807 1794 3877 in
1824 3815 2099 3892 ventre,
2124 3816 2192 3879 et
2224 3806 2514 3879 inflam-

888 3919 1275 3990 mationem
1307 3918 1380 3989 in
1413 3941 1536 3990 ore
1574 3919 1890 3991 matricis
1935 3918 2396 3992 vehementer
2443 3930 2516 3993 et

887 4031 1494 4104 humectationem
1536 4032 1728 4126 ejus:
1763 4039 1937 4104 tunc
1964 4034 2156 4105 enim
2178 4034 2332 4128 jam
2381 4056 2515 4128 ap-

886 4144 1247 4241 proximat
1286 4142 1490 4216 hora.
1529 4142 1712 4217 Cum
1740 4154 1980 4218 autem
2010 4144 2517 4218 mollificantur

888 4260 1041 4353 ejus
1071 4258 1471 4353 posteriora
1496 4281 1750 4330 versus
1790 4281 2035 4345 anum,
2065 4266 2137 4331 et
2176 4259 2518 4332 inflantur

891 4381 961 4443 et
990 4371 1478 4442 intumescunt
1522 4371 1847 4466 inguina,
1899 4380 2072 4444 tunc
2125 4380 2232 4444 est
2270 4380 2517 4469 partus

891 4484 1284 4581 proximus.
1336 4482 1754 4555 Terminum
1801 4493 2037 4557 autem
2096 4493 2342 4580 partus
2363 4487 2517 4580 jam

894 4594 1205 4665 diximus
1263 4615 1418 4663 esse
1476 4590 1840 4664 diversum
1879 4617 1895 4666 :
1949 4600 2019 4665 et
2064 4596 2338 4689 primus
2369 4597 2522 4690 qui-

892 4708 1057 4779 dem
1088 4712 1193 4778 est
1223 4713 1499 4801 septem
1532 4728 1840 4790 menses,
1875 4715 1944 4777 et
1975 4715 2141 4780 tunc
2174 4718 2383 4780 natus
2414 4718 2520 4780 est

895 4818 1298 4889 fortissimae
1327 4818 1615 4890 virtutis
1646 4819 1719 4889 in
1750 4820 2104 4891 creatione
2145 4829 2214 4891 et
2252 4820 2524 4891 forma-

897 4933 1134 5002 tione:
1182 4930 1575 5002 fortissima
1630 4932 1823 5004 enim
1863 4932 2089 5005 virtus
2145 4938 2522 5029 spermatis

894 5045 1051 5127 fuit,
1087 5046 1291 5139 cujus
1322 5046 1591 5118 creatio
1622 5046 1758 5119 fuit
1794 5046 2032 5129 velox,
2068 5054 2137 5118 et
2176 5048 2376 5141 cujus
2417 5049 2527 5121 fe-

895 5159 1185 5230 stinavit
1218 5166 1485 5244 motus,
1531 5168 1601 5230 et
1630 5160 1756 5255 qui
1785 5157 2126 5231 velociter
2163 5161 2339 5255 petit
2380 5164 2526 5233 exi·

893 5280 1048 5343 tum
1081 5271 1496 5342 nativitatis.
1529 5270 1801 5343 Tamen
1834 5273 1935 5344 sic
1993 5281 2200 5344 natus
2252 5274 2526 5347 multo-

896 5385 1025 5455 ties
1057 5386 1404 5456 moritur:
1442 5385 1614 5481 quia
1649 5383 1815 5457 licet
1844 5384 1918 5455 in
1978 5385 2340 5481 principiis
2378 5412 2526 5460 suae

893 5497 1378 5592 generationis
1408 5497 1500 5569 sit
1545 5497 1773 5581 fortis,
1819 5506 2058 5570 tamen
2108 5506 2215 5569 est
2243 5509 2526 5572 curtum

904 5618 1185 5702 tempus
1216 5632 1363 5681 suae
1404 5612 1814 5695 creationis,
1851 5619 1922 5682 et
1952 5633 2097 5682 non
2134 5611 2524 5707 perfectam

900 5722 1201 5817 acquirit
1233 5724 1735 5817 quantitatem.
1769 5722 1998 5795 Natus
2024 5731 2264 5795 autem
2297 5725 2370 5795 in
2401 5749 2531 5798 oc-

902 5844 1067 5906 tavo
1130 5834 1202 5905 in
1271 5833 1517 5906 multis
1550 5834 1990 5938 'regionibus
2041 5836 2338 5909 omnino
2382 5861 2528 5911 non

902 5949 1140 6023 evadit
1176 5972 1549 6047 umquam.
1596 5948 1725 6024 Ille
1766 5952 1958 6024 enim
2014 5952 2265 6051 procul
2309 5952 2527 6029 dubio

4112 326 4248 397 559

2600 510 2854 582 debilis
2925 515 3034 579 est
3075 506 3150 577 in
3200 506 3574 600 principiis
3640 530 3791 577 suae
3819 507 4246 578 creationis:

2600 632 2725 696 aut
2755 623 2815 692 si
2846 620 3048 692 fortis
3079 621 3171 690 sit
3202 620 3275 689 in
3306 619 3434 701 eiS,
3482 620 3902 714 supervenit
3948 621 4015 690 ei
4038 643 4250 691 occa-

2600 737 2708 809 sio
2743 733 3120 806 debilitans
3152 734 3437 828 ipsum:
3477 733 3828 827 quoniam
3877 733 3934 803 si
3964 731 4255 802 fortitu-

2602 849 2694 920 do
2727 848 3263 945 permansisset,
3301 848 3377 917 in
3422 847 3731 943 septimo
3783 846 4038 918 fuisset
4086 868 4253 916 mo-

2600 969 2717 1033 tus
2749 961 2841 1032 ad
2872 959 3324 1032 exeundum:
3371 956 3510 1030 hoc
3551 968 3799 1030 autem
3852 957 4252 1028 retardatur

2602 1085 2767 1172 post
2810 1076 3200 1170 septimum
3234 1081 3532 1167 propter
3585 1071 4026 1142 debilitatem
4064 1092 4081 1140 :
4118 1094 4251 1142 ne-

2604 1213 2742 1284 que
2763 1195 2998 1284 potest
3036 1186 3125 1257 ad
3164 1186 3404 1280 ipsum
3437 1186 3682 1256 venire
3716 1185 3970 1271 virtus,
4000 1183 4134 1255 nisi
4177 1186 4253 1254 in

2603 1303 2834 1398 spatio
2890 1300 3195 1370 mensis:
3263 1308 3337 1370 et
3357 1300 3417 1368 si
3469 1305 3634 1368 ante
3697 1295 3839 1368 hoc
3884 1305 4244 1378 movetur,

2604 1424 2711 1488 est
2750 1423 2991 1485 motus
3052 1412 3464 1507 impatiens,
3519 1413 3706 1484 sicut
3745 1421 4080 1483 movetur
4129 1434 4248 1481 an·

2603 1531 2998 1626 gustiatus:
3046 1537 3118 1599 et
3144 1526 3305 1599 ideo
3338 1528 3556 1598 etiam
3589 1528 3648 1597 si
3698 1527 4139 1598 convertitur
4178 1535 4249 1597 et

2603 1643 2775 1724 exit,
2810 1665 2955 1713 non
2988 1648 3096 1713 est
3135 1665 3296 1736 spes
3326 1640 3494 1711 vitae
3523 1639 3599 1710 in
3631 1640 3789 1735 ipso
3827 1664 3843 1711 :
3892 1638 4060 1733 quia
4089 1640 4246 1710 exi-

2604 1757 2824 1826 visset
2861 1753 2938 1824 in
2976 1753 3312 1849 septimo,
3360 1753 3420 1823 si
3457 1751 3663 1823 fortis
3711 1751 3963 1823 fuisset
4011 1774 4249 1847 quan-

2605 1869 2697 1940 do
2730 1870 2965 1963 primo
2998 1867 3271 1939 exitum
3333 1865 3792 1938 desideravit.
3859 1865 4247 1937 Rarissime

2607 1982 2802 2053 enim
2845 1982 3221 2076 contingit,
3250 1979 3445 2075 quod
3477 1988 3726 2076 partus
3768 1979 4010 2051 statim
4043 1987 4250 2050 exeat

2607 2095 2895 2192 quando
2936 2096 3208 2168 exitum
3241 2094 3638 2167 desiderat:
3675 2102 3747 2167 et
3788 2118 3933 2166 non
3964 2094 4252 2165 contin-

2607 2211 2737 2303 git,
2784 2208 2920 2278 nisi
2961 2208 3033 2277 in
3074 2229 3160 2278 eo
3203 2207 3408 2303 cujus
3469 2208 3854 2279 creationis
3903 2206 4250 2303 principia

2564 2330 2776 2412 ‚sunt
2831 2319 3264 2393 fortissima:
3328 2328 3625 2416 propter
3684 2319 3883 2416 quod
3922 2328 4133 2391 natus
4175 2320 4249 2389 in

2610 2444 2865 2508 octavo
2897 2435 3333 2508 desideravit
3362 2436 3639 2507 exitum
3670 2436 3746 2506 in
3777 2436 4115 2529 septimo,
4181 2441 4253 2504 et

2609 2547 3037 2643 praepeditus
3078 2557 3186 2619 est
3254 2547 3662 2619 debilitate:
3721 2555 3792 2617 et
3839 2554 4009 2617 tunc
4051 2548 4253 2617 inor-

2611 2660 2851 2731 dinate
2892 2683 2969 2730 se
3000 2658 3362 2730 movendo
3396 2660 3601 2754 quasi
3634 2659 3825 2730 lucta
3849 2657 4254 2729 inordinata

2613 2773 2836 2845 exivit
2867 2775 2940 2843 in
2972 2781 3254 2845 octavo.
3303 2770 3448 2843 Sed
3480 2781 3690 2843 natus
3741 2773 3815 2842 in
3875 2794 4068 2843 nono
4128 2769 4258 2841 de-

2614 2886 2954 2960 sideravit
2982 2888 3257 2958 exitum
3288 2886 3364 2957 in
3404 2887 3742 2981 septimo,
3787 2894 3859 2957 et
3887 2884 4068 2957 forte
4108 2908 4254 2956 non

2615 2999 3027 3072 solvebatur
3057 2999 3145 3070 ab
3178 3009 3413 3085 utero,
3439 2999 3565 3071 sed
3597 2998 4028 3095 praepeditus
4061 2999 4258 3095 quic-

2614 3117 2744 3198 vit,
2790 3123 2863 3189 et
2918 3113 3361 3187 confortatus
3419 3136 3548 3210 per
3596 3123 3934 3187 octavum
3984 3114 4249 3185 virtute

2608 3232 2763 3325 jam
2797 3254 3082 3303 reversa
3110 3232 3330 3302 exivit
3363 3231 3437 3301 in
3470 3254 3702 3304 nono:
3739 3240 3810 3303 et
3838 3230 4002 3302 ideo
4061 3230 4258 3326 opti-

2620 3369 2735 3418 me
2767 3345 3086 3417 salvatur
3142 3344 3330 3417 talis.
3389 3342 3527 3427 Qui
3582 3351 3824 3417 autem
3857 3345 3931 3415 in
3973 3343 4253 3416 decimo

2619 3460 2793 3547 exit,
2828 3482 2991 3531 raro
3041 3460 3218 3554 petit
3279 3460 3552 3530 exitum
3581 3459 3656 3530 in
3695 3460 4042 3554 septimo:
4081 3459 4250 3553 quia

2620 3579 2728 3644 est
2755 3570 3099 3644 debilium
3139 3572 3688 3667 principiorum,
3733 3570 3857 3642 sed
3889 3594 3977 3642 ex
4040 3570 4259 3665 longa

2622 3708 2827 3757 mora
2876 3685 2948 3757 in
2999 3692 3204 3755 utero
3246 3682 3694 3755 confortatur
3731 3692 3803 3754 et
3860 3683 4256 3779 vigoratur,

2621 3800 2717 3872 ita
2751 3798 2947 3895 quod
2984 3799 3162 3893 petit
3191 3795 3485 3893 quidem
3517 3798 3792 3869 exitum
3826 3796 3901 3867 in
3934 3819 4156 3878 nono,
4192 3803 4259 3867 et

2623 3912 3058 4011 praepeditus
3096 3910 3571 4000 confortatur,
3642 3920 3715 3983 et
3783 3911 3931 3983 exit
3961 3911 4036 3982 in
4066 3908 4264 3981 deci-

2624 4054 2773 4102 mo.

2721 4142 2951 4214 Causa
3018 4148 3261 4212 autem
3330 4142 3742 4212 communis
3831 4139 4268 4213 difficultatis

2626 4262 2873 4350 partus
2925 4260 2996 4324 et
3053 4250 3388 4323 dolorum
3431 4250 3505 4322 in
3546 4261 3760 4347 partu
3820 4253 3897 4323 in
3937 4252 4264 4336 muliere,

2627 4377 2736 4440 est
2767 4364 3189 4463 magnitudo
3230 4365 3484 4462 capitis
3514 4367 3694 4449 nati,
3742 4363 3939 4462 quod
3981 4365 4055 4437 in
4105 4372 4270 4438 utc-

2627 4505 2710 4553 ro
2742 4480 2887 4552 fere
2919 4487 3150 4552 totum
3182 4502 3397 4550 suum
3429 4478 3688 4574 accipit
3713 4479 4265 4552 incrementum:

2631 4605 2896 4668 etcum
2943 4595 3038 4666 sit
3078 4591 3473 4664 rotundum
3526 4600 3605 4662 ut
3639 4614 3955 4688 sperma,
3991 4591 4066 4662 in
4107 4614 4274 4662 om-

2631 4731 2797 4781 nem
2830 4714 3106 4803 partem
3143 4705 3409 4801 inguen
3444 4705 3696 4777 matris
3728 4703 4046 4778 extendit
4075 4713 4146 4775 et
4175 4703 4275 4776 la·

2630 4827 2848 4894 cerat.
2888 4818 2974 4889 Et
3005 4816 3144 4889 hoc
3188 4826 3298 4889 est
3343 4816 3612 4890 doloris
3656 4840 3920 4890 causa:
3956 4817 4127 4913 quia
4153 4815 4274 4887 in-

2633 4956 2828 5031 guen
2895 4930 3254 5003 sensibilis
3295 4929 3499 5002 locus
3546 4941 3653 5003 est
3694 4929 3906 5002 valde
3977 4939 4271 5026 propter

2633 5068 3063 5119 concursum
3095 5068 3489 5118 nervorum
3534 5043 3610 5116 in
3652 5043 3812 5117 loco
3884 5043 4033 5117 illo.
4112 5043 4272 5117 Una

2635 5170 2877 5232 tamen
2954 5158 3216 5232 mulier
3301 5161 3535 5255 magis
3613 5158 3997 5232 difficulter
4089 5160 4276 5255 parit

2635 5296 2855 5370 quam
2887 5271 3053 5355 alia,
3098 5278 3171 5344 et
3200 5272 3434 5368 magis
3465 5270 3745 5344 laborat
3779 5272 3851 5343 in
3885 5280 4093 5366 partu
4125 5294 4273 5343 uno

2637 5410 2855 5484 quam
2900 5387 2974 5458 in
3004 5384 3188 5456 alio:
3246 5394 3317 5457 et
3365 5384 3787 5481 hujusmodi
3837 5383 4273 5458 difficultatis

2636 5525 2852 5576 causa
2891 5509 2997 5573 est
3028 5498 3436 5596 multiplex.

2728 5612 3140 5710 Aliquando
3190 5613 3386 5686 enim
3436 5622 3545 5685 est
3605 5611 3984 5709 dispositio
4051 5614 4276 5710 ipsius

2637 5728 2962 5801 mulieris
2992 5729 3068 5799 in
3098 5750 3339 5810 causa,
3388 5725 3584 5822 quod
3630 5725 3967 5801 videlicet
4032 5729 4277 5800 stricta

2639 5850 2772 5927 est,
2807 5849 2931 5913 aut
2954 5838 3234 5924 debilis,
3267 5861 3481 5936 passa
3519 5838 3976 5914 infirmitates
4005 5837 4119 5912 vel
4167 5838 4281 5910 fa-

2639 5978 2880 6030 mem:
2917 5962 3042 6027 aut
3078 5951 3264 6026 forte
3323 5953 3496 6052 quia
3524 5952 3779 6027 timida
3821 5961 3957 6039 est,
3991 5960 4116 6025 aut
4172 5951 4281 6025 in·
