4919 6371
584 369 713 434 272
1588 357 1670 422 D.
1724 353 1923 419 ALB.
1977 353 2192 421 MAG.
2246 355 2450 423 ono.
2507 357 2799 423 PRAEn.

584 554 678 607 se,
715 552 923 620 quam
963 549 1119 594 ossa
1173 523 1463 591 marium
1500 543 1514 585 :
1551 541 1675 586 nec
1722 527 1878 586 sunt
1916 518 2137 610 appli-
2244 520 2446 589 beant
2511 522 2590 590 de
2632 531 2870 589 natura
2928 521 3339 610 marga-ine.
3387 522 3466 588 ln
3530 525 3798 590 conchis

583 645 731 706 cata
762 636 890 703 sibi
922 635 1097 699 sicut
1131 653 1286 697 ossa
1315 630 1628 696 marium.
1666 628 1749 694 Et
1779 627 1906 695 hoc
1944 629 2138 694 simi·
2241 654 2428 710 vero,
2467 633 2622 722 quia
2672 630 3084 699 concharum
3127 630 3259 697 alia
3298 640 3402 697 est
3466 632 3692 710 unica,
3729 641 3795 698 et

582 744 735 810 liter
762 739 1007 808 accidit
1036 738 1332 805 foeminis
1366 736 1642 804 karabo.
2244 741 2389 808 aliae
2421 750 2580 808 sunt
2607 741 2753 807 duae
2780 741 2982 807 unius
3008 748 3075 808 et
3094 739 3398 828 ejusdem
3433 739 3746 806 animalis
3775 762 3789 805 ε

670 848 833 913 Haeo
916 846 1125 935 igitur
1188 845 1363 912 dieta
1420 853 1579 912 sunt
1627 845 1707 912 de
1801 844 2131 911 dictorum
2241 850 2353 916 sed
2377 849 2553 915 ultra
2574 848 2738 915 duas
2777 848 3044 916 nullum
3085 851 3370 917 omnino
3392 847 3646 916 animal
3679 846 3796 915 ha-

581 952 817 1020 mollis
855 961 1040 1020 leslae
1066 951 1468 1019 animalium
1511 952 1880 1018 anatomia.
2239 956 2395 1022 bere
2425 956 2786 1020 invenitur.
2816 955 2898 1020 Et
2929 956 3175 1022 iterum
3208 957 3342 1024 alia
3373 966 3474 1024 est
3502 955 3794 1023 rotunda

2241 1061 2430 1150 quasi
2464 1058 2738 1126 cochlea
2765 1058 3057 1148 spiralis‚
3095 1068 3158 1126 et
3197 1062 3332 1127 alia
3366 1069 3468 1128 est
3496 1061 3794 1151 oblonga

2240 1166 2430 1256 quasi
2495 1163 2757 1256 sphaera
2800 1186 3188 1254 compressa
3256 1175 3322 1233 et
3360 1174 3699 1256 protracta
3731 1174 3796 1232 et

2239 1281 2583 1341 attenuata
2606 1275 2673 1339 in
2712 1273 3020 1351 circuitu,
3048 1281 3116 1340 et
3151 1273 3283 1339 alia
3313 1281 3412 1340 est
3434 1274 3794 1341 columna-

2240 1380 2342 1458 tis,
2388 1382 2557 1448 sicut
2599 1388 2697 1447 est
2728 1380 2793 1446 in
2844 1387 3068 1447 ostreo
3112 1379 3298 1469 quod
3330 1380 3676 1447 invenitur
3728 1381 3792 1445 in

2239 1489 2405 1554 mari
2436 1486 2668 1563 Italiae,
2704 1486 2886 1577 quod
2916 1495 3202 1554 vocatur
3256 1510 3479 1553 canna
3520 1496 3795 1576 propter

2236 1617 2373 1662 suae
2402 1591 2679 1661 conchae
2718 1592 3234 1661 similitudinem
3284 1592 3370 1660 ad
3435 1616 3750 1662 cannam.

2318 1700 2562 1768 Adhuc
2600 1708 2822 1767 autem
2872 1699 3291 1767 concharum
3348 1700 3665 1791 quaedam
3696 1708 3797 1768 est

2236 1809 2475 1898 spissa,
2545 1817 2612 1876 et
2666 1808 2978 1899 quaedam
3045 1808 3297 1891 tenuiS,
3359 1816 3424 1874 et
3481 1808 3794 1900 quaedam

2238 1915 2305 1981 in
2364 1916 2586 1983 medio
2644 1914 2757 1981 ubi
2810 1925 2913 1983 est
2987 1923 3317 1994 ostreum,
3393 1923 3499 1982 est
3552 1915 3792 2006 spissa,

2237 2029 2301 2090 et
2364 2023 2434 2090 in
2502 2023 2748 2090 tinibus
2813 2021 2930 2088 ubi
2978 2021 3343 2105 clauditur,
3376 2030 3478 2090 est
3539 2022 3792 2103 tenuis,

2235 2130 2406 2196 sicut
2475 2138 2710 2197 ostrea·
2783 2126 3059 2196 conchae
3107 2151 3259 2218 quae
3337 2129 3403 2194 in
3478 2127 3792 2218 pluribus

2228 2237 2423 2325 juxta
2452 2236 2636 2305 lacus
2665 2244 2731 2304 et
2762 2237 3041 2303 llumina
3100 2236 3568 2302 inveniuntur.

2324 2341 2564 2410 Adhuc
2619 2351 2842 2408 autem
2902 2341 3217 2431 quaedam
3286 2349 3387 2409 est
3445 2340 3673 2430 plana,
3726 2347 3790 2405 et

2235 2450 2543 2540 quaedam
2590 2459 2691 2519 est
2742 2472 3005 2540 aspera,
3049 2457 3115 2516 et
3173 2448 3484 2540 quaedam
3541 2447 3791 2516 lineata

2236 2557 2436 2624 radiis
2475 2558 2663 2648 quasi
2731 2557 2813 2624 ‹le
2867 2579 3006 2623 uno
3037 2564 3272 2623 centro
3330 2555 3449 2623 ubi
3489 2563 3789 2622 ostreum

581 2669 683 2734 De
712 2674 968 2732 »natura
996 2674 1061 2731 el
1077 2662 1518 2753 dispositione
1544 2662 1961 2728 animalium
1982 2685 2133 2752 quae
2224 2663 2406 2750 jacet
2434 2663 2859 2732 exeuntibus.
2907 2661 2989 2729 Et
3029 2663 3278 2730 iterum
3331 2653 3646 2752 quaedam
3687 2669 3782 2728 est

667 2773 994 2839 dicuntur
1050 2771 1234 2838 durae
1283 2779 1494 2849 testae,
1538 2794 1687 2860 quae
1722 2778 1883 2837 sunl
1910 2780 2129 2836 ostrea
2231 2771 2410 2851 alba,
2443 2780 2510 2839 et
2573 2771 2879 2862 quaedam
2935 2770 3168 2849 rubea,
3213 2778 3278 2837 et
3328 2770 3644 2860 quoedam
3680 2769 3789 2836 ni-

662 2877 1029 2947 conchilia.

1132 1913 1424 1982 CAPUT
1469 1912 1589 1978 111.

2227 2899 2372 2965 gra,
2408 2885 2474 2943 et
2510 2874 2820 2966 qua-dam
2869 2873 3069 2941 habet
3105 2873 3544 2966 splendorem
3610 2896 3787 2939 mar-

2225 2984 2459 3073 garita·
2500 2992 2566 3050 et
2620 2983 2798 3050 intus
2827 2990 2891 3051 et
2955 2991 3172 3050 extra.
3207 2982 3294 3049 Et
3348 2982 3581 3051 multae
3634 2980 3780 3049 aliae

2224 3098 2382 3158 sunt
2442 3088 2854 3158 concharum
2929 3088 3382 3157 diversitates.

2320 3196 2633 3288 Amplius
2687 3206 2912 3265 autem
2961 3197 3280 3287 qua-dam
3311 3204 3537 3264 ostrea
3591 3217 3778 3285 egre·

2223 3308 2502 3376 diuntur
2542 3307 2624 3375 de
2653 3306 2793 3372 suis
2822 3303 3129 3381 conchis,
3163 3314 3233 3373 et
3275 3303 3589 3396 quaedam
3621 3326 3776 3371 ma-

2223 3423 2384 3484 nent
2423 3415 2490 3483 in
2521 3416 2640 3481 eis.
2684 3413 2767 3480 Et
2806 3412 3232 3480 manentium
3283 3409 3599 3503 quaedam
3639 3432 3783 3476 ma-

2222 3530 2384 3590 nent
2448 3518 2890 3588 immobiliter
2953 3518 3377 3588 adhaerentia
3442 3516 3784 3609 lapidibus

2221 3632 2290 3698 in
2311 3628 2560 3719 quibua
2575 3636 2965 3707 nascuntur,
2981 3635 3049 3694 et
3069 3625 3390 3718 qua-dam
3408 3623 3787 3695 extendunt

641 3725 750 3794 Ad
780 3724 1207 3817 loquendum
1247 3731 1477 3793 autem
1527 3722 1610 3791 de
1650 3721 1757 3791 his
1796 3722 2117 3792 animali-

555 3834 682 3899 bus
710 3854 863 3922 quae
888 3831 1074 3901 durae
1114 3837 1317 3900 texta}
1356 3830 1680 3908 existunt,
1713 3828 1984 3898 difficile
2014 3837 2115 3898 est

553 3951 830 4033 propter
876 3941 1164 4010 multam
1225 3962 1460 4009 eorum
1517 3938 2005 4018 diversitatem,
2047 3947 2111 4006 et

552 4048 912 4117 nominum
944 4070 1183 4116 eorum
1227 4046 1683 4137 ignorantiam
1725 4068 1741 4113 ε
1791 4055 1853 4113 et
1884 4048 1938 4113 si
1980 4069 2114 4137 qua

548 4179 787 4225 eurum
858 4154 1117 4224 habent
1167 4155 1475 4235 nomina,
1530 4153 1984 4222 diversimode
2045 4155 2110 4220 in

547 4264 834 4332 diversis
872 4262 1181 4331 maribus
1210 4259 1661 4354 appellantur.

635 4372 1035 4441 Differentia
1077 4379 1304 4440 autem
1337 4370 1640 4460 ipsorum
1671 4369 2008 4459 pra-cipue
2041 4370 2107 4437 in

542 4488 842 4573 quatuor
877 4478 1279 4558 attenditur,
1322 4480 1391 4547 in
1438 4476 1814 4545 substantia
1866 4477 2112 4545 videli-

545 4597 651 4657 cet
675 4587 1020 4667 animalis,
1063 4594 1129 4656 et
1159 4588 1366 4655 modo
1397 4584 1673 4653 conchae
1703 4587 1770 4653 in
1813 4608 1948 4675 qua
1978 4594 2102 4664 est,

2217 3736 2525 3805 membra
2587 3735 2900 3827 quiedam
2966 3743 3159 3803 extra
3200 3732 3566 3813 concham,
3627 3732 3782 3807 licet

2220 3868 2355 3912 non
2385 3846 2453 3912 in
2490 3851 2634 3912 toto
2672 3843 3132 3934 egrediantur.
3186 3839 3527 3909 Similiter
3553 3849 3781 3907 autem

2217 3954 2532 4045 quaedam
2564 3974 2936 4041 numquam
2971 3951 3291 4042 aperiunt
3318 3947 3679 4027 concham,
3721 3957 3787 4015 et

2226 4059 2542 4152 qua-dam
2573 4057 2897 4127 claudunt
2934 4066 3001 4125 et
3031 4060 3375 4148 aperiunt.
3410 4055 3493 4122 Et
3533 4053 3779 4123 horum

2214 4166 2527 4259 quaedam
2593 4164 2791 4233 claud
2806 4170 2931 4232 unt
2992 4173 3064 4232 et
3116 4164 3437 4254 aperiunt
3493 4162 3563 4229 in
3649 4183 3785 4228 una

2214 4284 2400 4365 parte
2430 4281 2722 4351 tantum,
2756 4269 3069 4363 quoedam
3102 4277 3332 4337 autem
3389 4270 3457 4337 in
3491 4277 3779 4358 utraque

2214 4392 2424 4475 parte.
2459 4381 2776 4450 ostreum
2811 4381 2998 4448 enim
3036 4378 3222 4471 quod
3251 4378 3502 4446 dicitur
3528 4399 3775 4451 canna,

2215 4489 2392 4582 quod
2426 4497 2527 4555 est
2557 4484 2970 4561 columnale‚
3015 4486 3235 4577 aperit
3292 4492 3361 4552 et
3398 4482 3657 4551 claudit
3713 4483 3780 4548 in

2211 4597 2493 4665 circuitu
2528 4596 2595 4662 in
2639 4604 2922 4686 utraque
2962 4614 2978 4659 ε
3015 4590 3136 4659 sed
3205 4590 3376 4658 illud
3443 4588 3628 4680 quod
3681 4596 3783 4655 est

546 4705 611 4766 01
642 4697 710 4763 111
745 4694 953 4764 1110110
1015 4704 1270 4773 11101118,
1312 4702 1378 4761 01
1410 4694 1477 4761 111
1527 4693 1733 4761 1110110
1781 4692 2105 4760 01110311ΐί13
2209 4705 2378 4771 sicut
2418 4702 2589 4770 alvei
2621 4701 2757 4769 dun
2795 4700 3185 4789 cunjuncti,
3218 4720 3360 4765 non
3400 4696 3617 4788 aperit
3647 4694 3778 4763 nisi

544 4812 611 4871 et
667 4803 1065 4892 apertionis.
1105 4802 1180 4869 ln
1239 4799 1627 4867 substantia
1684 4799 1956 4891 quidem
1999 4801 2107 4890 ip-

544 4911 688 4978 sius
762 4908 1077 4978 animalis
1147 4931 1164 4979 ε
1233 4907 1560 4999 quoniam
1645 4905 1920 4999 aliquod
2002 4917 2103 4977 est

2210 4811 2276 4877 in
2318 4818 2506 4900 parte
2537 4831 2695 4877 una.
2734 4807 2811 4874 Et
2852 4808 2998 4873 ista·
3058 4828 3303 4873 omnes
3350 4802 3776 4872 diversitates

2205 4925 2360 4985 sunt
2402 4922 2646 5007 praeter
2704 4913 3169 4981 diversitatem
3224 4910 3594 4979 anatomioe
3656 4932 3781 4975 eo-

544 5017 776 5094 molle.
833 5025 902 5087 et
956 5016 1237 5109 aliquod
1294 5024 1396 5085 est
1425 5015 1701 5095 durum,
1735 5024 1803 5083 et
1824 5014 2102 5106 aliquod
2206 5049 2380 5094 mm,
2453 5023 2589 5093 Sed
2652 5021 2766 5091 illa
2820 5030 2921 5089 est
2988 5042 3226 5111 parva,
3299 5021 3464 5111 quia
3555 5022 3771 5108 pauca

543 5125 803 5204 1111111111,
838 5132 903 5192 01
934 5124 1210 5217 aliquod
1244 5124 1540 5213 nigrum,
1576 5131 1639 5191 et
1686 5122 1961 5213 aliquod
1992 5145 2102 5191 ru-
2203 5130 2506 5200 membra
2573 5128 2820 5197 liabent
2877 5127 3190 5196 distincta
3273 5133 3559 5217 propter
3616 5123 3770 5191 vitae

540 5232 772 5310 11011111,
836 5242 901 5300 01
958 5232 1238 5325 aliquod
1302 5231 1612 5322 longum.
1682 5239 1749 5299 01
1820 5230 2097 5323 aliquod
2197 5260 2338 5306 sua·
2417 5232 3020 5327 imperfectionem.
3074 5232 3172 5300 De
3230 5228 3560 5300 omnibus
3600 5251 3770 5319 ergo

541 5337 770 5416 111ον0,
834 5346 900 5407 01
956 5340 1234 5432 aliquod
1309 5360 1621 5430 parvum,
1683 5345 1749 5405 et
1820 5337 2097 5429 aliquod
2197 5343 2301 5414 luis
2362 5364 2853 5435 prosequemur
2944 5342 3356 5410 sententiam
3423 5336 3769 5427 Antiquo-

538 5469 894 5538 magnum,
938 5455 1006 5515 et
1052 5447 1331 5539 aliquod
1368 5444 1625 5515 habeus
1692 5445 1759 5512 ἰῐι
1807 5469 1877 5513 se
1908 5469 2097 5515 mar·
2198 5475 2373 5529 rum,
2417 5459 2482 5520 et
2513 5448 2963 5540 adjungemus
2984 5472 3226 5517 causas
3257 5444 3600 5538 physicas,
3640 5443 3759 5512 Sic

535 5554 856 5646 garitam,
917 5562 983 5623 et
1047 5553 1321 5646 aliquod
1390 5577 1527 5622 non
1596 5551 1856 5622 habens
1913 5554 1981 5623 in
2020 5581 2092 5625 se
2194 5557 2477 5628 enimin
2515 5553 2792 5623 scientia
2821 5553 3259 5622 Auimulium
3313 5558 3414 5619 est
3455 5547 3759 5642 philoso-

536 5684 713 5743 eam,
775 5660 930 5731 licet
999 5658 1279 5730 conchoe
1337 5683 1577 5729 omnes
1640 5657 1897 5751 aliquid
1970 5659 2091 5730 ha-
2190 5661 2564 5757 phandum.
