4919 6371
2082 445 2251 511 LIB.
2302 444 2331 510 I
2376 445 2499 512 DE
2543 444 3138 523 AMIMALIBU&
3189 445 3500 513 TRACT.
3557 444 3651 510 111

1228 617 1661 711 spondilibus
1701 616 1833 683 illis
1862 617 2077 685 tribus
2109 642 2257 710 quoe
2316 632 2477 689 sunt
2520 622 2591 687 in
2632 640 2781 686 osse

1227 749 1500 794 renum.

1319 834 1590 901 Creatio
1632 843 1860 901 autem
1892 860 2134 903 renum
2165 846 2266 904 est
2310 838 2483 903 sicut
2532 832 2780 900 creatio

1225 963 1471 1009 renum
1538 964 1783 1020 vaccae,
1848 945 1961 1035 qui
2025 943 2340 1012 videlicet
2411 947 2571 1007 sunt
2634 939 2781 1006 duri

1226 1047 1510 1140 oblongi
1589 1052 1772 1118 intus
1828 1051 2108 1118 concavi
2173 1047 2670 1139 aliquantulum
2719 1055 2784 1116 et

1225 1158 1524 1225 exterius
1552 1157 1825 1225 rotundi
1862 1179 1876 1222 :
1913 1155 2032 1223 sed
2079 1158 2148 1222 in
2204 1157 2582 1245 quantitate
2645 1178 2783 1223 non

1225 1277 1386 1336 sunt
1415 1271 1614 1351 tanti,
1650 1267 1886 1356 quanti
1918 1275 2076 1333 sunt
2127 1290 2320 1335 renes
2385 1290 2605 1336 vaccae
2659 1289 2673 1332 :
2719 1275 2786 1332 et

1225 1373 1464 1443 dexter
1493 1396 1734 1442 renum
1764 1382 1868 1441 est
1906 1372 2108 1442 altior
2148 1376 2218 1441 in
2275 1376 2434 1456 situ,
2470 1375 2640 1441 sicut
2701 1370 2784 1437 ad

1224 1503 1505 1549 sensum
1535 1478 2010 1548 manifestatur
2038 1483 2106 1548 in
2140 1482 2486 1548 anatomia
2524 1478 2786 1546 haben-

1223 1590 1399 1656 tium
1476 1610 1724 1655 renes:
1771 1597 1838 1655 et
1877 1589 2215 1679 pinguedo
2282 1611 2432 1678 quae
2488 1586 2786 1655 adhaeret

1225 1695 1371 1761 reni
1439 1695 1704 1773 dextre,
1767 1696 1997 1762 minor
2053 1704 2153 1762 est
2202 1717 2408 1784 quam
2438 1694 2782 1785 pinguedo

1223 1798 1508 1866 sinistri.
1543 1800 1763 1867 Causa
1807 1807 2036 1866 autem
2068 1798 2270 1887 hujus
2319 1808 2444 1879 est,
2477 1802 2639 1891 quia
2685 1805 2786 1866 est

1225 1904 1515 1974 calidior
1540 1914 1610 1975 et
1636 1904 1866 1995 hepati
1896 1907 2208 1985 vicinior,
2252 1914 2320 1974 et
2351 1906 2502 1975 ideo
2546 1928 2786 1974 consu-

1226 2013 1440 2081 mitur
1485 2014 1705 2104 magis
1736 2012 2096 2081 humidum
2139 2015 2321 2104 quod
2362 2023 2463 2084 est
2509 2016 2579 2082 in
2637 2015 2782 2105 ipso

1226 2144 1439 2213 quam
1477 2124 1548 2190 in
1572 2124 1871 2191 sinistro.
1906 2123 2267 2215 Pinguedo
2305 2126 2487 2191 enim
2538 2146 2786 2216 prove-

1227 2229 1330 2297 nit
1367 2252 1455 2298 ex
1482 2252 1743 2321 aquoso
1781 2232 2113 2322 sanguine
2153 2254 2482 2300 converso
2532 2239 2597 2300 et
2647 2254 2784 2299 non

1227 2343 1665 2428 consumpto.

1313 2439 1562 2510 Adhuc
1601 2450 1831 2512 autem
1872 2466 1912 2510 a
1959 2467 2131 2511 vena
2172 2445 2415 2534 majori
2454 2467 2605 2535 quae
2653 2452 2785 2512 stat

1219 2571 1428 2640 super
1472 2549 1758 2640 gibbum
1808 2549 2098 2642 hepatiS,
2175 2561 2236 2619 et
2289 2552 2372 2619 ab
2421 2551 2600 2619 ortlii
2661 2552 2783 2619 ‹le-

1217 2656 1873 2735 scendente,exeunt
1894 2658 2043 2726 duae
2074 2653 2289 2727 vente.
2319 2659 2470 2727 lina
2507 2658 2780 2750 quidem

1216 2765 1449 2854 quieta
1481 2789 1631 2856 quae
1673 2770 1862 2836 venit
1921 2792 1957 2834 a
2001 2790 2179 2836 vena
2222 2770 2463 2858 majori
2497 2792 2647 2860 quae
2685 2769 2780 2836 di·

1217 2872 1474 2940 viditur
1526 2874 1596 2941 in
1673 2875 1841 2943 duas
1916 2877 2364 2968 emulgentes.
2419 2876 2650 2945 Altera
2680 2886 2780 2944 est

1219 2978 1502 3068 pulsans
1558 3004 1710 3071 quae
1776 2984 1963 3050 venit
2022 2983 2106 3051 ab
2155 2983 2357 3051 orthi.
2394 2983 2477 3052 Et
2524 2982 2627 3050 lue
2657 3007 2781 3050 ve-

1219 3087 1420 3155 niunt
1449 3087 1536 3155 ad
1567 3111 1786 3168 renes,
1829 3098 1896 3157 et
1924 3113 2061 3157 non
2103 3093 2351 3158 intrant
2384 3092 2454 3158 in
2494 3091 2780 3182 profun-

1223 3194 1393 3264 dum
1424 3197 1730 3288 ipsorum
1758 3220 1775 3267 ε
1803 3200 2130 3290 quoniam
2167 3201 2240 3267 in
2277 3200 2506 3269 medio
2538 3203 2781 3269 utrius-

1224 3326 1362 3394 que
1391 3305 1577 3374 renis
1607 3313 1709 3374 est
1737 3306 2152 3396 profundum
2189 3307 2536 3398 quoddam
2557 3309 2779 3378 simile

1219 3410 1603 3481 ventriculo
1637 3434 1655 3480 :
1688 3421 1757 3482 et
1787 3412 1874 3481 ad
1903 3413 2070 3481 illud
2094 3414 2384 3484 trahitur
2402 3418 2773 3507 aquositas,

1219 3524 1288 3585 et
1323 3517 1726 3608 purificatur
1752 3519 1822 3588 in
1889 3521 2089 3612 ipso:
2125 3530 2190 3590 et
2247 3521 2417 3591 illud
2471 3522 2778 3592 foramen

1218 3623 1593 3717 aliquando
1621 3634 1726 3696 est
1754 3627 2002 3716 majus,
2043 3637 2111 3697 et
2134 3626 2504 3720 aliquando
2523 3630 2773 3698 minus.

1219 3732 1308 3802 Et
1345 3733 1478 3802 ista
1499 3733 1763 3806 tactura
1791 3759 2032 3806 renum
2102 3739 2447 3807 invenitur
2499 3739 2572 3807 in
2625 3740 2777 3807 ani·

1223 3843 1522 3911 malibus
1614 3847 1822 3915 etiam
1917 3848 2349 3937 imperfectis.
2431 3850 2782 3918 invenitur

1224 3950 1415 4019 enim
1443 3952 1519 4021 in
1546 3953 1823 4022 animati
1856 3954 2040 4044 quod
2068 3955 2314 4023 dieitur
2347 3957 2521 4035 keke,
2554 3966 2621 4027 et
2650 3957 2780 4026 hoc

1226 4067 1333 4126 est
1359 4059 1619 4129 animal
1654 4063 1998 4129 marinum
2045 4061 2229 4152 quod
2275 4062 2538 4131 υἰίηίαε
2565 4067 2784 4132 mari-

1226 4186 1361 4232 πω
1388 4163 1641 4233 dicitur
1669 4187 1687 4232 ε
1730 4175 1799 4235 et
1834 4189 2030 4235 renes
2066 4168 2214 4253 ejus
2241 4168 2498 4237 similes
2524 4179 2678 4238 sunt
2712 4171 2779 4238 in

1226 4269 1451 4361 figura
1477 4272 1757 4342 renibus
1803 4296 2051 4351 vaccae,
2085 4275 2242 4343 licet
2288 4275 2357 4344 in
2407 4278 2782 4368 quantitate

1226 4376 1450 4446 multo
1524 4380 1663 4449 sint
1721 4382 2025 4451 minores
2075 4404 2092 4449 :
2161 4391 2225 4450 et
2270 4392 2431 4453 sunt
2475 4382 2782 4456 duriores

1226 4482 1554 4553 omnibus
1605 4484 1757 4555 aliis
1793 4487 2194 4557 animalium
2248 4498 2527 4580 propter
2570 4500 2784 4562 terre-

1224 4590 1603 4659 streitatem
1642 4592 1950 4685 corporis
1977 4593 2163 4682 ejus:
2198 4604 2263 4662 et
2294 4617 2450 4664 ossa
2471 4598 2618 4686 ejus
2636 4620 2786 4665 om-

1226 4694 1344 4763 nia
1379 4705 1544 4765 sunt
1578 4699 2084 4792 cartilaginosa,
2125 4709 2194 4769 et
2231 4700 2385 4771 ideo
2422 4701 2786 4773 disticulter

1227 4802 1506 4883 incedit,
1547 4803 1705 4875 licet
1744 4806 1943 4876 faciat
1983 4806 2275 4877 soetusin
2313 4818 2517 4889 terra,
2549 4819 2617 4880 et
2644 4834 2782 4881 non

1227 4907 1313 4977 de
1341 4908 1524 4980 facili
1553 4916 1847 4982 moritur
1881 4915 2011 4984 nisi
2059 4916 2128 4984 in
2174 4924 2479 5008 tempore
2507 4942 2788 5008 pereus-

1228 5037 1413 5098 sum,
1454 5025 1525 5087 et
1549 5015 1757 5088 habet
1785 5043 2022 5091 vocem
2060 5044 2303 5092 vaccae.
2342 5024 2478 5093 Sed
2518 5048 2654 5093 non
2685 5037 2784 5096 est

1102 5133 1117 5148 '
1229 5123 1436 5214 piscis
1482 5123 1597 5195 ille
1635 5135 1961 5197 cornutus
1989 5129 2104 5220 qui
2165 5129 2281 5198 bos
2345 5131 2413 5198 in
2471 5134 2640 5201 mari
2670 5157 2789 5203 vo-

1229 5240 1453 5301 catur.

1320 5339 1494 5411 Duae
1522 5350 1753 5413 autem
1784 5367 1975 5413 venae
2011 5367 2160 5435 quae
2197 5344 2286 5413 ad
2316 5369 2512 5415 renes
2547 5371 2790 5439 proce-

1232 5446 1406 5518 dunt
1461 5474 1613 5544 quae
1677 5453 2093 5545 emulqentes
2132 5462 2481 5533 vocantur,
2527 5458 2787 5528 ramili-

1231 5564 1390 5625 cant
1415 5556 1490 5626 in
1526 5559 1693 5652 ipsis
1724 5563 2025 5641 renibus,
2058 5560 2177 5630 sed
2205 5583 2347 5629 non
2374 5566 2787 5652 proveniunt

1237 5684 1454 5755 usque
1491 5664 2024 5747 adventriculos
2053 5689 2316 5737 renum.
2353 5666 2645 5760 Signum
2671 5696 2792 5743 au·

1237 5778 1380 5841 tem
1418 5770 1627 5866 hujus
1652 5784 1780 5856 est,
1822 5776 2009 5869 quod
2045 5774 2273 5846 nullus
2316 5778 2600 5848 omnino
2627 5803 2792 5850 san-

4327 451 4449 516 157

2886 617 3040 703 guis
3100 616 3445 682 invenitur
3501 617 3569 683 in
3614 615 4010 683 ventriculis
4061 639 4324 683 renum.
4369 620 4450 683 Et

2888 720 2944 786 si
2974 718 3145 789 forte
3185 720 3430 812 aliquis
3487 721 3762 800 diceret,
3799 721 3985 813 quod
4027 722 4242 789 exiret
4288 744 4450 787 san-

2888 830 3039 918 guis
3103 853 3260 898 cum
3310 832 3602 898 moritur
3651 831 3934 907 animal,
3979 832 4154 899 sicut
4185 831 4336 897 facit
4370 830 4451 897 dc

2890 935 3238 1026 pulmone,
3302 936 3431 1006 hoc
3499 960 3637 1005 non
3705 946 3931 1028 potest
3976 961 4120 1006 esse
4151 960 4443 1005 verum:

2889 1045 3046 1134 quia
3075 1067 3230 1111 cum
3263 1067 3458 1111 renes
3488 1044 3636 1111 duri
3670 1053 3853 1122 sunt,
3886 1044 4253 1112 fortissime
4283 1069 4447 1113 con-

2888 1154 3105 1220 tinent
3133 1153 3318 1243 quod
3350 1162 3450 1221 est
3481 1154 3551 1220 in
3581 1155 3679 1222 eis
3714 1177 3730 1220 ε
3772 1161 3840 1223 et
3880 1162 4043 1223 tunc
4073 1157 4250 1223 intra
4275 1158 4455 1245 ipsos

2889 1263 3165 1350 sanguis
3240 1262 3719 1353 congelaretur
3793 1264 3863 1330 in
3933 1273 4173 1331 morte.
4233 1263 4368 1331 Sed
4416 1288 4454 1330 a

2890 1368 3225 1457 profundo
3268 1393 3351 1436 ex
3410 1369 3561 1437 loco
3607 1369 3965 1437 fovearum
4014 1380 4266 1440 exeunt
4304 1370 4454 1437 ‹luae

2888 1475 3017 1541 vim
3074 1475 3283 1543 fortes
3361 1485 3427 1543 et
3480 1476 3690 1553 durae,
3765 1499 3889 1566 per
3962 1500 4131 1568 quas
4196 1476 4457 1545 colatur

2890 1584 3086 1649 urina
3148 1606 3188 1650 a
3255 1583 3525 1651 modico
3587 1585 3946 1675 sanguinis
4013 1585 4131 1674 qui
4207 1585 4333 1651 fuit
4388 1585 4455 1650 in

2889 1711 2990 1757 ea.

2976 1795 3221 1865 Adhuc
3258 1806 3487 1866 autem
3516 1797 3601 1865 ab
3662 1799 3914 1866 arteria
3971 1797 4151 1865 orthi
4210 1807 4463 1867 exeunt

2891 1902 3040 1970 duae
3081 1903 3235 1983 viee,
3280 1926 3433 1994 quae
3472 1912 3631 1971 suut
3662 1903 3801 1973 duo
3845 1904 4014 1972 rami
4073 1906 4357 1982 arteriae,
4394 1914 4459 1972 et

2890 2014 3298 2102 perveniunt
3344 2012 3429 2080 ad
3489 2036 3685 2082 renes
3714 2021 3788 2081 ut
3828 2012 3994 2082 dent
4026 2014 4125 2082 eis
4160 2014 4461 2083 calorem

2890 2140 3011 2208 per
3038 2120 3354 2209 spiritum
3385 2127 3454 2189 et
3492 2127 3787 2198 motum,
3833 2130 3901 2188 et
3930 2129 4004 2188 ut
4034 2120 4204 2188 dent
4241 2124 4338 2188 vis
4366 2123 4464 2188 vi-

2889 2233 3054 2293 tam.
3092 2223 3425 2293 Similiter
3460 2207 3761 2295 autem⁰a
3806 2226 4033 2295 medio
4103 2230 4459 2318 utriusque

2890 2355 3130 2400 renum
3162 2332 3302 2400 exit
3330 2356 3509 2402 vena
3547 2335 3743 2425 quasi
3771 2334 3864 2401 sit
3926 2333 4010 2402 de
4075 2333 4454 2402 substantia

2890 2440 3079 2506 nervi
3147 2449 3373 2508 creata
3415 2463 3431 2507 ε
3466 2450 3534 2508 et
3591 2442 3660 2507 in
3717 2441 4003 2509 veritate
4049 2450 4150 2508 est
4210 2464 4465 2510 nervus

2890 2548 3168 2639 quidam
3206 2572 3293 2617 ex
3322 2571 3460 2640 quo
3489 2549 3879 2619 contexitur
3905 2549 4312 2639 panniculus
4351 2574 4453 2618 re·

2891 2679 3080 2736 num,
3124 2666 3193 2725 et
3220 2658 3531 2748 pervenit
3573 2656 3662 2724 ad
3690 2656 4033 2748 spondilia
4091 2679 4246 2747 quae
4301 2681 4431 2725 sun

2886 2787 3042 2854 pars
3092 2766 3266 2833 ossis
3304 2764 3540 2833 anchae
3569 2766 3714 2834 sive
3747 2788 3987 2834 renum
4026 2788 4042 2833 ε
4075 2774 4143 2833 et
4179 2775 4342 2833 sunt
4387 2769 4452 2832 in

2885 2873 3139 2941 directo
3178 2873 3596 2964 spondilium
3636 2873 3848 2952 dorsi,
3885 2882 3957 2940 ut
3984 2896 4105 2963 per
4159 2873 4313 2941 illos
4359 2874 4448 2940 li-

2886 2990 3131 3072 gentur
3160 3004 3354 3049 renes
3412 2991 3479 3050 et
3515 2982 4020 3071 suspendantur
4047 2981 4132 3049 ad
4162 2981 4447 3072 spondi-

2886 3089 2976 3157 lia
3007 3087 3121 3156 illa
3153 3110 3170 3155 :
3206 3097 3274 3156 et
3310 3088 3553 3157 deinde
3582 3089 3838 3157 eaedem
3887 3111 4080 3157 venae
4144 3088 4444 3157 collectae

2888 3199 2957 3265 in
2984 3197 3321 3275 strictum,
3346 3197 3726 3287 procedunt
3742 3196 3833 3265 ad
3852 3220 4010 3265 ossa
4039 3195 4438 3277 ancharum,

2886 3313 2953 3374 et
3025 3306 3493 3374 ramiticantur
3549 3306 3619 3374 in
3676 3307 3778 3375 eis
3833 3306 4058 3396 primo
4119 3327 4136 3373 2
4197 3304 4442 3373 deinde

2889 3417 3132 3482 iterum
3172 3425 3604 3507 congregatae
3638 3419 3709 3485 in
3763 3438 4007 3494 unum,
4058 3414 4445 3483 efficiuntur

2887 3523 3259 3594 manifestat
3311 3524 3518 3602 visui,
3596 3533 3668 3594 et
3729 3522 4193 3594 extenduntur
4236 3547 4445 3615 super

2888 3639 3246 3723 utramque
3345 3630 3665 3701 anonam.
3753 3630 3902 3701 vim
3976 3640 4205 3701 autem
4294 3631 4443 3700 sive

2888 3747 3152 3808 meatus
3212 3747 3542 3810 exeuntes
3594 3763 3640 3809 a
3681 3740 3880 3809 venis
3907 3737 4438 3829 emulgentibus,

2891 3869 3007 3935 per
3035 3868 3230 3914 renes
3262 3848 3655 3937 pertingunt
3685 3857 3751 3916 et
3793 3849 4196 3936 perveniunt
4227 3870 4442 3937 usque

2888 3953 2971 4021 ad
2999 3955 3325 4022 vesicam.

2978 4058 3221 4129 Vesica
3294 4070 3525 4129 autem
3587 4058 3910 4128 ultimum
3953 4068 4054 4129 est
4094 4059 4449 4129 membro-

2888 4189 3038 4235 rtnn
3072 4166 3501 4247 inferiorum,
3534 4176 3602 4236 et
3631 4166 3884 4257 pendet
3920 4191 3961 4235 a
4015 4168 4147 4235 viis
4202 4191 4449 4259 proce-

2889 4272 3205 4342 dentibus
3232 4297 3274 4342 a
3314 4274 3590 4344 renibus
3644 4297 3769 4367 per
3804 4296 3976 4366 quas
4003 4274 4219 4342 affluit
4254 4274 4451 4343 urina

2891 4381 2960 4449 in
2997 4381 3294 4450 vesicam
3331 4405 3455 4473 per
3483 4381 3769 4451 modum
3807 4404 4015 4473 quern
4077 4382 4145 4451 in
4200 4392 4454 4450 analo-

2892 4490 3033 4557 mia
3073 4491 3303 4559 vesicae
3330 4491 3659 4559 diximus.
3691 4490 3820 4558 11ae
3849 4493 4037 4559 enim
4092 4490 4224 4559 viae
4279 4490 4459 4559 inter

2891 4595 3060 4663 duas
3104 4597 3371 4666 tunicas
3412 4597 3656 4667 vesica
3708 4597 4086 4688 prooedunt
4141 4596 4228 4666 ad
4270 4599 4457 4689 prin—

2890 4704 3145 4794 cipium
3175 4702 3357 4772 illius
3385 4704 3595 4796 partis
3624 4705 3857 4798 virgae,
3884 4725 4038 4797 que
4062 4714 4171 4774 est
4194 4703 4449 4774 collum

2892 4810 3134 4879 vesica!
3162 4819 3303 4880 tani
3337 4812 3404 4880 in
3443 4811 3610 4881 viris
3639 4834 3848 4904 quam
3899 4812 3969 4880 in
4019 4809 4446 4889 mulieribus,

2894 4929 2960 4988 et
3007 4917 3096 4986 ibi
3156 4920 3409 4988 cadunt
3456 4919 3525 4988 in
3572 4942 3958 4990 concavum
3998 4919 4265 4988 vesicae.
4300 4919 4456 4988 Cir-

2895 5051 3330 5119 cumquaque
3397 5028 3580 5096 enim
3648 5030 3830 5097 circa
3912 5029 4209 5097 vesicam
4293 5036 4452 5094 sunt

2895 5144 3118 5227 partes
3147 5133 3458 5227 quaedam
3505 5136 3754 5206 tunicae
3801 5137 4155 5205 exterioris
4182 5135 4448 5213 vesicae,

2897 5266 3046 5334 qnoe
3075 5251 3237 5311 sunt
3263 5241 3345 5310 de
3381 5243 3764 5312 substantia
3791 5243 3996 5312 simili
4054 5241 4450 5311 substantia·

2897 5349 3045 5420 tela:
3071 5351 3214 5418 sive
3253 5349 3597 5441 panniculi
3627 5350 3970 5441 capillaris
4005 5372 4022 5418 ε
4056 5350 4217 5442 quia
4245 5349 4447 5417 etiam

2897 5459 2980 5527 de
3072 5457 3298 5525 nervis
3378 5456 3818 5549 capillaribus
3909 5457 4319 5533 contexitur,
4387 5463 4454 5522 et

2900 5573 3230 5659 quantum
3271 5562 3357 5632 ad
3401 5573 3752 5654 aspectum
3803 5564 4075 5632 videtur
4117 5588 4264 5633 esse
4307 5562 4453 5651 ejus

2899 5671 3318 5749 sulustantiae,
3353 5671 3548 5760 cujus
3595 5680 3696 5741 est
3725 5673 3950 5765 paries
3996 5671 4289 5765 pectoris
4335 5670 4452 5762 qui

2899 5780 3365 5873 diaphraqma
3399 5787 3710 5860 vocatur,
3743 5802 3950 5872 quem
3980 5778 4278 5847 diximus
4307 5798 4454 5845 esse
