4919 6371
1971 388 2143 455 LlB.
2194 386 2258 454 V
2305 385 2425 453 DE
2475 384 3064 469 ANIMAIJBIJS,
3115 387 3421 456 TRACT.
3478 385 3505 454 Ι

1121 577 1361 638 statur.
1416 566 1655 632 Plures
1686 561 1870 628 enim
1905 558 2363 648 Antiquorum
2422 560 2674 649 opinati

1120 686 1303 755 sunt,
1339 671 1523 764 quod
1548 679 1855 757 tempore
1890 668 2354 756 generationis
2384 666 2676 734 foeminae

1124 786 1425 875 primum
1467 783 1843 868 sequantur
1882 799 2105 844 mares
2146 777 2529 844 emittentes
2569 799 2680 842 se-

1121 914 1306 967 men,
1352 895 1414 954 et
1447 886 1719 975 capiant
1760 885 1987 975 ipsum
2048 909 2190 965 ore,
2251 893 2317 952 ct
2346 885 2680 972 trajiciant

1122 1000 1191 1064 in
1222 1000 1558 1062 ventrem.
1603 991 1691 1058 Et
1720 989 1925 1081 hujus
1965 993 2239 1082 signum
2272 1011 2418 1057 esse
2449 988 2677 1054 dicunt

1121 1101 1306 1194 quod
1343 1121 1522 1188 saepe
1554 1098 1641 1166 ad
1670 1099 1949 1166 oculum
1988 1098 2281 1174 videtur,
2327 1094 2511 1186 quod
2555 1094 2680 1160 [ω-

1122 1209 1326 1276 minae
1391 1207 1632 1274 talium
1722 1204 2127 1272 animalium
2213 1203 2678 1292 aquaticorum

1123 1315 1479 1385 ovantium
1519 1335 1771 1402 magna
1812 1309 2251 1377 multitudine
2307 1315 2686 1398 sequuntur

1125 1447 1347 1492 mares
1420 1431 1729 1509 tempore
1822 1425 2216 1506 conceptuS,
2286 1425 2353 1483 et
2431 1415 2683 1483 faciunt

1123 1529 1309 1622 quod
1338 1528 1664 1606 diximuS,
1701 1524 1862 1614 quia
1892 1522 2216 1590 videlicet
2244 1545 2477 1590 semen
2509 1523 2576 1588 iu
2609 1544 2683 1588 os

1123 1643 1476 1726 acceptum
1500 1640 1771 1723 ponunt
1798 1632 1866 1698 in
1896 1639 2236 1700 ventrem.
2276 1631 2353 1697 ln
2380 1639 2685 1720 tempore

1121 1767 1287 1813 vero
1317 1750 1553 1833 partus
1595 1738 1874 1831 quando
1922 1739 2206 1806 foemina
2243 1739 2498 1828 spargit
2529 1759 2680 1814 ova,

1126 1873 1274 1920 mas
1329 1853 1640 1942 sequitur
1706 1849 2061 1916 foeminam
2127 1848 2277 1915 vice
2360 1868 2559 1915 versa
2622 1853 2688 1913 et

1123 1959 1552 2048 transgluttit
1597 1979 1730 2024 ova
1760 1977 1998 2045 sparsa
2042 1977 2058 2022 ε
2101 1962 2170 2021 et
2208 1976 2293 2020 ex
2321 1953 2471 2020 ovis
2526 1952 2688 2043 qui-

1124 2068 1280 2135 dem
1318 2063 1833 2134 remanentibus
1882 2064 1954 2129 in
2002 2085 2119 2130 ore
2148 2084 2273 2129 suo
2308 2063 2436 2130 erit
2475 2083 2687 2150 gene-

1126 2175 1301 2245 ratio
1358 2173 1648 2264 piscium
1685 2195 1701 2239 :
1765 2178 2047 2261 propter
2102 2171 2290 2262 quod
2364 2171 2434 2237 in
2501 2178 2686 2260 parte

1124 2290 1318 2351 terrae
1338 2282 1503 2348 Levi
1529 2290 1798 2357 vocata,
1832 2301 1986 2370 qum
2017 2279 2223 2346 etiam
2258 2279 2452 2347 Comi
2480 2300 2688 2344 voca-

1124 2398 1257 2468 tur,
1298 2397 1639 2458 venantur
1674 2387 2044 2478 piscatores
2072 2409 2296 2455 mares
2323 2409 2445 2477 per
2474 2386 2690 2453 foemi-

1120 2521 1267 2578 nas,
1305 2509 1372 2568 et
1401 2523 1438 2567 e
1477 2519 1814 2567 converso
1871 2497 2188 2565 heminas
2243 2519 2367 2586 per
2410 2517 2631 2563 mares
2666 2516 2680 2560 ε

1120 2614 1188 2674 ct
1224 2604 1352 2674 hoc
1419 2606 1793 2696 saepissime
1826 2612 2130 2694 apparet,
2174 2610 2244 2671 et
2275 2604 2429 2672 ideo
2498 2610 2686 2693 putat

1115 2713 1365 2804 vulgus
1409 2711 1597 2803 quod
1649 2711 1933 2803 quidam
1990 2712 2210 2802 pisces
2249 2720 2411 2779 tunc
2447 2718 2689 2778 cocant

1117 2842 1276 2888 cum
1344 2817 1799 2909 quibusdam.
1863 2818 2201 2887 Similiter
2239 2827 2467 2886 autem
2516 2818 2685 2884 forte

1119 2926 1285 2995 facit
1348 2926 1695 3016 quoddam
1746 2927 2004 2993 animal
2064 2926 2476 3017 quadrupes.
2539 2925 2688 2992 Ali-

1124 3036 1309 3126 quod
1347 3036 1533 3103 enim
1591 3036 1846 3102 animal
1888 3044 2196 3125 tempore
2249 3036 2468 3104 coitus
2507 3035 2684 3124 ejicit

1124 3166 1360 3212 semen
1399 3165 1603 3211 suum
1644 3144 1825 3211 intra
1883 3141 2179 3211 smminze
2220 3143 2602 3212 membrum
2665 3165 2680 3209 ε

1124 3259 1192 3319 et
1229 3250 1383 3318 ideo
1411 3258 1790 3340 vaporante
1821 3253 2083 3319 semine
2114 3261 2420 3342 tempore
2469 3250 2690 3318 libidi-

1124 3358 1232 3425 nis
1271 3358 1600 3426 olfaciunt
1665 3360 1845 3425 inter
1900 3380 1973 3426 se
2028 3358 2339 3427 membra
2368 3358 2690 3445 genitalia

1117 3468 1603 3536 convenientia
1646 3465 1940 3535 libidini.

1213 3573 1360 3664 Ego
1391 3583 1624 3642 autem
1665 3573 1837 3642 nihil
1896 3571 2148 3642 horum
2176 3585 2344 3666 puto
2402 3598 2550 3644 esse
2576 3598 2690 3643 ve·

1124 3702 1280 3749 rum
1315 3702 1332 3749 z
1366 3681 1528 3772 quia
1556 3681 1922 3770 diligenter
1959 3680 2334 3751 observans
2398 3691 2465 3751 et
2496 3684 2692 3752 inve-

1127 3788 1387 3880 stigans
1417 3787 1503 3856 ab
1526 3788 2022 3879 antiquissimis
2054 3789 2504 3880 piscatoribus
2544 3813 2695 3858 ma-

1129 3897 1222 3963 ris
1277 3905 1341 3964 et
1418 3897 1816 3966 fluviorum.
1884 3896 2026 3964 vidi
2076 3897 2292 3965 oculis
2360 3908 2425 3966 et
2464 3898 2688 3965 audivi

1129 4003 1411 4071 auribus
1440 4004 1659 4095 pisces
1716 4013 2026 4094 tempore
2077 4006 2298 4072 cuitus
2326 4005 2692 4075 confricare,

1127 4113 1212 4181 ad
1236 4120 1533 4191 ventres,
1567 4121 1633 4180 et
1663 4135 1985 4204 spargere
2017 4113 2104 4180 ad
2142 4123 2531 4182 contactum
2562 4136 2693 4181 ova

1125 4230 1195 4290 et
1231 4221 1332 4289 lac
1362 4221 1596 4291 simul.
1644 4221 1783 4288 Sed
1814 4220 2121 4289 velocior
2147 4230 2249 4289 est
2306 4223 2526 4292 coitus
2579 4246 2695 4289 eo·

1124 4349 1275 4396 rum
1316 4350 1529 4420 quam
1569 4329 1803 4396 avium
1852 4350 1868 4396 ε
1914 4336 1981 4395 et
2039 4328 2226 4420 quod
2267 4331 2589 4421 recipitur
2626 4331 2692 4398 in

1123 4460 1268 4516 ore,
1302 4436 1652 4505 descendit
1680 4460 1805 4529 per
1834 4435 2004 4505 meri
2037 4436 2107 4505 in
2139 4437 2596 4515 stomachum,
2632 4447 2694 4505 et

1124 4546 1480 4636 digeritur,
1522 4546 1702 4614 sicut
1740 4545 1915 4614 bene
1957 4545 2213 4614 dictum
2248 4555 2349 4615 est
2390 4549 2457 4615 in
2498 4556 2696 4615 ante·-

1124 4650 1402 4721 liabitis.
1442 4652 1767 4723 Fceiuinae
1803 4679 1971 4723 vero
2026 4656 2378 4745 perdicum
2422 4655 2696 4748 quando

1122 4757 1376 4828 luerint
1403 4762 1479 4828 in
1528 4764 1965 4853 oppositione
2006 4763 2329 4841 marium,
2385 4762 2478 4830 ita
2516 4763 2698 4853 quod

1127 4877 1376 4936 ventus
1414 4877 1640 4959 portet
1680 4870 1965 4938 odorem
2008 4869 2219 4937 maris
2267 4877 2573 4961 tempore
2612 4869 2700 4938 li—

1127 4974 1379 5044 bidinis
1408 4998 1616 5067 super
1662 4977 2046 5062 soeminam,
2100 4986 2262 5046 tunc
2302 4980 2484 5045 enim
2514 4979 2700 5047 calor

1125 5079 1432 5152 libidinis
1472 5082 1629 5153 lacit
1668 5085 1928 5175 spirare
1956 5094 2020 5153 et
2060 5106 2390 5175 vaporare
2429 5107 2702 5156 mascu-

1128 5188 1301 5271 lum,
1369 5191 1602 5260 statim
1667 5189 1951 5258 foemina
1998 5192 2238 5282 incipit
2314 5200 2581 5281 turgere
2629 5195 2697 5262 in

1124 5298 1388 5367 semino
1421 5321 1438 5366 z
1484 5307 1550 5366 et
1588 5297 1877 5366 tortasse
1919 5299 2259 5385 contingit
2288 5297 2422 5367 hoc
2451 5300 2535 5367 ad
2564 5322 2699 5368 vo·-

1130 5426 1277 5472 com
1337 5408 1548 5474 maris
1608 5416 1916 5497 tempore
1983 5406 2307 5474 maximae
2369 5405 2695 5476 libidinis.

1133 5510 1400 5602 Saepius
1430 5514 1637 5581 etiam
1687 5511 2026 5604 contingit
2056 5510 2191 5580 hoc
2218 5535 2308 5581 ex
2346 5512 2480 5583 boc
2517 5516 2700 5608 quod

1135 5641 1284 5688 mas
1320 5620 1511 5688 volat
1565 5644 1774 5712 super
1836 5619 2193 5691 foeminam
2256 5641 2413 5689 cum
2450 5631 2701 5691 ventus

1135 5725 1336 5796 fuerit
1376 5730 1819 5805 conveniens,
1874 5737 1941 5797 et
2006 5726 2319 5796 deferens
2373 5751 2698 5821 vaporem

4210 390 4338 457 303

2791 559 2996 624 maris
3047 582 3253 648 super
3317 559 3665 624 foeminam
3713 581 3726 624 :
3797 557 3973 624 etin
4038 565 4347 647 tempore

2792 668 3065 757 quidem
3144 668 3362 732 coitus
3435 688 3556 754 per
3616 666 3889 732 modum
3949 666 4349 756 praedictum

2791 775 3079 839 excitata
3110 770 3389 837 libidine
3422 793 3566 836 mas
3599 781 3660 837 et
3707 773 3982 839 lwmina
4039 776 4352 863 aperiunt

2792 901 2933 955 ora,
2972 887 3034 945 et
3066 876 3433 945 extrahunt
3480 878 3806 967 ejiciendo
3840 880 4106 969 linguas
4142 904 4348 971 prop-

2792 997 2893 1054 tcr
2923 989 3140 1055 coitus
3180 988 3612 1056 desiderium.
3660 987 3858 1066 Quod
3900 996 4125 1055 autem
4186 988 4348 1056 dicit

2797 1093 3168 1173 Avicenna,
3231 1095 3414 1185 quod
3455 1094 3694 1162 cubata
3745 1118 3894 1185 quae
3935 1103 4036 1162 est
4111 1095 4381 1186 perdix·

2801 1201 3099 1284 foemina,
3156 1204 3638 1292 impraegnetm·
3678 1225 3755 1268 ex
3801 1211 4006 1269 vento
4050 1203 4253 1271 flante
4312 1227 4352 1270 a

2797 1311 3040 1377 marito
3084 1317 3150 1377 et
3188 1332 3356 1377 voce
3396 1310 3646 1387 mariti,
3692 1316 3756 1376 et
3821 1311 4002 1400 quod
4058 1311 4352 1379 commi-

2795 1427 3110 1485 sceantur
3154 1439 3277 1507 per
3316 1415 3587 1505 linguas
3637 1419 3703 1483 in
3772 1418 3981 1495 coitu,
4026 1439 4150 1484 nec
4180 1416 4350 1483 dixit

2796 1522 3220 1599 AristoteleS,
3272 1544 3393 1588 nec
3424 1524 3705 1587 omnino
3746 1530 3846 1589 est
3902 1545 4170 1604 verum,
4232 1521 4350 1589 sed

2793 1630 3021 1718 potius
3043 1650 3120 1695 ea
3151 1650 3303 1719 quae
3325 1627 3647 1707 diximus,
3674 1629 3968 1697 excitant
3998 1628 4352 1703 libidinem

2796 1744 2950 1802 ante
3008 1736 3289 1814 coitum,
3326 1745 3390 1804 et
3430 1745 3587 1804 tunc
3625 1745 3870 1803 coeunt
3910 1737 4082 1803 sicut
4124 1736 4352 1825 gallus

2797 1852 2862 1912 et
2892 1845 3146 1936 gallina
3181 1867 3197 1913 ε
3233 1852 3298 1914 et
3331 1844 3462 1913 hoc
3485 1846 3856 1936 soepissime
3888 1847 4110 1912 visum
4152 1855 4244 1913 est
4284 1848 4353 1913 in

2795 1954 3100 2044 partibus
3141 1954 3552 2034 Germania»,
3587 1955 3789 2022 etiam
3845 1956 3912 2021 in
3965 1954 4354 2023 domesticis

2796 2060 3207 2151 perdicibus,
3244 2082 3414 2152 quas
3444 2084 3571 2152 ego
3605 2062 3745 2152 ipse
3776 2060 3915 2126 vidi
3957 2061 4172 2128 oculis
4203 2084 4356 2151 pro·

2794 2170 2983 2259 priiS.
3032 2166 3359 2236 Malachie
3416 2191 3579 2236 vero
3645 2176 3705 2236 et
3752 2167 3960 2258 sepiae
4017 2176 4079 2234 et
4121 2166 4355 2236 choni-

2798 2277 2979 2356 dem,
3014 2278 3157 2345 sive
3198 2284 3272 2344 ut
3304 2277 3654 2345 Avicenna
3703 2277 3886 2359 dicit,
3922 2300 4352 2346 assumenem

2796 2409 2946 2476 quae
2979 2394 3080 2454 est
3108 2387 3388 2454 firmina
3419 2386 3772 2463 malachie,
3799 2394 4106 2477 tempore
4137 2388 4356 2454 coitus

2796 2499 3345 2587 appropinquant
3413 2496 3537 2563 sibi
3627 2505 3889 2572 mutuo,
3953 2505 4018 2562 et
4101 2494 4354 2562 saliunt

2798 2605 3055 2673 occulte
3087 2605 3396 2673 coeundo
3431 2629 3446 2672 :
3494 2616 3753 2696 ponunt
3785 2607 3965 2671 enim
4001 2627 4119 2671 ura
4150 2628 4352 2695 super

2795 2735 2940 2794 ora,
2973 2722 3039 2780 et
3062 2712 3424 2780 involuunt
3452 2712 3654 2802 pedes
3683 2714 3857 2780 circa
3890 2712 4117 2801 pedes,
4152 2722 4216 2780 et
4255 2713 4352 2780 sic

2793 2830 3069 2888 cummi.

2884 2928 3153 2995 Animal
3187 2951 3352 2996 vero
3385 2928 3701 3017 multipes
3723 2927 3904 3018 qnod
3930 2935 4029 2994 est
4053 2925 4346 3018 polipus.

2794 3044 3101 3126 temporo
3131 3034 3431 3102 libidinis
3469 3044 3666 3125 caput
3716 3036 3908 3124 punit
3964 3056 4171 3124 super
4227 3042 4356 3100 ter-

2794 3166 2967 3221 ram,
3013 3152 3076 3211 et
3116 3143 3415 3213 extendit
3450 3143 3653 3234 pedes
3694 3164 3850 3213 cum
3891 3142 4179 3233 pedibus
4223 3141 4354 3210 sce-

2797 3253 3001 3320 minae
3034 3274 3199 3330 suae,
3234 3261 3298 3320 et
3332 3252 3424 3319 ita
3454 3252 4020 3320 commensuratis
4050 3252 4360 3342 corpori-

2794 3359 2924 3427 bus
2962 3362 3170 3427 maris
3200 3372 3264 3427 et
3305 3360 3627 3439 immina»,
3672 3362 4191 3450 conjunguntur
4218 3359 4360 3425 ori-

2796 3472 2947 3538 licia
2978 3491 3256 3537 suarum
3307 3491 3634 3537 venarum
3704 3469 3986 3537 inferius
4022 3492 4037 3536 :
4082 3467 4355 3560 quando

2795 3577 3003 3668 pedes
3033 3574 3320 3669 pedibus
3384 3584 3539 3644 sunt
3600 3576 3942 3669 applicati,
3986 3584 4049 3642 et
4110 3598 4357 3666 corpus

2795 3685 3087 3777 corpori.
3124 3683 3302 3753 Sunt
3366 3693 3594 3754 tamen
3632 3686 3910 3777 quidam
3968 3682 4353 3775 opinantes,

2797 3791 2983 3882 quod
3048 3793 3117 3860 in
3187 3790 3440 3859 talibus
3493 3790 3903 3859 animalibus
3979 3816 4203 3862 mares
4288 3797 4357 3862 in

2798 3908 3104 3968 extremo
3171 3901 3343 3991 pede
3407 3898 3658 3968 habent
3717 3902 3938 3970 simile
3984 3904 4224 3994 virgm,
4287 3910 4357 3971 et

2801 4017 2898 4076 est
2942 4032 3150 4099 prope
3190 4008 3448 4075 orissvia
3478 4008 3777 4099 ipsarum
3812 4032 4146 4078 venarum
4203 4033 4359 4077 ma-

2799 4137 3088 4204 gnarum
3156 4136 3308 4207 quse
3368 4115 3435 4182 in
3500 4114 3813 4182 cruribus
3867 4117 4355 4186 extenduntur.

2800 4224 3045 4292 Dicunt
3077 4224 3311 4303 etiam,
3355 4223 3538 4315 quod
3571 4224 3682 4291 illa
3720 4226 3913 4317 virga
3943 4225 4360 4294 assimiletur

2799 4358 3011 4404 nervo
3076 4335 3469 4430 procedenti
3538 4335 3622 4403 ad
3681 4336 3982 4405 medium
4024 4337 4240 4429 pedis,
4293 4346 4358 4405 et

2800 4442 2982 4533 quod
3048 4441 3216 4509 illud
3273 4441 3659 4510 membrum
3719 4464 3865 4510 mas
3921 4446 4119 4535 ponit
4169 4445 4239 4511 in
4285 4467 4363 4512 os

2799 4551 3118 4625 sei-unium,
3200 4555 3269 4615 et
3336 4547 3517 4639 quud
3588 4550 3679 4615 sic
3737 4549 4086 4638 perficitur
4137 4551 4361 4619 coitus

2800 4659 2972 4749 ejus.
3011 4655 3089 4725 Et
3123 4654 3254 4724 hoc
3293 4664 3472 4723 stare
3503 4679 3639 4724 nun
3672 4666 3894 4749 potest
3939 4682 3956 4728 t
4000 4660 4159 4751 quia
4189 4658 4361 4728 nihil

2801 4766 3085 4833 omniuo
3151 4767 3289 4832 coit
3327 4786 3452 4854 per
3511 4786 3612 4842 os,
3650 4788 3730 4831 en
3787 4766 3969 4857 quod
4003 4788 4082 4835 os
4137 4775 4236 4833 est
4279 4767 4363 4835 ad

2801 4871 3264 4962 recipiendum
3295 4870 3521 4939 cibum
3560 4892 3577 4939 ε
3607 4873 3724 4940 sed
3755 4872 3945 4941 lucus
3975 4872 4362 4941 emissionis

2801 4979 3082 5046 seminis
3140 4976 3384 5045 ultimo
3436 4978 3679 5070 digesti
3736 4987 3801 5046 et
3858 4980 4168 5071 depurati
4219 5001 4360 5047 non

2802 5094 3017 5177 potest
3057 5107 3205 5152 esse
3234 5085 3366 5153 nisi
3415 5107 3623 5177 porus
3653 5088 3900 5178 aliquis
3927 5087 3999 5155 in
4044 5090 4364 5157 extremi-

2801 5201 2939 5261 tate
2967 5193 3272 5281 corporis
3302 5192 3624 5263 existens.
3658 5201 3730 5261 ut
3753 5215 3987 5261 semen
4008 5193 4101 5261 ibi
4136 5217 4364 5287 recep·

2803 5309 2948 5368 tum
2986 5321 3110 5390 per
3135 5305 3357 5368 totum
3411 5322 3659 5392 corpus
3699 5301 4094 5371 distillando
4141 5304 4368 5371 virtu-

2798 5418 2940 5479 tem
3006 5407 3461 5477 universalem
3565 5412 3871 5501 corporis
3951 5414 4021 5480 in
4107 5436 4177 5480 se
4233 5410 4364 5481 ha-

2802 5517 2980 5586 beat.

2893 5624 3097 5715 Sepia
3179 5643 3346 5692 vero
3414 5629 3482 5691 et
3561 5622 3839 5697 immina
3904 5627 4132 5719 sepite,
4203 5644 4356 5716 quae

2805 5727 3151 5796 ‘hervidem
3209 5733 3520 5805 vocatur,
3601 5730 3966 5801 involvunt
4023 5753 4096 5799 se
4136 5728 4359 5796 sibiet
