4919 6371
1858 336 2023 402 LIB.
2077 331 2174 400 IX
2221 330 2341 399 DE
2388 332 2979 415 ANlMALIBUS,
3030 336 3348 404 TRACT.
3403 335 3430 401 I

1050 512 1258 581 ferius
1298 508 1792 579 declarabimus
1828 527 1841 570 :
1879 512 1944 571 et
1997 503 2171 571 hanc
2227 504 2606 572 humidita-

1054 628 1190 688 tem
1218 619 1614 688 obstetrices
1639 620 1885 680 vocant
1947 610 2175 680 Graece
2230 613 2602 680 stalsaron.

1053 725 1274 794 Omne
1315 732 1543 791 autem
1576 719 1824 787 animal
1867 718 2123 788 habens
2172 720 2601 800 umbilicum,

1050 833 1314 901 cibatur
1341 853 1462 920 per
1504 833 1777 918 ipsum:
1828 837 1892 896 et
1946 831 2002 896 si
2074 829 2321 897 matrix
2370 828 2607 895 habuit

1048 937 1489 1008 coctilidones
1518 959 1850 1004 venarum
1881 944 1947 1005 et
2001 939 2430 1009 arteriarum,
2479 935 2605 1000 erit

1046 1045 1414 1113 umbilicus
1455 1043 1809 1112 adhaerens
1841 1045 1972 1111 illis
2013 1046 2184 1110 sicut
2240 1043 2327 1108 sit
2381 1042 2604 1108 conti-

1048 1176 1231 1222 nuus
1261 1176 1418 1221 cum
1459 1155 1647 1242 ipsis.
1687 1150 1758 1218 Si
1793 1159 2017 1218 autem
2058 1149 2230 1215 lenis
2287 1156 2389 1213 est
2454 1169 2605 1213 ma-

1045 1263 1184 1330 trix
1230 1262 1448 1353 planae
1499 1259 1876 1350 superficiei
1954 1257 2380 1336 intrinsecuS‚
2440 1262 2603 1322 tunc

1048 1368 1420 1436 umbilicus
1462 1364 1970 1434 continuabitur
1988 1361 2340 1452 superlicei
2362 1361 2604 1428 matri-

1046 1478 1167 1556 cis,
1227 1483 1294 1543 et
1333 1481 1530 1564 suget
1568 1495 1653 1541 ex
1717 1473 1883 1562 ipsa.

1133 1581 1378 1649 Adhuc
1418 1589 1646 1648 autem
1688 1602 1891 1647 omne
1922 1576 2172 1646 animal
2215 1577 2599 1668 quadrupes

1043 1694 1321 1783 ponitur
1385 1699 1745 1758 extensum
1831 1690 1900 1755 in
1975 1687 2252 1754 matrice
2326 1693 2601 1775 propter

1044 1800 1344 1868 matricis
1411 1796 1935 1889 longitudinem.
2034 1793 2309 1862 Animal
2369 1799 2598 1861 autem

1047 1930 1283 1976 carens
1312 1905 1622 1996 pedibuS,
1685 1905 1864 1993 jacet
1925 1905 1992 1970 in
2059 1902 2338 1969 matrice
2396 1923 2599 1991 super

1048 2017 1228 2084 latus
1258 2038 1487 2091 suum,
1521 2013 1691 2080 sicut
1724 2020 1823 2079 est
1854 2010 2080 2078 videre
2136 2012 2204 2078 iu
2274 2007 2596 2099 delphino

1051 2131 1119 2190 et
1155 2130 1304 2190 ceto
1372 2131 1439 2189 et
1468 2120 1617 2187 aliis
1655 2118 1952 2210 piscibus
1998 2141 2080 2187 ex
2111 2127 2305 2185 utero
2333 2116 2596 2183 anima-

1046 2229 1137 2298 lia
1166 2229 1292 2297 sibi
1334 2230 1585 2297 similia
1614 2225 2116 2318 generantibus.
2151 2223 2425 2292 Animal
2483 2247 2600 2291 au-

1042 2345 1184 2405 tem
1269 2336 1461 2427 bipes
1556 2343 1687 2402 stat
1754 2336 1822 2401 in
1909 2335 2184 2401 matrice
2289 2335 2598 2399 incurva-

1043 2453 1215 2524 tum,
1249 2445 1424 2512 sicut
1451 2465 1611 2510 aves
1644 2450 1821 2509 stant
1858 2442 1928 2507 in
1959 2464 2114 2515 ovo,
2151 2448 2217 2508 et
2246 2439 2456 2507 honio
2524 2439 2593 2505 in

1042 2552 1369 2620 matrice:
1432 2549 1574 2618 hmc
1640 2551 1820 2617 enim
1872 2549 2221 2615 incurvata
2278 2554 2457 2615 stant
2524 2548 2591 2613 in

1042 2659 1346 2738 matrice,
1383 2661 1474 2726 ita
1507 2657 1689 2747 quod
1721 2680 1923 2724 nasus
1973 2655 2269 2722 bominis
2336 2664 2436 2721 est
2494 2655 2592 2720 in·

1041 2776 1145 2836 ter
1179 2790 1405 2859 genua
1432 2787 1580 2841 sua,
1628 2772 1692 2832 et
1723 2763 1899 2830 oculi
1932 2785 2167 2830 eorum
2208 2785 2411 2852 super
2466 2787 2592 2847 ge-

1043 2897 1176 2942 nua
1234 2896 1379 2950 sua,
1442 2881 1507 2939 et
1539 2895 1737 2940 aures
1777 2879 1960 2938 extra
1992 2893 2216 2960 genua
2247 2892 2371 2936 sua
2406 2891 2420 2935 ε
2459 2867 2589 2936 hoc

1041 2980 1287 3049 melius
1317 2980 1815 3071 distinguemus
1873 2978 1941 3044 in
1980 2976 2425 3066 sequentibus
2492 2976 2589 3043 is-

1037 3092 1174 3158 tius
1202 3089 1381 3157 libri.

1125 3197 1370 3267 Adbuc
1406 3206 1634 3266 autem
1656 3195 1884 3263 omnia
1904 3192 2225 3262 animalia
2254 3192 2394 3260 sive
2425 3216 2589 3283 qua-

1038 3306 1390 3398 drupedia,
1425 3306 1568 3373 sive
1623 3303 1914 3393 bipedia,
1966 3304 2107 3370 sive
2149 3301 2431 3393 pedibus
2472 3326 2589 3368 ca·-

1037 3417 1279 3496 rentia,
1334 3416 1556 3505 primo
1586 3423 1741 3482 ante
1790 3411 2201 3502 completam
2240 3412 2589 3502 quantita-

1034 3533 1176 3593 tem
1208 3529 1437 3592 tenent
1469 3522 1690 3612 capita
1727 3542 1848 3587 sua
1887 3519 2197 3608 superius
2236 3518 2302 3584 in
2347 3517 2587 3584 matri-

1035 3656 1112 3702 ce
1146 3654 1164 3699 ε
1198 3639 1266 3701 et
1316 3653 1471 3699 cum
1526 3627 1864 3719 completa
1927 3628 2201 3705 fuerint,
2251 3633 2316 3693 et
2383 3626 2586 3694 instat

1035 3750 1307 3834 tempus
1363 3748 1620 3830 partus,
1674 3744 1833 3804 tunc
1889 3743 2160 3804 vertunt
2209 3758 2331 3826 per
2366 3735 2587 3825 seipsa

1036 3850 1261 3941 capita
1290 3849 1571 3918 inferius
1600 3846 1684 3914 ad
1713 3848 1970 3912 exitum
1991 3869 2062 3912 se
2094 3847 2579 3935 praepamntia:

1036 3983 1126 4028 eo
1158 3957 1344 4051 quod
1390 3965 1625 4047 partus
1680 3953 2005 4023 naturalis
2059 3961 2163 4021 est
2192 3951 2321 4020 boc
2351 3953 2582 4032 modo,

1029 4066 1234 4160 quod
1262 4074 1467 4158 caput
1505 4066 1724 4157 primo
1752 4070 1943 4131 exeat
1982 4060 2063 4129 de
2102 4058 2332 4127 vulva.

1124 4174 1440 4266 Amplius
1489 4182 1715 4241 autem
1778 4174 1847 4239 in
1899 4170 2075 4238 natis
2131 4168 2587 4261 quorumdam

1036 4280 1585 4375 quadrupedum,
1611 4287 1968 4371 postquam
1992 4275 2309 4367 completi
2330 4275 2585 4346 suntad

1030 4392 1298 4491 exitum
1341 4413 1426 4459 ex
1463 4398 1684 4467 utero,
1728 4388 2169 4455 inveniuntur
2223 4386 2591 4475 superflui-

1036 4506 1208 4569 tates
1247 4505 1652 4573 stercorum,
1698 4503 1764 4560 et
1812 4492 2180 4583 aliquando
2223 4492 2591 4560 inveniun-

1034 4614 1147 4674 tur
1175 4604 1305 4674 illoe
1336 4603 1832 4694 superfluitates
1875 4603 1943 4667 in
1984 4599 2306 4667 intestino
2344 4622 2592 4667 secuu-

1037 4712 1125 4780 do
1148 4710 1334 4803 quod
1365 4719 1614 4778 vocant
1643 4707 2105 4785 ›noum-ulma,
2138 4705 2588 4797 etaliquando

1037 4820 1483 4888 inveniuntur
1512 4819 1582 4885 in
1621 4817 1858 4884 ultimo
1893 4815 2214 4884 intestino
2241 4814 2424 4904 quod
2446 4816 2592 4882 lon·

1032 4952 1327 5022 quonem
1366 4928 1680 5020 superius
1712 4929 1779 4995 in
1826 4926 2176 4994 anatomia
2214 4924 2585 5015 appellavi-

1036 5060 1193 5107 mus
1226 5059 1243 5105 :
1278 5044 1348 5106 et
1372 5056 1578 5106 causa
1614 5033 1817 5122 hujus
1846 5043 1945 5101 est
1976 5032 2335 5124 impuritas
2392 5055 2593 5100 men-

1036 5146 1207 5214 strui
1247 5143 1603 5236 sanguinis
1628 5165 1830 5232 quem
1861 5150 2114 5231 sugunt
2158 5164 2244 5207 ex
2283 5140 2586 5223 matrice,

1036 5254 1153 5346 qui
1183 5262 1505 5323 causatur
1546 5276 1632 5321 ex
1678 5250 1883 5320 crudo
1942 5259 2008 5317 et
2059 5251 2356 5319 terrestri
2405 5250 2588 5317 malo

1035 5360 1460 5430 nutrimento
1501 5359 1896 5429 animalium
1932 5360 2219 5427 istorum
2252 5382 2269 5427 ε
2312 5381 2435 5427 nec
2473 5357 2589 5425 diu

1038 5477 1172 5539 stat
1200 5470 1271 5538 in
1307 5469 1562 5539 talibus
1601 5469 1872 5537 t'oetibus
1925 5466 2081 5536 talis
2128 5467 2584 5557 superfluitas,

1040 5576 1161 5646 sed
1196 5599 1471 5669 parum,
1534 5585 1601 5645 et
1641 5585 1745 5646 est
1772 5577 1963 5667 nigra
2010 5574 2184 5644 sicut
2230 5583 2590 5665 corruptus

1040 5687 1348 5776 sanguis,
1418 5683 1692 5777 quando
1750 5685 2013 5772 ejicitur
2078 5705 2163 5751 ex
2231 5682 2393 5773 ipsis
2446 5705 2463 5751 :
2524 5689 2591 5751 et

4143 336 4272 402 515

2712 503 2853 573 haec
2902 506 3337 596 superfluitas
3392 528 3531 573 non
3592 505 3939 572 invenitur
3968 507 4037 572 in
4076 505 4276 595 bipe-

2711 613 2929 680 dibus.
2962 612 3296 679 Similiter
3324 621 3554 679 autem
3587 611 4022 701 superfluitas
4053 611 4277 678 humi-

2710 723 2795 789 da
2861 744 3011 810 quae
3076 729 3173 788 est
3208 721 3428 798 urina,
3489 719 3860 810 aliquando
3930 720 4275 787 invenitur

2712 834 2779 898 in
2819 830 3046 897 vesica
3091 830 3318 909 foetus,
3357 840 3423 899 et
3475 830 3844 921 aliquando
3894 828 4100 896 babet
4157 853 4273 896 re-

2709 938 3133 1027 ceptaculum
3166 941 3519 1029 proprium
3552 940 3620 1005 in
3662 938 3963 1016 matrice,
4022 938 4092 1004 in
4132 959 4269 1027 quo

2708 1046 3051 1134 recipitur,
3122 1047 3296 1115 sicut
3362 1047 3430 1112 in
3484 1044 3766 1112 homine
3839 1067 3854 1110 ε
3936 1054 4004 1112 et
4068 1044 4270 1112 foetus

2708 1155 2822 1242 qui
2866 1152 3121 1221 babent
3164 1154 3383 1243 ipsam
3433 1154 3501 1219 in
3541 1155 3772 1220 vesica
3819 1153 4125 1242 propria,
4152 1175 4270 1241 pa-

2707 1283 2857 1326 rum
2890 1259 3167 1339 habent,
3193 1268 3261 1328 et
3299 1283 3440 1327 non
3471 1259 3585 1326 diu
3618 1267 3851 1327 tenent
3899 1268 4270 1348 antequam

2705 1372 3076 1433 nascuntur
3119 1387 3133 1431 :
3171 1364 3290 1432 sed
3335 1366 3406 1431 in
3436 1363 3588 1432 aliis
3617 1363 3735 1430 diu
3765 1372 4041 1431 tenetur
4071 1365 4140 1429 in
4169 1370 4276 1430 te-

2703 1470 2769 1537 la
2835 1472 3151 1561 quadam,
3215 1473 3411 1560 cujus
3454 1471 3977 1561 dispositionem
4027 1493 4154 1538 nos
4203 1470 4275 1536 in

2703 1579 3141 1670 sequentibus
3181 1581 3374 1647 istius
3426 1579 3578 1647 libri
3619 1577 4146 1648 declarabimus.

2791 1688 3106 1778 Amplius
3127 1689 3196 1754 in
3221 1687 3617 1755 matricibus
3650 1690 3717 1754 in
3742 1687 3990 1777 quibus
4013 1711 4132 1777 per
4150 1709 4270 1753 co-

2702 1795 3056 1863 ctilidones
3071 1795 3841 1886 sugitembrquuanto
3861 1794 4081 1884 magis
4095 1816 4270 1861 cres·

2702 1904 2790 1969 cit
2821 1911 3076 1992 partuS,
3130 1912 3320 1971 tanto
3351 1901 3718 1970 trahuntur
3746 1911 3813 1970 et
3859 1902 4267 1969 diminuun-

2703 2020 2811 2079 tur
2866 2011 3310 2079 coctilidones
3355 2034 3370 2078 :
3416 2033 3497 2078 eo
3546 2010 3729 2102 quod
3771 2018 3954 2077 totus
4012 2008 4265 2077 humor

2700 2118 2965 2209 sugitur
2994 2119 3081 2185 ad
3100 2142 3346 2209 corpus
3366 2118 3595 2196 foetus,
3621 2141 3742 2208 per
3762 2116 4082 2185 eumdem
4113 2140 4260 2184 mo-

2704 2229 2864 2295 dum
2896 2251 3030 2318 quo
3076 2237 3395 2296 arescunt
3423 2227 3866 2296 coctilidones
3917 2227 4261 2294 fructuum

2699 2337 2910 2403 auctis
2950 2343 3017 2403 et
3047 2338 3404 2403 maturatis
3471 2335 3827 2411 fructibuS,
3873 2341 3938 2400 et
3995 2334 4063 2399 in
4122 2334 4258 2400 line

2699 2443 3202 2533 abrumpuntur
3247 2467 3287 2510 a
3337 2443 3647 2519 matrice,
3702 2443 3876 2509 sicut
3917 2440 4261 2508 fructuum

2696 2553 3136 2620 coctilidones
3167 2551 3728 2641 abrumpuntura
3750 2574 3921 2640 poro
3943 2549 4207 2615 arboris
4239 2570 4255 2614 ε

2696 2670 2760 2727 et
2783 2669 2940 2726 tunc
2961 2659 3138 2726 cadit
3161 2659 3362 2726 foetus
3377 2659 3555 2725 sicut
3570 2657 3749 2725 cadit
3769 2657 4046 2724 [ructus.

2785 2766 3069 2832 Factura
3100 2775 3329 2831 autem
3362 2764 3666 2832 umbilici
3699 2771 3802 2831 est
3824 2763 3997 2831 sicut
4043 2763 4114 2829 lit
4146 2763 4257 2827 iu-

2692 2875 2951 2942 volutio
2985 2874 3132 2942 101ae
3163 2874 3452 2961 alicujus
3480 2874 3658 2940 circa
3687 2895 3899 2940 venas
3940 2895 4091 2962 quae
4124 2892 4251 2936 ve-

2694 2984 2886 3050 niunt
2925 3005 3010 3051 ex
3048 2982 3256 3072 gibbo
3297 2980 3563 3071 hepatis
3612 2980 3814 3048 foetus
3854 2979 3938 3046 ad
3997 3001 4251 3046 secun-

2692 3088 3065 3169 dinanum
3112 3111 3232 3177 per
3281 3110 3435 3155 eam
3479 3085 3830 3155 adhaerent
3878 3085 4144 3152 matrici
4184 3091 4250 3151 et

2692 3205 2939 3287 sugunt
2972 3220 3055 3264 ex
3090 3199 3235 3287 ipsa
3265 3196 3448 3287 quod
3483 3194 3814 3263 redundat
3843 3193 3929 3261 ad
3964 3191 4247 3285 gibbum

2692 3305 2952 3395 hepatis
2984 3304 3280 3372 infantis,
3337 3303 3413 3371 ln
3461 3303 3772 3395 pluribus
3829 3311 4057 3370 autem
4100 3324 4253 3368 em-

2691 3414 3030 3505 bryonum
3063 3412 3467 3480 animalium
3499 3411 3975 3502 generantium
4005 3409 4135 3476 sibi
4159 3410 4258 3474 si-

2692 3523 2879 3592 milia
2920 3523 3365 3591 inveniuntur
3401 3531 3699 3613 quatuor
3727 3543 3942 3604 venae,
3983 3521 4162 3586 sicut
4186 3519 4257 3585 in

2691 3632 2937 3709 vaccis,
2974 3632 3223 3722 porciS,
3272 3631 3520 3710 cervis,
3563 3638 3630 3699 et
3660 3627 4056 3718 hujusmodi
4099 3628 4257 3693 ani-

2695 3738 2987 3806 malibus
3018 3740 3310 3830 maguis.
3357 3738 3436 3806 ln
3465 3738 3696 3829 parvis
3723 3745 3954 3804 autem
3985 3735 4260 3803 anima-

2692 3847 2870 3914 libus
2900 3849 3073 3914 sicut
3110 3846 3180 3913 in
3231 3845 3463 3937 lepore
3494 3854 3561 3913 et
3615 3844 3786 3935 glire
3813 3844 4260 3911 inveniuntur

2694 3957 2844 4024 «lua»,
2872 3977 3065 4023 venae
3097 3955 3167 4022 in
3208 3953 3563 4022 umbilico.
3602 3951 3678 4019 In
3738 3952 4046 4019 minimis
4088 3972 4256 4017 veru

2695 4064 2865 4129 sicut
2898 4063 2966 4129 iu
2999 4061 3241 4129 avibus
3270 4060 3622 4129 invenitur
3654 4059 3877 4126 unica.
3935 4056 4087 4127 Ista·-
4129 4079 4261 4123 au-

2697 4179 2830 4238 tem
2870 4194 3064 4238 vena:
3097 4193 3249 4262 quae
3280 4178 3539 4260 sugunt
3569 4166 4092 4241 nutrimentum,
4127 4188 4257 4233 ex-

2695 4278 3063 4346 tenduntur
3092 4278 3163 4345 in
3220 4271 3624 4368 corporibus
3653 4274 4138 4363 embryonum,
4173 4269 4261 4337 ad

2697 4408 2971 4453 omnem
3031 4393 3293 4474 partem
3358 4383 3652 4452 ferentes
3692 4381 4192 4448 nutrimentum
4239 4398 4256 4444 ε

2695 4503 2757 4560 et
2788 4491 3104 4584 quaedam
3142 4514 3382 4562 earum
3426 4496 3787 4559 transeunt
3831 4487 4114 4557 iuferius
4147 4508 4267 4577 per

2696 4601 2959 4694 hepatis
3005 4603 3256 4670 simam
3303 4601 3504 4691 juxta
3559 4621 3809 4668 venam
3850 4618 4004 4688 quae
4050 4604 4263 4687 porta

2695 4709 2963 4800 hepatis
2990 4707 3397 4798 appellatur,
3433 4713 3502 4775 et
3530 4704 3846 4797 quaedam
3876 4699 4138 4769 vadunt
4177 4698 4264 4767 ad

2698 4839 2943 4886 venam
2977 4839 3302 4908 magnam
3334 4837 3488 4906 quae
3541 4820 3646 4880 est
3701 4813 3878 4878 inter
3928 4805 4144 4899 bepar
4197 4813 4265 4873 et

2700 4950 2868 4994 cor:
2925 4924 3237 5017 quaedam
3304 4931 3536 4991 autem
3595 4924 4016 5012 sparguntur
4059 4916 4264 5003 juxta

2699 5056 2946 5102 venam
2989 5054 3196 5122 quam
3228 5031 3449 5100 abhuc
3479 5028 3743 5097 Arabes
3772 5031 4048 5093 vocant.
4077 5021 4267 5090 Divi·

2701 5141 2884 5208 ditur
2920 5147 3148 5208 autem
3171 5161 3343 5207 vena
3366 5136 3586 5206 ablaac
3605 5140 3851 5203 vocata
3872 5133 3942 5199 in
3974 5129 4112 5199 duo
4147 5151 4164 5199 ε
4196 5136 4264 5196 et

2702 5245 3060 5339 quodlibet
3090 5245 3273 5313 illius
3319 5245 3505 5337 paris
3542 5241 3850 5311 continet
3878 5245 3946 5305 et
3974 5233 4268 5304 involvit

2700 5379 2914 5425 unum
2954 5378 3076 5447 per
3105 5354 3283 5437 telae,
3328 5350 3518 5443 quod
3561 5357 3666 5418 est
3714 5348 3806 5415 ibi
3842 5347 4043 5435 juxta
4080 5342 4267 5413 radi-

2700 5487 2848 5532 cem
2874 5465 3156 5540 ventris,
3201 5469 3270 5533 et
3298 5459 3561 5528 tactura
3592 5454 3901 5525 umbilici
3932 5463 4035 5523 est
4062 5474 4272 5543 super

2703 5573 2864 5661 istas
2894 5572 3090 5663 quasi
3120 5568 3633 5660 coopertorium
3672 5564 3762 5632 sit
3802 5565 4110 5655 ipsarum
4144 5580 4160 5628 ε
4196 5568 4269 5629 et

2703 5680 2976 5773 quando
3024 5679 3310 5771 embryo
3354 5675 3760 5767 completur,
3822 5671 4076 5742 cadunt
4118 5667 4266 5738 istae
