4919 6371
631 409 760 476 404

625 575 951 641 bitatione
983 569 1264 659 frigida:
1313 568 1428 634 sed
1461 570 1784 638 animalia
1813 571 1989 636 Asiae
2016 575 2172 634 sunt

622 678 958 746 malorum
1001 700 1298 743 morum.
1353 677 1431 745 ln
1502 679 1716 770 Lybia
1755 687 1982 745 autem
2024 698 2172 740 ma-

621 787 801 851 xime
861 784 1279 852 conveniunt
1309 786 1376 851 in
1432 783 1866 851 multitudine
1926 802 2169 869 magna

622 890 966 969 animalia,
1027 892 1202 959 sicut
1250 892 1455 958 etiarn
1496 889 1742 958 dicitur
1788 888 1855 954 in
1885 908 2170 976 prover-

620 996 760 1076 bio,
804 1007 871 1066 et
898 999 1239 1090 praecipue
1281 1004 1628 1085 serpentes
1668 994 1864 1062 multi
1906 1002 2062 1061 sunt
2102 993 2169 1059 in

618 1113 798 1175 terra
829 1107 941 1175 illa
958 1115 1235 1198 propter
1263 1104 1515 1194 pluviae
1549 1104 1886 1171 defectum
1924 1125 1937 1169 ε
1973 1124 2172 1193 prop-

620 1222 728 1283 ter
758 1216 937 1306 quod
967 1217 1172 1281 etiam
1205 1211 1531 1278 animalia
1570 1210 1776 1301 hujus
1806 1219 2000 1279 terroe
2033 1232 2170 1276 non

619 1328 1062 1390 assueverunt
1103 1319 1334 1386 bibere
1365 1341 1644 1410 aquam,
1672 1328 1739 1386 et
1768 1327 1927 1387 sunt
1953 1319 2162 1385 sicca:

615 1437 891 1520 propter
927 1426 1111 1517 quod
1142 1427 1346 1494 etiam
1387 1450 1528 1495 non
1558 1426 1905 1493 luxuriant
1932 1427 2059 1493 nisi
2101 1425 2169 1491 in

616 1535 749 1603 tine
814 1533 1081 1612 hiemis,
1136 1533 1410 1625 quando
1460 1533 1851 1601 humectata
1892 1541 2048 1599 sunt
2087 1554 2168 1598 ex

614 1639 901 1709 humore
965 1638 1234 1708 hiemis.
1270 1639 1423 1706 Mus
1473 1640 1677 1707 etiam
1722 1637 1924 1728 hujus
1975 1645 2166 1705 terrae

617 1747 889 1837 quando
920 1747 1089 1814 bibit
1119 1769 1396 1836 aquam,
1461 1747 1779 1831 moritur,
1849 1767 1929 1811 eo
1987 1745 2167 1834 quod

612 1851 844 1921 bibere
876 1874 1012 1920 non
1043 1851 1422 1919 consuevit.

1172 2842 1466 2912 CAPUT
1515 2842 1599 2909 V.

623 3578 728 3643 De
746 3578 1258 3668 permutatione
1302 3575 1680 3644 secundum
1727 3578 2165 3645 commi-ttio-

706 3706 858 3751 nem
898 3683 1321 3751 diversorum
1341 3683 1765 3751 animalium
1791 3683 2162 3752 secundum

708 3793 986 3871 coitum,
1021 3803 1086 3860 et
1122 3792 1206 3860 de
1233 3793 1624 3883 differentia
1656 3794 2165 3862 intoxicalae'onis

701 3900 841 3966 sive
867 3922 1348 3967 venenosorum
1374 3901 1747 3967 secundum
1783 3900 1956 3979 loca,
1989 3911 2053 3969 et
2081 3924 2168 3970 ea·

702 4005 826 4073 hoc
887 4005 1077 4097 quod
1133 4028 1350 4073 unum
1405 4030 1806 4075 venenosum
1876 4009 2166 4076 comedit

705 4112 1027 4181 alterum.

695 4953 1035 5023 Animalia
1073 4958 1281 5026 etiam
1335 4958 1702 5051 proliciunt
1740 4971 1804 5029 et
1836 4962 2159 5035 deliciunt

607 5059 971 5152 aliquando
1010 5088 1095 5133 ex
1147 5066 1486 5133 seminum
1518 5070 1971 5157 permixtione
1999 5097 2155 5142 cuni

604 5167 996 5258 speciebus:
1037 5172 1212 5240 sicut
1251 5172 1524 5257 dicitur,
1575 5175 1761 5266 quod
1788 5179 1976 5246 cenis
2006 5203 2158 5271 pro·

604 5272 760 5341 tecit
797 5276 867 5343 in
905 5280 1202 5367 speciem
1260 5279 1580 5371 leporarii
1621 5305 1708 5349 ex
1754 5283 1936 5353 coitu
1996 5310 2151 5357 cum

600 5378 832 5471 vulpe,
866 5391 931 5451 et
994 5408 1080 5453 ex
1115 5387 1300 5455 coitu
1339 5411 1496 5457 curn
1538 5387 1702 5481 lupo
1755 5392 2034 5482 profecit
2083 5398 2150 5464 in

1622 396 1706 464 D.
1761 396 1959 466 ALB.
2013 393 2227 463 MAG.
2281 393 2486 463 ORD.
2540 395 2836 464 PRAED.

2275 577 2607 634 venerunt
2637 591 2720 635 ex
2751 569 2931 635 coitu
2964 567 3151 634 canis
3206 590 3361 634 cum
3417 565 3687 656 tigride.
3728 566 3842 632 Li-

2275 684 2438 764 gant
2467 677 2647 741 enim
2678 676 2934 742 catulus
2969 676 3036 742 in
3068 677 3258 742 silvis
3291 700 3304 742 :
3360 686 3425 743 et
3466 675 3837 764 aliquando

2276 781 2548 869 quidem
2578 781 3037 849 devorantur:
3102 782 3219 849 sed
3269 783 3638 872 aliquando
3680 805 3836 849 curn

2275 889 2465 979 tigris
2507 889 2760 956 animal
2792 891 3086 957 multum
3149 899 3246 956 est
3298 892 3365 956 in
3410 889 3691 957 libidine
3723 891 3837 955 lu-

2273 997 2507 1075 xuriae,
2542 998 2676 1064 coit
2706 1020 2862 1064 cum
2894 998 3062 1086 ipsa,
3089 1007 3155 1065 et
3199 997 3515 1065 dentibus
3557 998 3833 1064 abscin-

2275 1102 2371 1170 dit
2409 1103 2744 1194 ligamen:
2782 1111 2846 1171 et
2878 1102 3028 1171 talis
3084 1105 3286 1172 foetus
3337 1105 3538 1194 primi
3573 1106 3830 1172 ventris

2274 1233 2411 1276 non
2441 1210 2962 1278 domesticatur:
3009 1210 3126 1278 sed
3156 1211 3292 1279 coit
3346 1234 3500 1278 cum
3564 1211 3832 1279 domes·

2274 1317 2404 1383 tica
2431 1316 2678 1395 catula,
2723 1325 2787 1384 et
2826 1340 2982 1384 curn
3039 1320 3349 1406 pervenit
3404 1316 3490 1384 ad
3552 1320 3828 1385 tertium

2274 1429 2605 1500 ventrem,
2702 1430 2865 1490 tunc
2961 1422 3465 1490 domesticatur.
3577 1421 3832 1490 Dicunt

2276 1530 2480 1596 etiam
2546 1528 2846 1619 quidam,
2929 1529 3113 1620 quod
3197 1530 3518 1620 leporarii
3587 1532 3819 1620 magni

2275 1660 2446 1728 quos
2477 1638 2717 1706 veltres
2746 1637 3023 1728 quidam
3053 1647 3324 1717 vocant,
3359 1645 3694 1705 venerunt
3739 1660 3824 1704 ex

2275 1749 2454 1814 coitu
2494 1746 2796 1837 leopardi
2826 1770 2981 1816 cum
3014 1770 3202 1815 cane.

2357 1852 2598 1921 Adhuc
2627 1862 2855 1920 autem
2888 1852 3037 1921 loca
3064 1876 3387 1944 magnam
3422 1855 3488 1920 in
3522 1852 3831 1921 moribus

2275 1959 2671 2027 animalium
2700 1961 2954 2028 faciunt
2984 1960 3458 2029 differentiam.
3496 1961 3831 2029 Montuo-

2273 2090 2344 2135 sa
2382 2070 2564 2135 enim
2613 2068 2936 2137 animalia
3002 2070 3289 2138 omnino
3340 2078 3500 2137 sunt
3548 2069 3830 2138 alterius

2270 2177 2779 2244 consuetudinis
2839 2202 3048 2269 quam
3093 2200 3171 2246 ea
3221 2201 3372 2269 qum
3420 2178 3731 2246 habitant
3761 2180 3826 2246 in

2270 2283 2585 2351 vallibus.

2358 2394 2672 2485 Amplius
2710 2402 2939 2464 nutem
2997 2395 3371 2464 secundum
3434 2395 3581 2463 loca
3633 2395 3834 2463 ‹litle-

2273 2501 2556 2569 rentimn
2645 2502 2990 2593 accipiunt
3086 2503 3528 2571 fortitudinis.
3630 2503 3832 2570 l‘orci

2272 2610 2457 2678 enini
2492 2611 2558 2677 in
2593 2619 2769 2678 terra
2800 2611 2945 2679 Ako
2978 2620 3243 2694 vocata,
3286 2622 3350 2680 et
3381 2612 3697 2680 similiter
3725 2610 3835 2678 lu-

2270 2720 2335 2808 pi
2368 2718 2717 2786 t'ortissimi
2759 2730 2941 2802 sunt,
2999 2744 3080 2788 eo
3132 2721 3315 2811 quod
3354 2729 3455 2790 est
3495 2720 3687 2788 loeus
3726 2719 3831 2787 al-

2270 2834 2377 2892 tus
2407 2833 2472 2893 et
2499 2833 2946 2895 montuosus:
2992 2826 3352 2911 etdieitur,
3388 2827 3570 2918 quod
3615 2829 3832 2894 [wini-

2272 2956 2371 3000 na:
2396 2933 2479 3000 de
2509 2933 2659 3001 loco
2691 2934 2834 3017 ino,
2881 2958 3082 3025 porca
3141 2934 3452 3002 videlicet
3519 2943 3583 3001 et
3638 2934 3823 3023 lupa,

2270 3040 2420 3130 plus
2444 3041 2857 3110 fortitudinis
2889 3040 3141 3110 habent
3161 3065 3367 3134 quam
3400 3041 3684 3109 masculi
3720 3042 3830 3107 in-

2272 3147 2593 3216 feriorum
2623 3148 2955 3218 locorum.

2361 3257 2602 3325 Etlioc
2633 3282 2769 3326 non
2827 3266 3093 3328 tantum
3150 3259 3310 3327 facit
3367 3257 3823 3326 differentiam

2271 3364 2683 3432 fortitudinis
2712 3366 2781 3432 in
2821 3368 2942 3445 eis,
2976 3366 3094 3435 sed
3122 3368 3324 3434 etiam
3358 3368 3426 3434 in
3468 3367 3828 3434 venenosis

2271 3472 2426 3539 facit
2490 3473 2941 3542 differentium
3011 3476 3541 3544 intoxicationis.
3614 3476 3828 3541 Scor-

2270 3581 2505 3670 pione-s
2536 3580 2719 3648 enirn
2747 3581 2929 3650 Asiae
2968 3588 3033 3650 et
3061 3580 3359 3674 plurium
3392 3580 3687 3650 aliorum
3720 3581 3829 3648 lo-

2272 3709 2534 3772 corum,
2580 3711 2719 3756 non
2774 3698 2933 3757 sunt
2996 3688 3290 3759 multum
3349 3689 3564 3757 unali:
3621 3698 3687 3757 et
3756 3689 3824 3756 in

2271 3793 2421 3861 aliis
2461 3794 2693 3863 multis
2721 3793 2887 3864 locis
2916 3803 3072 3864 sunt
3105 3798 3336 3887 magni
3386 3805 3452 3864 et
3502 3794 3694 3876 mali,
3730 3796 3823 3864 ita

2273 3901 2454 3991 quod
2512 3903 2567 3969 si
2631 3912 2934 3994 pungunt
2980 3902 3332 3971 hominem
3385 3902 3494 3971 vel
3534 3902 3822 3982 annual,

2275 4010 2683 4076 interficiunt
2748 4010 3015 4101 ipsum:
3074 4018 3143 4079 et
3198 4009 3514 4078 similiter
3570 4009 3829 4077 faciunt

2275 4117 2518 4206 μοι-εἰς,
2562 4119 2877 4206 quamvis
2906 4119 3091 4207 porci
3122 4128 3400 4209 propter
3423 4117 3623 4209 pellis
3653 4118 3834 4207 spis-

2275 4223 2644 4293 situdinem
2676 4235 2741 4294 et
2770 4226 2989 4316 adipis
3027 4249 3166 4295 non
3198 4226 3490 4294 multum
3533 4226 3831 4293 sentiunt

2273 4339 2676 4420 punt-turam
2723 4334 3120 4425 scorpionis.
3177 4333 3595 4426 Scorpiones
3639 4335 3824 4401 enim

2275 4437 2546 4528 quidem
2594 4449 2973 4531 pungentes
3001 4463 3245 4531 porcos
3292 4442 3527 4531 nigros
3576 4440 3825 4532 praeei-

2273 4568 2404 4635 pue
2435 4547 2869 4616 interficiunt.
2916 4547 3052 4617 Sed
3080 4548 3280 4617 citius
3311 4549 3726 4627 moriuntur,
3759 4548 3816 4615 si

2272 4653 2499 4721 statim
2518 4661 2673 4744 post
2702 4663 3107 4744 puncturmn
3133 4656 3382 4722 intrant
3417 4657 3485 4722 in
3517 4678 3768 4746 aquam
3800 4676 3816 4722 :

2270 4762 2431 4850 quia
2470 4770 2626 4829 tunc
2658 4785 2854 4853 aquu-
2921 4762 3285 4854 frigiditate
3326 4786 3670 4830 venenum
3734 4762 3822 4830 ad

2270 4891 2387 4935 cor
2425 4869 2811 4937 rellectitur.

2355 4972 2599 5044 Adhuc
2663 4999 2930 5044 morsus
3001 4981 3419 5069 serpentium
3489 4999 3810 5067 :liugnam

2268 5083 2638 5151 seeundum
2672 5084 2819 5153 locu
2848 5086 3086 5177 accipit
3108 5087 3618 5155 diversitatem:
3653 5108 3825 5176 quo·

2266 5190 2448 5258 niam
2478 5190 2681 5259 draco
2730 5190 3009 5282 quidam
3056 5201 3158 5262 est
3195 5194 3264 5260 in
3306 5202 3486 5261 terre
3537 5191 3823 5262 :Ethio-

2265 5298 2418 5388 pia·‚
2452 5319 2538 5364 ex
2567 5320 2704 5387 quo
2733 5307 3098 5388 generatur
3143 5298 3461 5390 quaedam
3495 5302 3627 5391 tyri
3661 5325 3821 5392 spe-

2262 5406 2418 5481 cies,
2462 5427 2548 5472 ex
2574 5427 2712 5496 qua
2757 5407 3082 5498 accipitur
3125 5405 3439 5488 antikon‚
3501 5406 3634 5476 hoc
3683 5416 3811 5487 est.

599 5490 893 5580 speciem
925 5495 1155 5585 magni
1184 5496 1396 5575 canis,
1432 5498 1547 5588 qui
1580 5502 1919 5569 maslinus
1955 5527 2154 5573 vocn-
2257 5533 2597 5580 venenum
2650 5513 3024 5604 pessimum
3086 5521 3323 5582 contra
3369 5514 3556 5607 quod
3623 5513 3811 5583 nulle

596 5605 712 5666 tur
745 5622 786 5668 n
812 5600 1035 5670 nobis.
1071 5602 1156 5671 Et
1182 5604 1255 5671 in
1287 5604 1479 5674 lndia
1529 5619 1805 5679 narrant
1852 5614 2151 5682 certissi-

596 5730 731 5789 me,
761 5709 946 5802 quod
985 5709 1199 5780 Indici
1229 5737 1433 5784 canes
1460 5717 1732 5789 veloces
1776 5731 1842 5790 et
1888 5722 2147 5793 feroces

2260 5627 2361 5687 est
2430 5617 2796 5691 medicina.
2844 5620 3172 5689 Similiter
3224 5631 3455 5691 autem
3518 5622 3587 5689 in
3658 5621 3809 5690 loco

2258 5724 2487 5817 Lyffiiae
2527 5750 2731 5820 quein
2767 5727 3034 5820 Alkyar
3069 5737 3343 5810 vocant,
3394 5739 3497 5799 est
3526 5751 3808 5820 serpens
