4919 6371
700 373 787 441 74

702 565 889 612 coxae
925 545 1216 611 vertitur
1246 544 1314 607 in
1346 541 1519 628 ipse.
1562 535 1786 623 Super
1815 532 1982 600 illud
2029 543 2256 600 autem

702 674 779 720 os
811 654 877 718 in
910 652 1213 718 interiori
1246 645 1553 734 corporis
1593 650 1751 709 sunt
1781 646 2003 733 posita
2033 664 2256 707 mem-

700 760 821 827 bra
852 759 1103 826 nobilia
1131 781 1146 823 ε
1177 755 1403 821 vesica
1433 751 1772 830 videlicet,
1807 759 1871 817 et
1900 750 2171 822 matrix,
2193 754 2259 813 et

698 869 1057 958 spermatis
1118 861 1543 951 receptacula
1599 862 1669 927 in
1731 859 1939 925 viris:
1981 864 2257 946 propter

698 976 884 1066 quod
948 975 1151 1041 etiam
1218 973 1416 1060 virga
1478 970 1610 1036 viri
1650 968 1876 1057 posita
1922 973 2024 1032 est
2053 986 2256 1054 super

694 1101 982 1148 nervum
1022 1078 1196 1145 ossis
1226 1076 1457 1165 hujus,
1492 1075 1668 1142 sicut
1702 1073 1772 1138 in
1812 1070 2252 1162 sequentibus

696 1184 1156 1253 ostendemus,
1192 1184 1488 1251 Ponitur
1528 1182 1735 1248 etiam
1775 1201 1980 1268 super
2028 1179 2249 1268 ipsum

694 1292 966 1376 (icteris,
1001 1302 1070 1362 et
1096 1293 1497 1360 intestinum
1531 1296 1817 1365 rectum,
1845 1295 1912 1355 et
1941 1286 2249 1377 quaedam

691 1400 847 1468 alia.
903 1401 1091 1468 Coxa
1149 1406 1381 1465 autem
1440 1418 1583 1464 non
1620 1393 1828 1462 habet
1856 1395 1985 1460 nisi
2032 1414 2247 1459 unum

690 1530 791 1586 οε,
827 1507 1008 1597 quod
1074 1504 1509 1597 protenditur
1554 1525 1596 1569 a
1636 1502 1790 1570 loco
1822 1500 2099 1569 femoris
2128 1521 2246 1564 us-

688 1636 820 1703 que
842 1613 925 1680 ad
969 1635 1194 1704 genu:
1238 1620 1305 1680 et
1342 1610 1476 1679 hoc
1524 1618 1628 1677 est
1659 1632 1735 1676 os
1777 1608 1998 1697 majus
2028 1604 2249 1672 omni-

683 1719 811 1788 bus
833 1722 1100 1788 ossibus
1130 1742 1284 1810 quae
1312 1725 1473 1785 sunt
1501 1719 1573 1784 in
1602 1737 1888 1805 corpore
1916 1711 2239 1788 hominiS,

685 1835 753 1895 et
778 1837 880 1895 est
934 1850 1219 1896 curvum
1276 1822 1809 1916 aliquantulum,
1850 1820 1971 1889 sed
2007 1820 2078 1886 in
2114 1817 2244 1886 hac

681 1936 1012 2002 curvitate
1049 1953 1439 2002 convexum
1507 1928 1845 1999 convertit
1902 1925 1988 1995 ad
2034 1925 2243 1993 silve-

681 2050 842 2121 stre,
901 2050 970 2110 et
1023 2062 1405 2110 concavum
1444 2037 1531 2107 ad
1562 2037 2054 2105 domesticum:
2110 2034 2239 2100 nisi

681 2152 865 2218 enim
884 2151 975 2217 ita
989 2142 1868 2223 converteretur,accideret
1896 2139 2240 2210 claudica-

677 2258 798 2324 tio.
834 2255 1077 2325 Adhuc
1105 2262 1335 2323 autem
1364 2254 1420 2320 si
1452 2253 1703 2319 directa
1743 2250 1921 2318 linea
1952 2248 2237 2316 descen-

674 2365 861 2431 deret
892 2386 1013 2455 per
1039 2384 1234 2453 aeque
1264 2359 1688 2443 distantiam,
1710 2379 1852 2424 non
1871 2356 2043 2423 bene
2072 2376 2235 2423 con-

667 2480 966 2540 servaret
997 2479 1061 2539 et
1117 2470 1505 2538 contineret
1553 2464 1903 2533 musculos
1944 2485 2231 2554 magnos

667 2587 734 2647 et
760 2602 1030 2658 nervos,
1063 2586 1132 2645 et
1160 2576 1701 2645 confricarentur
1746 2571 1950 2639 simul
1992 2592 2228 2639 carnes

663 2710 989 2756 coxarum
1020 2693 1302 2776 propter
1329 2680 1842 2775 spissitudinem
1874 2677 2229 2747 musculo-

664 2818 840 2863 rum.
888 2794 963 2862 ln
993 2791 1331 2884 superiori
1362 2799 1595 2860 autern
1620 2796 1812 2881 parte
1841 2786 2047 2856 habet
2095 2809 2228 2855 no-

661 2902 826 2971 dum
857 2900 1292 2970 tornatilem:
1354 2908 1422 2968 et
1476 2896 1590 2966 ille
1639 2895 1915 2964 divertit
1962 2916 2003 2962 a
2039 2902 2222 2962 recto

662 3008 748 3077 ad
764 3009 1243 3088 domesticum,
1284 3014 1360 3075 ut
1395 3002 1634 3098 pyxidi
1663 3004 2074 3071 immittatur
2107 3025 2123 3070 ε
2156 3010 2224 3070 et

660 3115 844 3185 hunc
873 3116 1132 3185 nodum
1164 3113 1448 3209 quidam
1476 3112 1744 3181 dentem
1773 3117 2216 3179 vocaverunt.

661 3225 882 3295 Locus
901 3231 1133 3293 autem
1165 3246 1206 3292 a
1244 3244 1382 3314 quo
1414 3220 1694 3289 divertit
1723 3242 1765 3288 a
1792 3218 2219 3288 dimensione

657 3333 966 3413 ossis,est
993 3338 1275 3424 paratus
1303 3329 1392 3398 ad
1427 3328 1804 3420 ligamenta
1830 3326 2031 3395 fortia
2058 3349 2218 3393 sus-

660 3439 995 3534 cipienda.
1040 3437 1333 3507 inferius
1369 3443 1600 3506 autem
1657 3433 2006 3526 ubi‘genu
2072 3434 2216 3501 sive

651 3547 978 3641 poplitem
1021 3545 1322 3637 attingit,
1391 3551 1495 3613 est
1533 3564 1775 3636 grossa
1811 3541 2008 3633 quasi
2039 3540 2219 3610 mal-

653 3653 825 3734 leus,
857 3664 932 3724 ut
969 3653 1064 3722 ibi
1094 3674 1255 3721 ossa
1300 3651 1516 3720 cruris
1546 3649 1853 3740 recipiat.
1897 3646 1984 3715 Et
2042 3647 2216 3715 scias

654 3762 840 3853 quod
868 3761 1040 3830 sicut
1073 3781 1197 3852 pes
1237 3757 1445 3826 datur
1470 3753 1742 3824 homini
1778 3760 2064 3847 propter
2103 3752 2217 3821 tir·

650 3873 962 3939 mitatem
992 3868 1293 3947 (ixionis,
1336 3867 1432 3935 ita
1487 3864 1693 3933 datur
1728 3885 1900 3934 coxa
1935 3871 2217 3955 propter

648 3986 917 4046 motum
956 3971 1503 4068 progressionis:
1543 3976 1612 4040 et
1642 3968 1797 4039 ideo
1826 3969 1944 4062 qui
1984 3978 2214 4040 carent

658 4083 858 4176 pede.
889 4082 1269 4175 procedunt
1304 4088 1371 4149 et
1399 4100 1541 4147 non
1580 4076 2052 4169 impediuntur
2084 4077 2215 4145 nisi

650 4191 723 4260 in
756 4189 1007 4259 fixione
1035 4184 1542 4280 progressionis
1569 4204 1734 4252 suae.

744 4298 921 4368 Orus
979 4304 1209 4365 autem
1277 4291 1721 4384 componitur
1785 4312 1872 4360 ex
1944 4290 2212 4360 duabus

651 4403 1100 4476 arundinibus
1135 4404 1313 4472 sicut
1349 4397 1754 4494 brachium:
1812 4406 1880 4467 et
1917 4399 2214 4470 exterior

652 4514 931 4608 quidem
961 4521 1064 4584 est
1092 4534 1353 4605 maqua
1391 4507 1666 4579 arundo
1692 4515 1967 4590 vocata,
2007 4517 2076 4578 et
2110 4509 2213 4577 in-

658 4623 868 4693 terior
903 4623 974 4691 in
1030 4642 1227 4690 crure
1279 4627 1571 4690 vocatur
1642 4617 1914 4687 arundo
1959 4619 2209 4689 minor.

646 4730 868 4821 Major
900 4738 1131 4800 autem
1172 4751 1315 4797 non
1367 4732 1473 4797 est
1528 4724 1704 4795 adeo
1749 4747 2001 4816 magna
2037 4727 2211 4795 sicut

642 4860 861 4911 coxa:
905 4837 1066 4932 quia
1102 4859 1277 4907 coxa
1315 4842 1420 4904 est
1467 4832 1556 4903 ad
1601 4831 2021 4925 portandum
2052 4855 2208 4901 ma-

645 4949 774 5041 gis,
815 4968 1021 5040 quam
1053 4943 1141 5014 ad
1178 4950 1449 5012 motum
1480 4964 1496 5011 τ
1529 4939 1650 5010 sed
1687 4939 1904 5010 cruris
1943 4939 2207 5010 arundo

641 5051 863 5144 magis
899 5058 1001 5119 est
1036 5048 1126 5118 ad
1182 5054 1451 5115 motum
1499 5067 1708 5138 quam
1767 5043 1854 5113 ad
1917 5052 2208 5136 portan-

641 5157 832 5228 dum.
859 5158 978 5227 Est
1007 5163 1238 5226 autem
1268 5153 1410 5223 haec
1441 5150 1708 5222 arundo
1746 5151 1918 5221 duas
1945 5150 2206 5222 habens

650 5268 1039 5343 curvitate-s,
1073 5283 1366 5357 quarum
1406 5281 1546 5328 una
1574 5258 1781 5329 medii
1811 5259 1986 5327 ossis
2014 5258 2210 5328 vide-

639 5372 796 5442 licet
870 5391 1258 5442 convexum
1332 5364 1546 5436 habet
1599 5364 1688 5435 ad
1742 5364 2075 5444 silvestre,
2134 5373 2204 5436 et

639 5500 1023 5548 concavum
1117 5475 1203 5546 ad
1278 5475 1493 5552 intus,
1568 5478 1853 5563 propter
1919 5491 2197 5540 causam

642 5607 852 5680 quam
880 5584 1181 5654 diximus
1217 5581 1302 5651 de
1339 5600 1539 5650 coxa.
1596 5576 1835 5647 Altera
1870 5583 1974 5648 est
2034 5576 2202 5649 infe-

640 5693 880 5767 riusin
908 5712 1148 5763 crure:
1191 5687 1284 5757 ibi
1318 5685 1504 5756 enim
1546 5685 1948 5754 incurvatur
1973 5683 2059 5754 ad
2087 5686 2199 5755 in-

1706 363 1785 428 D.
1839 360 2037 428 ALB.
2090 359 2308 428 MAG.

2362 360 2568 430 ORD.
2622 365 2917 434 PRAED.

2365 536 2574 600 terius
2613 535 2868 605 habens
2910 561 3317 616 convexum,
3378 549 3443 607 et
3495 537 3579 604 ad
3610 540 3905 607 exterius

2361 639 2620 708 habens
2658 666 2975 710 curvum:
3011 646 3129 712 sed
3158 657 3433 714 curvata
3472 647 3586 713 illa
3627 657 3728 714 est
3756 646 3908 714 val-

2361 745 2462 812 de·
2504 750 2791 828 modica,
2861 759 2925 817 et
2999 760 3098 819 est
3161 752 3311 820 ideo
3351 753 3547 830 facta,
3594 763 3672 819 ut
3715 756 3906 846 pedis

2359 854 2524 924 fixio
2554 860 2641 925 sit
2669 859 2927 927 firmior
2959 882 2974 926 ε
3019 864 3246 929 statim
3281 863 3462 929 enim
3505 863 3574 928 in
3606 863 3723 932 illa
3758 888 3910 933 cur·

2356 971 2599 1031 vatura
2635 966 3059 1056 ingrossatur
3098 992 3173 1036 os
3221 978 3287 1037 et
3334 968 3656 1036 dilatatur
3683 972 3770 1038 ad
3798 995 3907 1039 os-

2356 1071 2535 1136 sium
2572 1071 2763 1160 pedis
2803 1077 3279 1163 receptionem.
3336 1075 3618 1142 Arundo
3667 1087 3901 1144 autem

2354 1175 2486 1244 ista
2521 1180 2829 1268 superius
2866 1182 3304 1271 conjungitur
3330 1204 3519 1250 coxae
3550 1182 3617 1249 in
3675 1206 3903 1276 recep-

2354 1284 2578 1352 taculo
2617 1287 2762 1374 ejus
2791 1288 2857 1353 in
2896 1288 3172 1378 poplite.
3205 1289 3489 1356 Arundo
3520 1296 3748 1358 autem
3772 1294 3902 1359 mi-

2352 1412 2483 1457 nor
2507 1399 2608 1458 est
2635 1391 2905 1459 brevior
2942 1401 3010 1461 et
3064 1397 3288 1461 minor
3345 1416 3553 1484 quam
3594 1397 3748 1474 ista,
3787 1406 3898 1465 ta-

2353 1520 2510 1565 men
2541 1499 2808 1589 attingit
2837 1500 2919 1568 ad
2947 1500 3300 1591 poplitem,
3353 1511 3419 1568 et
3448 1501 3532 1568 ad
3564 1503 3776 1571 talum
3809 1527 3898 1571 ex

2350 1603 2561 1673 altera
2598 1613 2810 1695 parte,
2854 1615 2920 1674 et
2959 1617 3061 1674 est
3089 1617 3270 1676 recta
3307 1617 3374 1675 et
3403 1630 3638 1698 parva,
3672 1621 3899 1680 creata

2349 1711 2435 1779 ad
2473 1711 2603 1780 hoc
2637 1723 2716 1780 ut
2749 1717 3095 1782 contineat
3120 1738 3368 1782 nervos
3398 1723 3466 1782 et
3506 1717 3892 1785 musculum

2348 1840 2676 1910 magnum
2706 1822 2819 1911 qui
2838 1844 3004 1889 sura
3031 1830 3338 1899 vocatur,
3368 1843 3519 1911 quae
3557 1832 3716 1891 sunt
3783 1827 3894 1892 in-

2345 1934 2449 1994 ter
2485 1949 2635 1996 earn
2675 1936 2743 1995 et
2771 1928 3169 1996 arundinem
3198 1930 3557 2018 majorem.
3606 1930 3669 1998 A
3706 1955 3887 2023 genu

2344 2044 2575 2105 autem
2615 2047 2801 2105 extra
2854 2037 2938 2106 ad
2993 2047 3147 2107 ante
3212 2048 3315 2107 est
3351 2062 3428 2107 os
3486 2041 3885 2118 rotundum,

2343 2142 2529 2234 quod
2563 2152 2846 2212 vocatur
2871 2167 2912 2212 a
2931 2145 3335 2237 quibusdam
3362 2145 3607 2215 oculus
3643 2146 3889 2240 popli-

2339 2251 2450 2329 tis,
2503 2261 2571 2320 et
2633 2261 2734 2320 est
2771 2252 2854 2321 ad
2882 2252 3013 2322 hoc
3064 2263 3138 2320 ut
3175 2254 3401 2322 firmet
3440 2254 3886 2324 inflexionem

2334 2356 2636 2448 poplitis,
2680 2382 2829 2450 quae
2854 2359 2929 2428 fit
2963 2383 3002 2427 a
3040 2360 3277 2430 dextra
3324 2369 3728 2443 retrorsum,
3802 2386 3888 2431 ne

2333 2466 2551 2532 cruris
2587 2465 2831 2533 locatio
2875 2465 3289 2536 dislocetur:
3371 2476 3438 2535 et
3495 2467 3649 2536 ideo
3715 2477 3876 2538 ante

2335 2574 2634 2663 ponitur,
2666 2574 2825 2664 quia
2856 2573 3262 2667 ubicumque
3287 2574 3446 2643 alibi
3480 2587 3883 2666 poneretur,

2335 2682 2707 2771 impediret
2767 2683 3060 2751 debitam
3128 2686 3342 2751 cruris
3413 2683 3881 2755 inflexionem.

2324 2823 2329 2824 ff
2420 2789 2583 2858 Haec
2616 2792 2824 2881 igitur
2884 2799 2989 2859 est
3028 2791 3384 2883 dispositio
3433 2791 3648 2859 cruris
3686 2815 3727 2861 a
3781 2794 3890 2862 t'e-

2332 2917 2521 2964 more
2559 2919 2773 2987 usque
2802 2919 2875 2964 ac
2908 2897 3143 2964 talum.

2416 3012 2630 3080 Pedis
2664 3020 2889 3081 autem
2938 3016 3186 3081 creatio
3243 3021 3344 3082 est
3409 3013 3497 3081 ad
3553 3014 3879 3084 tixionem

2325 3142 2598 3212 gressus
2633 3129 2698 3188 et
2735 3129 2971 3189 status.
3025 3120 3108 3189 Et
3139 3120 3290 3189 ideo
3331 3144 3450 3212 pes
3478 3129 3744 3191 creatus
3772 3132 3877 3193 est

2324 3229 2509 3295 intus
2538 3249 2900 3307 concavus,
2933 3236 2999 3295 et
3027 3236 3216 3296 extra
3245 3229 3470 3296 tenuis
3489 3236 3557 3297 ct
3582 3228 3870 3309 defixus,

2325 3334 2483 3426 quia
2510 3332 2596 3402 ad
2632 3334 2926 3402 exterius
2954 3335 3282 3425 respirare
3322 3344 3387 3403 et
3427 3335 3680 3404 reflecti
3709 3360 3878 3429 pos-

2323 3450 2449 3523 set,
2483 3441 2564 3511 ad
2596 3442 2876 3511 interius
2912 3451 3140 3511 autem
3179 3466 3318 3511 non
3348 3451 3630 3536 propter
3653 3445 3872 3515 cruris

2322 3547 2783 3615 inflexionem.
2835 3547 3079 3615 Fac-tus
3133 3557 3361 3617 autem
3410 3558 3514 3618 est
3569 3551 3874 3620 anterius

2320 3653 2570 3747 longus
2606 3664 2681 3724 ut
2704 3655 2968 3726 fortiter
2999 3665 3227 3726 teneat
3259 3657 3327 3724 id
3365 3656 3474 3726 cui
3516 3658 3863 3750 infigitur:

2320 3770 2389 3830 et
2425 3762 2581 3831 ideo
2598 3761 2789 3855 digiti
2820 3763 2966 3852 ejus
3013 3764 3328 3832 deorsum
3397 3763 3859 3834 inflectuntur.

2318 3866 2771 3961 Componitur
2793 3879 3018 3939 autem
3059 3894 3142 3939 ex
3199 3871 3510 3962 pluribus
3564 3873 3861 3959 ossibus,

2320 3997 2613 4068 quorum
2640 3977 2936 4067 primum
2966 3987 3092 4055 est,
3125 3977 3309 4069 quod
3341 3975 3478 4046 talo
3526 4000 3867 4071 suprapo-

2318 4082 2507 4150 nitur
2547 4090 2617 4152 et
2678 4092 2961 4151 vocatur
3021 4083 3310 4153 Arabica
3371 4083 3670 4170 chalach,
3702 4093 3772 4154 et
3825 4105 3868 4154 a

2318 4186 2728 4278 quibusdam
2748 4187 2948 4256 achil»
2981 4211 2999 4257 ε
3030 4211 3071 4257 a
3099 4187 3362 4257 Latinis
3397 4197 3630 4259 autem
3655 4212 3870 4261 voca-

2316 4301 2433 4363 tur
2469 4294 2651 4364 basis
2684 4298 2927 4375 cruris,
2965 4305 3037 4365 et
3062 4305 3165 4365 est
3205 4319 3285 4366 os
3326 4297 3513 4389 qnod
3549 4300 3867 4390 superius

2317 4400 2528 4472 babet
2585 4403 2893 4494 planatas
2962 4404 3383 4497 receptiones
3444 4403 3860 4475 arundinum

2318 4510 2534 4580 cruris
2561 4509 2754 4590 duas,
2785 4517 2852 4580 et
2870 4520 2971 4581 est
2991 4512 3239 4581 directe
3271 4512 3341 4579 in
3370 4511 3601 4581 medio
3619 4513 3854 4605 pedis:

2315 4612 2478 4684 licet
2510 4613 2788 4707 quidam
2836 4615 3069 4685 dicunt
3112 4617 3297 4709 quod
3329 4619 3552 4708 vergit
3597 4617 3683 4686 ad
3726 4620 3861 4689 do·-

2317 4721 2677 4789 mesticum
2704 4720 2916 4812 pedis.
2962 4720 3350 4791 Secundum
3382 4730 3615 4791 autem
3643 4732 3747 4794 est
3780 4746 3862 4793 os

2317 4826 2502 4919 quod
2540 4835 2822 4897 vocatur
2864 4826 3287 4908 calcaneum,
3327 4837 3396 4897 et
3422 4828 3864 4900 continuatur

2314 4934 2605 5015 chaliab,
2630 4942 2693 5005 et
2714 4944 2814 5005 est
2831 4935 3243 5028 triangulare
3266 4937 3332 5005 in
3353 4937 3545 5029 pedis
3566 4938 3858 5020 chahab,

2315 5043 2432 5113 sed
2466 5045 2533 5112 in
2572 5044 2704 5114 tine
2743 5047 2812 5112 in
2849 5043 3165 5114 calcaneo
3196 5054 3297 5115 est
3334 5047 3706 5116 rotundum
3736 5072 3860 5118 su-

2314 5153 2543 5244 perius
2569 5152 2839 5229 durum,
2861 5160 2937 5221 ut
2974 5153 3235 5223 fortiter
3272 5154 3435 5245 ligat
3464 5153 3749 5244 pedem:
3784 5156 3856 5225 in

2313 5255 2449 5328 boc
2493 5260 2677 5327 enim
2718 5267 2817 5328 est
2852 5259 3189 5330 efficacius
3229 5260 3552 5329 omnibus
3588 5263 3858 5331 ossibus

2311 5365 2549 5458 pedis:
2581 5365 2860 5434 inferius
2885 5375 3114 5435 autem
3144 5375 3247 5435 est
3265 5365 3568 5446 mollius,
3593 5376 3666 5439 ut
3702 5393 3859 5440 sua·

2309 5476 2467 5544 vius
2492 5473 2705 5545 calcet
2731 5497 2811 5544 ea
2845 5498 2995 5568 quae
3023 5483 3180 5543 sunt
3230 5473 3359 5543 sub
3388 5476 3565 5567 ipso,
3621 5487 3688 5549 et
3714 5480 3856 5547 mi-

2308 5601 2441 5649 nus
2469 5578 2773 5652 laedatur.
2802 5580 2888 5650 Et
2924 5604 3010 5651 ex
3062 5587 3251 5673 parte
3298 5589 3455 5652 ante
3494 5582 3581 5653 ad
3617 5584 3853 5657 dome·

2310 5688 2555 5758 sticum
2605 5688 2794 5781 pedis
2853 5688 3289 5758 continuatur
3358 5712 3519 5760 cum
3584 5690 3848 5763 chahab
