4919 6371
540 400 668 468 284

537 568 784 634 durum
817 587 1053 633 eorum
1080 565 1263 653 quod
1291 565 1626 655 praecipuc
1659 566 1907 636 babent
1932 577 2088 637 ante

537 682 793 763 pectuS,
828 680 1107 737 testeum
1137 681 1419 740 vocatur
1453 695 1467 740 :
1496 683 1563 742 et
1592 673 1722 744 hoc
1741 678 1886 766 jam
1921 678 2093 745 dixi-

535 803 686 846 mus
740 780 1093 868 loquentes
1151 780 1232 847 de
1290 782 1611 852 intestino
1671 795 1852 855 recto
1903 786 2088 877 quod

538 887 777 954 transit
804 908 924 976 per
951 909 1235 979 corpora
1267 913 1529 959 eorum.

622 993 866 1064 Adhuc
906 1003 1133 1065 autem
1173 999 1484 1089 quaedam
1534 1022 1772 1067 eorum
1834 999 2088 1066 habent

535 1111 866 1181 ventrem,
910 1113 976 1173 et
1002 1113 1155 1195 post
1181 1113 1488 1174 ventrem
1528 1105 1782 1173 habent
1827 1106 2088 1172 intesti-

533 1232 696 1275 num
755 1209 1033 1300 plenum
1101 1209 1596 1300 aliquantulum
1667 1209 2080 1290 involutum,

534 1319 706 1387 sicut
733 1318 1015 1387 locusta.
1068 1317 1318 1385 Grillus
1356 1341 1519 1386 vero
1561 1320 1677 1409 qui
1734 1327 1961 1388 cantat
2000 1319 2081 1387 de

534 1434 755 1502 nocte,
792 1434 857 1492 et
885 1433 1164 1493 vocatur
1194 1424 1422 1495 Graece
1472 1428 1902 1506 machockm,
1939 1450 2079 1496 non

530 1533 800 1600 videtur
835 1532 1082 1600 habere
1123 1557 1223 1614 οε,
1283 1534 1402 1604 sed
1459 1537 1802 1605 invenitur
1853 1537 1923 1604 in
1964 1559 2082 1605 ca-

531 1640 666 1730 pite
716 1640 860 1728 ejus
909 1640 1291 1708 membrum
1346 1642 1628 1734 longum
1679 1642 1899 1710 simile
1940 1642 2079 1710 lin-

530 1769 704 1838 guae‚
758 1755 825 1814 et
882 1748 1177 1815 nascitur
1229 1771 1433 1838 super
1488 1750 1784 1817 exterius
1840 1749 2078 1838 capitis

530 1857 630 1921 sui
670 1879 685 1923 :
721 1863 785 1922 et
824 1854 989 1922 illud
1046 1855 1429 1923 membrum
1472 1879 1678 1948 super
1730 1857 1915 1948 quod
1964 1878 2079 1923 na·

530 1965 761 2039 scitur,
797 1984 935 2028 non
964 1970 1064 2028 est
1096 1961 1329 2029 [issum
1358 1963 1530 2031 sicut
1569 1963 1920 2032 finduntur
1957 1987 2077 2033 ora

529 2068 927 2136 animalium
964 2092 979 2136 ε
1024 2091 1146 2136 nec
1178 2068 1518 2139 invenitur
1563 2071 1793 2162 aliqua
1838 2095 2081 2164 super-

531 2174 753 2241 ssuitas
811 2176 879 2242 in
918 2183 1152 2242 ventre
1183 2197 1307 2243 suo
1338 2178 1620 2244 omnino
1656 2198 1671 2243 :
1708 2177 1824 2244 sed
1848 2185 2077 2244 tamen

529 2304 649 2370 per
703 2281 1236 2371 experimentum
1295 2284 1506 2350 scitur
1543 2285 1724 2373 pasci
1786 2283 2081 2351 humidi-

535 2389 782 2456 tatibus
838 2390 1141 2456 carnium
1199 2398 1263 2458 et
1317 2391 1739 2470 brodiorum‚
1795 2394 1954 2483 quia
2008 2395 2076 2459 in

538 2503 731 2564 nocte
759 2497 967 2565 currit
995 2496 1079 2563 ad
1118 2496 1254 2564 illa.
1303 2497 1378 2566 iu
1417 2497 1547 2568 hoc
1571 2510 1798 2569 autem
1829 2522 2078 2591 genere

531 2603 841 2671 animalis
879 2612 1034 2671 sunt
1090 2604 1286 2673 multi
1337 2605 1548 2684 modi,
1600 2613 1667 2675 et
1732 2607 2079 2675 diversan-

532 2722 641 2780 tur
670 2714 739 2780 in
770 2714 1141 2804 quantitate
1188 2738 1201 2781 2
1238 2723 1300 2782 et
1334 2717 1642 2805 quaedam
1676 2715 1920 2784 borum
1954 2743 2080 2807 gc-

531 2843 769 2888 nerum
800 2831 957 2889 sunt
985 2821 1338 2899 annulosa,
1376 2831 1441 2890 et
1471 2822 1724 2891 habent
1754 2826 1821 2891 in
1855 2826 2078 2892 medio

531 2928 830 3017 corporis
859 2929 962 2995 sui
985 2927 1187 2996 telam
1227 2929 1655 2997 manifestam
1685 2932 2082 3022 succingen-

533 3046 666 3106 tem
725 3061 991 3127 corpus,
1056 3037 1199 3128 Ego
1267 3046 1492 3107 autem
1552 3049 1867 3129 expertus
1924 3062 2077 3107 sum

531 3145 922 3214 anatoniam
965 3169 1167 3236 apum
1207 3146 1578 3216 secundum
1619 3171 1869 3239 genera
1900 3172 2022 3216 sua
2056 3169 2072 3216 ε

533 3265 596 3323 et
659 3253 1003 3321 invenitur
1065 3254 1134 3321 in
1192 3256 1547 3345 posteriori
1587 3257 1891 3347 corporis
1931 3258 2078 3346 ejus

532 3370 682 3451 post
770 3361 1295 3429 succinctorium
1390 3361 1729 3430 folliculus
1812 3362 2077 3431 lucidus

534 3467 964 3558 perspicuus:
1010 3477 1070 3535 et
1121 3466 1393 3558 quando
1440 3466 1766 3559 probatur
1813 3469 1899 3538 ad
1955 3493 2079 3561 gu-

532 3586 739 3659 stum,
760 3576 998 3646 habet-s·
1019 3601 1296 3669 aporem
1319 3577 1539 3647 meltis
1560 3580 2035 3648 tenuissimum
2057 3602 2073 3647 ε

534 3709 655 3753 nec
712 3685 1054 3753 invenitur
1117 3686 1185 3753 in
1241 3708 1522 3777 corpore
1556 3709 1680 3754 suo
1738 3686 1889 3778 plus
1950 3686 2077 3754 nisi

535 3794 925 3860 intestinum
991 3791 1187 3862 valde
1242 3792 1491 3884 gracile
1556 3804 1624 3863 et
1688 3794 2075 3862 involutum

534 3924 798 3991 parum,
841 3910 906 3968 et
951 3901 1141 3969 nervi
1178 3902 1420 3979 tilares,
1471 3901 1720 3994 quibus·
1758 3902 2080 3994 alligatur

532 4006 855 4075 aculeus:
891 4017 956 4076 et
1001 4009 1176 4076 circa
1215 4007 1344 4078 hoc
1386 4010 1454 4077 in
1511 4033 1793 4101 corpore
1836 4033 2075 4079 earum

533 4125 633 4184 est
671 4115 921 4184 humor
953 4118 1280 4196 viscosus,
1333 4128 1399 4186 et
1426 4141 1623 4188 crura
1666 4121 1812 4208 ejus
1842 4121 2077 4188 omnia

533 4226 939 4316 colligantur
964 4228 1136 4317 parti
1167 4229 1460 4317 pectoris
1498 4251 1649 4319 quae
1678 4238 1781 4297 est
1810 4232 2076 4297 succin-

533 4336 823 4403 ctorium
870 4334 1178 4404 dividens
1208 4357 1310 4404 ea.
1364 4334 1463 4403 De
1508 4336 1787 4404 animali
1845 4345 2071 4404 autem

532 4451 843 4511 cantante
872 4444 940 4511 in
971 4446 1228 4536 campis
1266 4455 1332 4514 et
1384 4446 1451 4513 in
1493 4442 1719 4513 herbis
1758 4455 1822 4514 et
1862 4448 1930 4514 iu
1961 4470 2078 4514 ar-

535 4549 837 4629 boribus,
893 4550 1076 4642 quod
1125 4561 1225 4620 est
1284 4554 1581 4643 nigrum,
1632 4556 1891 4645 experti
1957 4577 2080 4621 su-

536 4683 687 4727 iuus
715 4660 895 4752 quod
925 4662 983 4729 si
1020 4661 1424 4752 praecidatur
1468 4664 1538 4731 in
1569 4664 1819 4742 medio,
1853 4662 2073 4733 adhuc

532 4778 755 4837 cantat
796 4793 915 4861 per
945 4792 1272 4860 inagnum
1314 4780 1606 4861 tempus.

623 4876 702 4944 Et
748 4874 894 4945 iia-c
931 4877 1204 4967 quidem
1260 4886 1361 4946 est
1397 4877 1751 4970 dispositio
1782 4880 2079 4948 annulo-

526 5007 756 5053 sorum
787 4983 1182 5053 animalium
1212 4986 1612 5076 sanguinem
1654 5010 1790 5056 non
1814 4987 2078 5057 haben-

530 5095 724 5162 tium.

1530 395 1614 462 D.
1666 395 1866 463 ALB.
1920 395 2139 466 MAG.

2193 397 2399 467 ORD.
2452 397 2747 467 PRAED.

2691 1431 2980 1498 CAPUT
3031 1430 3216 1497 vul.

2183 2184 2289 2249 De
2371 2181 2617 2270 lique-is
2693 2181 3148 2274 serpentibus,
3247 2182 3722 2262 veretralibus,

2255 2287 2578 2378 albuqini
2604 2290 2715 2355 ovi
2739 2288 3109 2369 similibus,
3127 2300 3191 2356 el
3215 2290 3300 2357 de
3323 2293 3657 2382 spottqiis.

2275 3144 2351 3214 ln
2394 3146 2564 3214 mari
2604 3153 2830 3212 autem
2886 3152 3133 3234 pra-ter
3173 3143 3408 3211 omnia
3456 3141 3731 3211 inducta

2182 3262 2341 3322 sunt
2372 3253 2683 3345 quaedam
2739 3250 3059 3319 animalia
3113 3250 3522 3341 sanguinem
3591 3272 3729 3317 non

2184 3359 2528 3438 habentia,
2561 3359 2677 3426 sed
2712 3367 2867 3426 suut
2910 3382 3061 3427 rara
3104 3366 3172 3426 et
3201 3380 3443 3449 pauca,
3477 3366 3547 3426 et
3577 3358 3729 3425 ideo

2183 3468 2349 3538 nulii
2383 3477 2545 3537 noto
2562 3467 2789 3559 generi
2820 3464 3220 3534 animalium
3261 3465 3535 3534 attribui
3567 3487 3729 3557 pos·

2181 3584 2363 3645 sunt.
2404 3576 2560 3645 Jam
2598 3576 2777 3644 enim
2832 3584 3153 3667 expertus
3199 3583 3303 3644 est
3339 3573 3587 3666 aliquis
3615 3576 3729 3665 pi—

2181 3694 2408 3754 scator
2444 3683 2676 3764 utaris,
2717 3683 2900 3774 quod
2957 3684 3026 3751 in
3084 3683 3258 3752 mari
3305 3692 3409 3751 est
3474 3682 3726 3751 animal

2180 3792 2376 3881 cujus
2405 3792 2654 3860 creatio
2702 3800 2800 3858 est
2865 3790 3055 3880 quasi
3105 3789 3360 3858 creatio
3408 3788 3600 3857 {rusti
3643 3789 3731 3858 li-

2180 3899 2322 3990 gni,
2366 3921 2586 3990 neque
2614 3898 2820 3965 scitur
2848 3920 2992 3964 esse
3032 3895 3316 3980 animal,
3377 3899 3506 3965 nisi
3566 3898 3725 3987 quia

2180 4006 2344 4075 dum
2376 4014 2475 4075 est
2506 4008 2573 4073 in
2612 4028 2784 4097 aqua
2815 4006 3045 4086 mariS,
3090 4013 3408 4073 movetur
3438 4004 3733 4074 natando

2179 4115 2263 4183 de
2294 4115 2444 4183 {oco
2474 4113 2560 4183 ad
2588 4116 2837 4194 locum,
2870 4124 2934 4182 et
2964 4124 3064 4183 cst
3085 4114 3361 4203 nigrum
3392 4122 3457 4181 et
3487 4122 3735 4181 rotun-

2180 4223 2344 4292 dum
2391 4223 2671 4314 aequans
2708 4246 2828 4314 per
2867 4231 3074 4291 totam
3107 4244 3303 4290 suam
3355 4221 3733 4312 longitudi-

2183 4353 2338 4398 uem
2368 4330 2845 4421 spissitudinis,
2879 4339 2942 4398 et
2985 4353 3120 4398 non
3154 4330 3454 4421 pascitur
3491 4331 3620 4397 nisi
3663 4330 3730 4397 in

2179 4464 2252 4509 se
2292 4439 2634 4508 resudanti
2664 4436 2975 4517 humore,
3011 4461 3135 4506 nec
3165 4436 3371 4507 babet
3401 4440 3469 4507 iu
3508 4462 3581 4507 se
3611 4461 3735 4505 su·-

2181 4549 2659 4641 perssuitatein,
2701 4570 2918 4638 neque
2947 4548 3152 4614 etiam
3190 4548 3340 4615 vias
3369 4547 3735 4638 superflui-

2184 4666 2428 4737 tatum,
2461 4678 2682 4748 neque
2719 4654 3037 4724 videntur
3066 4656 3135 4723 in
3168 4678 3252 4723 eo
3293 4678 3551 4747 organa
3580 4678 3732 4724 sen-

2181 4788 2409 4834 suum.
2463 4764 2546 4833 Et
2575 4772 2675 4831 est
2712 4761 2964 4832 animal
3001 4762 3199 4831 valde
3232 4763 3726 4856 imperfectum,

2180 4882 2245 4942 et
2294 4873 2565 4966 proprie
2629 4870 2967 4961 loquendo
3020 4878 3119 4938 est
3181 4871 3484 4940 medium
3552 4872 3728 4939 inter

2181 4978 2484 5070 plantam
2513 4984 2578 5043 et
2616 4974 2865 5043 animal
2899 4995 2916 5041 :
2958 4983 3233 5067 propter
3296 4974 3483 5066 quod
3522 4974 3727 5043 etiam

2179 5094 2465 5156 vocatur
2499 5084 2768 5153 animal
2800 5082 3130 5173 liqneum.

2270 5195 2642 5286 Expertum
2672 5201 2773 5260 est
2801 5192 3031 5270 etiam,
3084 5189 3272 5282 quod
3310 5199 3413 5260 est
3456 5191 3525 5258 in
3556 5189 3730 5258 mari

2180 5300 2430 5370 animal
2505 5300 2969 5390 serpentinum
3050 5319 3290 5367 carens
3364 5297 3727 5389 sanguine,

2178 5409 2364 5504 quod
2400 5407 2622 5478 simile
2650 5407 2918 5476 videtur
2953 5431 3099 5475 esse
3127 5407 3424 5497 serpenti
3456 5405 3575 5498 qui
3601 5429 3733 5476 vo-

2177 5528 2370 5589 catur
2406 5529 2626 5608 tyrus,
2659 5524 2722 5583 et
2779 5523 2881 5584 est
2936 5514 3124 5582 rubei
3184 5512 3458 5591 coloris,
3489 5522 3558 5584 et
3587 5513 3730 5582 alas

2178 5625 2386 5695 habet
2442 5623 2881 5716 pinnularum
2964 5630 3463 5713 consequentes
3519 5643 3592 5691 se
3657 5622 3725 5689 in

2178 5753 2465 5823 corpore
2527 5752 2652 5798 suo
2717 5725 2991 5808 multas,
3031 5735 3100 5796 et
3161 5735 3482 5797 movetur
3530 5735 3725 5796 motu
