4919 6371
1869 428 2037 496 LlB.
2092 429 2221 497 ΧΠ
2272 429 2390 497 DE
2437 428 3032 514 ANIMALIBUS,
3084 433 3395 501 TRACT.
3452 434 3548 501 111

1605 1470 1897 1537 CAPUT
1938 1467 2057 1535 111.

1057 2221 1160 2284 He
1219 2218 1659 2308 dispositione
1714 2218 1901 2284 oculi
1973 2228 2036 2285 et
2103 2218 2603 2309 palpebrarum

1141 2337 1203 2395 et
1284 2327 1604 2395 ciliorum
1692 2352 1844 2418 quae
1908 2329 2351 2396 circumstant
2437 2353 2606 2397 ocu-

1144 2434 1313 2503 leem.

1136 3292 1235 3361 De
1271 3293 1424 3360 visu
1462 3302 1692 3361 autem
1724 3293 2103 3385 loquentes,
2156 3296 2270 3387 qui
2323 3296 2476 3386 plus
2514 3296 2596 3365 (le

1048 3401 1307 3469 ratione
1336 3424 1576 3470 sensus
1613 3400 1813 3471 babet
1864 3403 2013 3471 aliis
2051 3404 2388 3485 sensibus,
2422 3408 2595 3474 sicut

1045 3509 1116 3576 in
1148 3508 1319 3577 libro
1349 3510 1645 3579 secundo
1696 3510 1777 3578 de
1807 3516 2061 3580 Anima
2100 3512 2400 3581 diximus
2433 3538 2448 3581 :
2485 3515 2597 3582 ‹li-

1043 3618 1260 3685 cimus
1320 3619 1503 3710 quod
1576 3620 1747 3687 sicut
1814 3621 2237 3688 ostendimus
2297 3623 2363 3689 in
2413 3622 2594 3692 oculi

1039 3727 1406 3803 anatomia,
1429 3728 1617 3794 visus
1645 3727 1854 3817 exigit
1886 3726 2362 3797 humiditatem
2385 3752 2597 3821 aquo-

1039 3856 1184 3901 sam
1244 3856 1396 3925 qua·
1430 3834 1838 3926 receptibilis
1893 3837 1980 3904 sit
2016 3836 2394 3905 formarum
2426 3841 2597 3907 visi-

1042 3938 1282 4008 bilium
1356 3964 1439 4009 ex
1513 3942 1989 4033 perspicuitate
2055 3951 2119 4011 et
2186 3943 2591 4014 humiditate

1039 4069 1185 4114 sua.
1264 4048 1402 4115 Aer
1474 4050 1655 4116 enim
1707 4050 2105 4140 perspicuus
2163 4059 2227 4118 et
2266 4049 2591 4120 humidus

1041 4154 1370 4221 incarnari
1447 4164 1510 4222 et
1572 4156 1985 4247 incorporari
2038 4180 2174 4223 non
2233 4166 2452 4249 pote-st
2521 4161 2588 4227 in

1037 4263 1309 4352 propria
1345 4263 1568 4352 specie
1598 4284 1905 4341 manens,
1950 4264 2121 4331 sieut
2167 4265 2452 4333 in.aliis
2503 4267 2591 4333 li-

1035 4367 1175 4437 bris
1236 4369 1681 4438 ostendimus,
1755 4371 1975 4461 liujus
2032 4381 2263 4442 autem
2324 4383 2388 4442 et
2457 4375 2590 4443 alia

1031 4497 1234 4543 causa
1263 4484 1389 4553 est,
1425 4477 1606 4568 quod
1677 4502 1792 4546 aer
1822 4501 1960 4546 non
2027 4489 2126 4548 est
2163 4481 2289 4548 nisi
2328 4483 2440 4549 via
2472 4507 2590 4574 per

1035 4604 1238 4674 quam
1268 4584 1547 4652 veniant
1577 4585 1813 4653 forma·
1842 4586 2170 4666 visibiles,
2215 4596 2282 4655 et
2311 4612 2448 4657 non
2487 4600 2590 4659 est

1035 4710 1149 4757 eas
1201 4696 1438 4757 tenens
1499 4711 1514 4757 τ
1577 4699 1805 4760 tenere
1872 4700 2100 4761 autem
2155 4701 2223 4762 et
2292 4695 2589 4787 recipere

1037 4804 1301 4887 oportet
1390 4798 1690 4869 oculum.
1753 4803 2031 4892 (lportet
2114 4802 2342 4892 igitur.
2405 4805 2589 4894 quod

1038 4903 1414 4973 substantia
1488 4906 1665 4974 oculi
1733 4910 1816 4975 sit
1910 4908 2301 5000 crystallina
2375 4913 2589 5002 spissa

1038 5011 1587 5104 aliquantulum:
1638 5017 1855 5084 virtus
1920 5025 2149 5085 autem
2204 5027 2271 5087 et
2311 5023 2589 5111 spiritus

1036 5121 1298 5189 visivus
1337 5125 1646 5214 pervenit
1688 5125 1771 5191 ad
1819 5125 2095 5193 oculum
2162 5150 2285 5218 per
2345 5152 2589 5198 nervos

1035 5250 1395 5310 concavos,
1468 5233 1585 5323 qui
1652 5234 1885 5302 Graece
1950 5235 2185 5327 optici,
2273 5234 2404 5305 boc
2458 5247 2585 5324 est,

1034 5337 1235 5404 visit-i
1259 5347 1615 5420 vocantur,
1651 5365 1736 5411 ne
1775 5345 1910 5411 cito
1960 5350 2258 5414 transeat
2304 5369 2427 5437 per
2473 5371 2591 5416 eos

1031 5444 1308 5534 spiritus
1369 5449 1631 5517 visivus
1667 5501 1685 5518 .
1764 5449 2269 5519 Continuantur
2359 5463 2587 5523 autem

1033 5573 1190 5620 cum
1258 5555 1482 5635 oculo,
1545 5558 1722 5627 sicut
1787 5557 2086 5627 diximus
2180 5560 2252 5627 in
2343 5571 2591 5632 anato-

1039 5680 1176 5727 mia

1125 5765 1298 5836 Cum
1336 5778 1566 5841 autem
1602 5781 1741 5842 tres
1778 5773 2102 5843 humores
2138 5775 2276 5845 sint
2311 5777 2383 5844 in
2421 5802 2593 5849 ocu·-

4159 442 4286 508 643

2732 598 2824 680 lo,
2862 602 3125 668 medius
3157 609 3257 668 est
3287 602 3741 691 crystallinuS,
3779 615 3845 672 et
3877 617 3973 674 est
4008 609 4288 697 depres-

2726 728 2840 771 sus
2880 707 2964 773 ad
3014 708 3289 795 planam
3349 709 3773 799 superficiem
3823 720 4086 779 tantum
4128 740 4287 782 ver-

2723 834 2839 877 sus
2898 811 3234 901 sphaeram
3284 816 3501 893 oculi,
3563 826 3636 884 ut
3695 818 3974 908 recipiat
4031 820 4283 889 formas

2724 938 2951 985 rerum
2992 920 3169 988 sieut
3232 921 3394 990 facit
3449 926 3800 1012 speculum
3857 925 4161 1015 planum.
4209 926 4283 994 Si

2721 1028 2904 1091 enim
2938 1037 3115 1096 esset
3144 1052 3527 1098 convexum
3569 1040 3636 1099 et
3664 1032 4278 1122 sphaerieum,reci-

2717 1140 2907 1219 peret
2947 1157 3051 1201 res
3083 1137 3387 1204 minores
3426 1159 3633 1227 quam
3666 1146 3826 1205 sunt
3868 1139 3935 1204 in
3964 1139 4274 1206 veritate.

2718 1241 3056 1309 ‘Utilitates
3115 1252 3345 1310 autem
3395 1251 3462 1310 et
3490 1244 3772 1311 nomina
3803 1253 3870 1312 et
3900 1247 4272 1335 positiones

2717 1349 2922 1416 trium
2961 1348 3336 1417 humorum
3366 1359 3435 1418 et
3478 1353 3864 1419 tunicarum
3915 1353 4091 1420 oculi
4126 1355 4272 1441 jam

2715 1455 3163 1524 determinata
3202 1465 3363 1524 sunt
3394 1458 3461 1523 in
3491 1459 3864 1525 anatomia.

2803 1564 3156 1655 Palpebrae
3205 1574 3434 1634 autem
3474 1567 3625 1634 duae
3667 1567 3944 1658 quidem
3984 1577 4141 1635 sunt
4198 1569 4270 1636 in

2714 1669 3018 1751 homine,
3053 1672 3173 1740 sed
3210 1673 3437 1741 solum
3466 1681 3570 1742 est
3594 1674 3869 1742 mobilis
3911 1678 4257 1765 superior:

2713 1801 2851 1844 non
2892 1779 3075 1845 enim
3116 1802 3392 1848 necesse
3440 1789 3544 1849 est
3601 1781 3993 1850 inferiorem
4033 1806 4275 1852 move-

2712 1889 2792 1964 ri,
2837 1890 2996 1977 quia
3029 1898 3222 1957 motu
3262 1891 3632 1980 superioris
3700 1892 3926 1959 omnis
3966 1896 4270 1982 operatio

2711 1996 2888 2063 oculi
2930 1999 3001 2064 in
3069 1997 3437 2087 aperiendo
3494 2009 3560 2067 et
3616 1999 3993 2068 claudendo
4069 2025 4269 2070 com-

2710 2103 2954 2193 pletur.
2988 2105 3232 2196 Aptius
3289 2115 3517 2175 autem
3573 2116 3888 2175 movetur
3925 2112 4259 2199 superior,

2710 2236 2787 2278 eo
2846 2213 3029 2302 quod
3069 2223 3169 2281 est
3218 2215 3669 2306 propinquior
3714 2219 3941 2284 nervis
3998 2226 4063 2284 et
4106 2240 4267 2285 mu-

2708 2318 2912 2387 sculis
2942 2320 3402 2388 moventibus.
3438 2321 3682 2412 thuia
3700 2321 3877 2389 oculi
3909 2324 4084 2390 acies
4124 2347 4263 2391 non

2708 2427 2963 2495 utiliter
3028 2428 3436 2520 dirigeretur
3501 2429 3778 2498 inferius
3824 2452 3838 2497 ε
3904 2431 4065 2522 quia
4125 2455 4262 2498 non

2708 2537 3172 2625 specularetur
3244 2539 3371 2605 nisi
3439 2539 3664 2606 vicina
3700 2561 3715 2605 ε
3751 2547 3817 2605 et
3873 2547 3977 2607 est
4022 2537 4264 2607 melior

2706 2642 3091 2732 speculator
3146 2645 3263 2735 qui
3331 2644 3534 2735 longe
3592 2645 3802 2725 videt,
3884 2654 3956 2712 ut
4038 2646 4255 2735 parari

2706 2750 2967 2840 possint
3025 2750 3307 2819 cautelae
3362 2761 3598 2819 contra
3663 2756 4132 2820 nocumenta:
4196 2761 4262 2820 et

2707 2854 2833 2923 hoe
2864 2858 3089 2947 aptius
3157 2859 3231 2924 lit
3270 2865 3465 2925 motu
3494 2857 3863 2948 superioris
3894 2858 4258 2948 palpebrae.

2708 2965 2936 3056 Spinoe
2990 2977 3219 3034 autem
3260 2966 3739 3057 palpebrarum
3794 2991 3999 3057 super
4036 2976 4263 3035 extre-

2704 3073 3007 3140 mitatem
3041 3074 3592 3164 cartilaginosam
3623 3083 3780 3143 sunt
3818 3074 3968 3142 flxae
4005 3097 4019 3141 :
4065 3075 4253 3143 l'actae

2703 3183 2884 3251 enim
2917 3194 3071 3251 sunt
3104 3183 3189 3251 ad
3220 3184 3685 3253 defensionem
3716 3189 4152 3254 occasionum
4186 3185 4254 3253 in

2702 3291 2974 3358 oculum
3020 3293 3423 3360 irruentium
3460 3316 3476 3361 z
3518 3302 3584 3360 et
3612 3292 4010 3360 naturaliter
4048 3292 4257 3382 nigra}

2700 3411 2883 3478 sunt,
2956 3411 3028 3469 ut
3094 3402 3313 3470 lucem
3383 3401 3462 3469 ad
3524 3400 3799 3469 oculum
3864 3402 4257 3468 venientem

2702 3513 3182 3597 temperarent,
3225 3515 3291 3574 et
3329 3508 3554 3573 visum
3596 3506 4020 3595 adjuvarent.
4059 3505 4257 3573 Stant

2698 3625 2928 3683 autem
2961 3615 3031 3683 in
3074 3615 3224 3683 loco
3259 3613 3766 3706 cartilaginoso,
3814 3623 3887 3682 ut
3920 3613 4151 3704 rigidoe
4189 3622 4257 3681 et

2697 3732 2951 3791 stantes
2985 3730 3381 3791 remaneant
3416 3744 3432 3789 ε
3467 3723 3521 3788 si
3555 3722 3737 3789 enim
3780 3721 4096 3789 caderent
4135 3721 4262 3789 de-

2698 3835 2947 3917 missae,
3019 3833 3429 3923 impedirent
3483 3832 3736 3910 visum,
3814 3840 3883 3900 et
3939 3830 4260 3899 laederent

2700 3942 3054 4033 pupillam.

2786 4049 3101 4140 Amplius
3149 4057 3379 4117 autem
3452 4048 3706 4117 animal
3756 4049 3905 4116 duri
3964 4048 4127 4115 corii
4188 4056 4255 4115 et

2694 4158 3044 4246 squamosi
3099 4155 3210 4224 vel
3270 4155 3527 4246 rugosi,
3562 4177 3696 4222 non
3738 4152 3977 4222 habuit
4015 4152 4257 4244 palpe-

2695 4263 2847 4331 bras
2881 4286 2896 4330 :
2933 4266 3093 4355 quia
3130 4262 3265 4332 tale
3314 4262 3579 4333 corium
3639 4262 3785 4330 sine
3835 4268 4252 4330 nocumento

2695 4396 2831 4440 non
2866 4381 3257 4441 moveretur
3303 4395 3508 4462 super
3558 4370 3833 4438 oculum
3874 4366 4252 4437 claudendo

2695 4491 2757 4548 et
2789 4480 3156 4571 aperiendo
3189 4482 3412 4571 ipsum
3470 4487 3746 4570 propter
3801 4500 3997 4546 suam
4056 4474 4253 4543 duri-

2690 4591 2853 4658 tiem
2882 4611 2896 4654 :
2933 4598 2998 4655 et
3030 4588 3183 4655 ideo
3214 4595 3458 4656 natura
3486 4585 3670 4654 dedit
3716 4583 3968 4653 talibus
4014 4582 4253 4652 oculos

2692 4697 2900 4766 durus
2928 4706 2994 4764 et
3033 4696 3265 4775 sortes,
3299 4695 3419 4786 qui
3448 4717 3586 4762 non
3628 4693 3821 4762 facile
3855 4691 4254 4760 laederentur

2694 4806 2775 4873 ab
2817 4807 3174 4874 occasione
3222 4802 3585 4873 incidente.
3630 4800 3978 4870 Animalia
4022 4808 4250 4867 autem

2693 4917 2970 4982 ovantia
3044 4913 3298 4981 liabent
3347 4912 3551 4981 etiam
3635 4909 4098 5002 hispiditateni
4186 4906 4254 4973 in

2694 5023 2866 5115 pelle
2898 5042 3229 5113 pennosa‚
3260 5028 3323 5089 et
3364 5019 3516 5088 ideo
3582 5042 3723 5086 non
3752 5017 4007 5086 liabent
4055 5037 4252 5105 supe·

2694 5132 2941 5199 riorem
3022 5127 3416 5220 palpebram
3471 5148 3486 5194 z
3555 5126 3718 5218 quia
3773 5147 3930 5192 cum
4009 5142 4247 5212 penum

2693 5237 3266 5331 profunderentur
3320 5237 3390 5304 in
3464 5234 3665 5326 pelle,
3727 5232 3923 5301 radix
3986 5250 4259 5321 penna-

2695 5370 2845 5414 rum
2876 5345 3123 5413 faceret
3155 5344 3550 5412 interiorem
3581 5338 4010 5432 superficiem
4048 5359 4254 5425 aspe-

2693 5478 2865 5534 ram,
2900 5463 2968 5521 et
3003 5462 3168 5521 tunc
3196 5460 3389 5519 motu
3447 5473 3572 5519 suo
3639 5448 4017 5517 destrueret
4080 5466 4256 5513 oeu-

2694 5564 2861 5631 lum.

2782 5669 3114 5738 Clausura
3139 5667 3345 5736 etiam
3376 5666 3583 5747 oculi,
3618 5667 3689 5734 in
3717 5660 4130 5735 animalibus
4157 5656 4257 5726 di·

2693 5787 3004 5849 versatur
3046 5799 3062 5845 2
3128 5777 3457 5868 quoniam
3487 5774 3699 5845 homo
3764 5769 4019 5843 claudit
4063 5773 4259 5836 motu
