4919 6371
563 267 696 335 622

560 434 829 500 inducta
872 433 969 493 est
1018 448 1100 491 ex
1158 421 1524 511 frigiditate
1593 424 1887 491 cerebri:
1954 424 2115 513 quia

561 541 751 607 aliter
775 543 1012 601 natura
1045 554 1181 597 non
1216 531 1565 600 reduceret
1604 533 1688 600 ad
1718 534 2113 622 temperiem

561 646 866 714 ordinem
907 639 1400 718 membrorum,
1446 641 1575 707 nisi
1643 640 1936 708 calidum
1983 662 2114 728 po-

560 761 748 820 neret
794 757 862 816 et
934 748 1360 814 continuaret
1430 748 1515 814 ad
1581 747 1925 837 frigidum.
1999 744 2115 811 Si-

562 881 770 950 gnum
789 864 1028 932 ‚autem
1060 855 1448 946 frigiditatis
1479 854 1734 922 cerebri
1770 862 1890 928 est,
1929 850 2111 941 quod

561 975 774 1034 tactus
830 963 1086 1032 cerebri
1140 962 1339 1029 valde
1379 970 1480 1027 est
1521 959 1829 1050 frigiduS,
1882 965 1948 1024 et
2009 965 2112 1023 est

559 1077 860 1167 privatus
892 1073 1222 1162 sanguine
1272 1072 1492 1158 magis
1524 1067 1842 1135 omnibus
1883 1064 2110 1130 humi-

561 1183 881 1253 ditatibus
912 1207 1061 1273 quae
1091 1187 1249 1247 sunt
1302 1178 1373 1243 in
1422 1198 1732 1265 corpore,
1787 1197 1867 1241 eo
1928 1171 2108 1263 quod

561 1292 752 1382 quasi
806 1287 1032 1355 nullus
1094 1286 1373 1374 sanguis
1411 1291 1691 1373 apparet
1747 1284 1815 1348 iu
1873 1304 1998 1348 eo:
2045 1290 2111 1347 et

558 1422 713 1467 cum
741 1396 870 1463 hoc
902 1395 1103 1460 etiam
1138 1400 1239 1459 est
1279 1389 1691 1458 subsiccum.
1738 1388 2107 1456 Cerebrum

557 1512 783 1575 autem
842 1522 979 1567 non
1028 1507 1128 1566 est
1191 1498 1647 1588 superfluitaS,
1714 1495 1832 1563 sed
1883 1496 2108 1585 potius

554 1610 920 1705 principale
943 1606 1367 1675 membrum:
1399 1628 1620 1697 neque
1653 1613 1754 1672 est
1782 1627 1866 1672 ex
1896 1626 2110 1671 mem-

554 1722 690 1789 bris
721 1719 1000 1787 omnino
1030 1716 1372 1784 continuis
1413 1722 1479 1782 et
1536 1714 1928 1804 compactiS,
1989 1710 2105 1778 sed

552 1835 792 1894 natura
831 1827 974 1915 ejus
1015 1834 1256 1893 natura
1285 1832 1539 1891 aeterna
1597 1821 1908 1912 quaedam
1976 1827 2100 1897 est,

547 1934 710 2001 dum
746 1933 940 2000 durat
981 1929 1256 1998 animal.
1296 1928 1726 1996 Rationabile
1784 1928 1965 1994 enim
2006 1932 2104 1993 est

553 2051 865 2108 naturam
897 2037 1153 2106 cerebri
1186 2059 1332 2105 esse
1373 2036 1607 2113 talem,
1660 2058 1743 2102 eo
1783 2032 1964 2124 quod
2007 2039 2106 2099 est

553 2148 959 2240 principium
999 2153 1064 2213 et
1101 2168 1256 2213 arca
1306 2144 1782 2235 operationum
1836 2144 2106 2209 anima-

552 2258 741 2324 lium.

637 2363 949 2454 Amplius
1017 2370 1246 2429 autem
1297 2360 1652 2428 cerebrum
1706 2382 1843 2426 non
1902 2356 2103 2424 habet

543 2471 1130 2540 continuationem
1180 2491 1336 2536 cum
1369 2467 1603 2558 aliquo
1635 2465 2102 2534 membrorum

548 2580 997 2655 sensibilium,
1069 2580 1237 2645 sicut
1286 2577 1370 2644 ad
1411 2578 1638 2644 visum
1696 2582 1972 2665 apparet
2033 2574 2100 2639 in

550 2689 917 2757 anatomia.

640 2796 876 2865 Adhuc
909 2804 1136 2863 autem
1169 2794 1523 2863 cerebrum
1556 2816 1694 2862 non
1726 2792 1931 2861 habet
1961 2817 2105 2860 om-

549 2909 712 2973 nino
744 2928 1016 2971 sensnm
1059 2912 1300 2979 tactus»,
1337 2904 1512 2968 sicut
1557 2923 1778 2991 neque
1818 2903 2099 2992 sanguis

550 3024 662 3082 aut
702 3014 1133 3103 superfluitas
1164 3011 1297 3077 alia
1343 3009 1702 3077 animalis:
1737 3032 1876 3077 non
1917 3010 2098 3076 enim

548 3130 645 3189 est
679 3122 745 3188 in
777 3120 1175 3211 corporibus
1231 3116 1633 3184 animalium
1674 3116 1805 3183 nisi
1845 3115 1930 3182 ad
1960 3113 2102 3181 sal-

549 3231 852 3299 vandum
881 3239 1220 3296 naturam.

643 3333 796 3402 Non
828 3334 1008 3401 enim
1041 3340 1141 3400 est
1168 3353 1409 3399 verum
1441 3329 1625 3422 quod
1656 3329 1935 3421 quidam
1966 3330 2101 3396 sm-

549 3451 718 3535 gunt
748 3443 1049 3510 animam
1079 3464 1223 3509 esse
1257 3441 1489 3531 ignem
1541 3447 1661 3507 aut
1707 3438 1913 3506 aliam
1943 3462 2103 3508 cor-

547 3575 827 3642 poream
882 3550 1201 3617 virtutem
1241 3548 1587 3628 elementi,
1659 3570 1811 3638 quae
1858 3547 2100 3615 similis

547 3661 633 3725 sit
662 3657 867 3726 calori
908 3659 1106 3744 ignis,
1134 3665 1192 3722 et
1228 3655 1413 3745 quod
1444 3654 1557 3722 illa
1580 3655 1671 3723 sit
1696 3655 1762 3722 in
1794 3655 2094 3732 cerebro,

547 3777 611 3835 et
671 3775 946 3858 propter
1012 3764 1138 3832 boe
1207 3764 1564 3833 cerebrum
1619 3766 1706 3830 sit
1770 3763 2094 3831 calidum.

547 3876 732 3943 Sicut
773 3876 953 3941 enim
1000 3877 1067 3942 in
1124 3872 1230 3940 his
1270 3897 1420 3964 qua·
1479 3872 1563 3939 de.
1618 3874 1873 3940 Anima
1940 3880 2098 3938 sunt

544 3983 906 4073 disputata,
959 3981 1201 4050 melius
1240 3990 1340 4048 est
1380 3980 1602 4048 dicere
1643 3979 1827 4069 quod
1866 3981 2096 4047 anima

544 4093 629 4160 sit
687 4092 1095 4182 principium
1144 4099 1208 4157 et
1281 4113 1487 4157 eausa
1571 4088 1875 4178 corporis
1951 4089 2094 4155 sive

541 4198 939 4266 sustentatio
992 4198 1350 4264 continens
1406 4197 1631 4287 ipsum
1689 4217 1708 4262 :
1759 4204 1827 4262 et
1889 4195 2092 4262 sicin

541 4306 655 4372 tali
713 4327 994 4395 corpore
1057 4302 1237 4394 quud
1289 4310 1391 4371 est
1447 4301 1743 4370 calidum
1803 4309 1870 4369 et
1926 4301 2093 4369 alias

536 4414 818 4480 virtutes
866 4409 1125 4479 habens
1163 4410 1689 4487 elementorum,
1732 4417 1851 4476 aut
1907 4408 2094 4500 quod

539 4523 766 4590 anima
797 4521 885 4588 sit
915 4518 1066 4588 talis
1096 4543 1298 4588 causa
1340 4517 1494 4587 talis
1523 4519 1831 4608 corporis
1870 4518 2091 4608 qualis

534 4630 711 4697 dicta
740 4636 865 4706 est,
898 4637 959 4697 et
995 4626 1178 4718 quod
1209 4627 1353 4694 istae
1392 4626 1890 4694 elementorum
1918 4648 2094 4717 qua·

533 4734 753 4803 litates
791 4735 921 4803 siut
969 4737 1418 4803 iustrumenta
1455 4734 1648 4821 ejus:
1693 4741 1760 4801 et
1789 4732 1942 4801 ideo
1982 4733 2093 4801 di-

530 4865 679 4910 cere
739 4841 1038 4909 animam
1098 4864 1243 4910 esse
1333 4842 1588 4930 ignem,
1671 4838 1850 4908 idem
1906 4839 2088 4908 valet

534 4946 716 5037 quod
754 4969 905 5015 eam
936 4945 1156 5016 dicere
1196 4946 1466 5015 fabrum
1497 4943 1868 5034 lignarium
1908 4967 2081 5013 esse.

531 5053 633 5120 Ex
652 5052 758 5122 his
788 5078 950 5146 ergo
990 5065 1055 5124 et
1094 5052 1487 5144 hujusmodi
1535 5051 1913 5120 rationibus
1958 5077 2087 5123 ne-

527 5158 895 5226 cessarium
926 5168 1053 5239 est,
1090 5159 1277 5250 quod
1306 5159 1538 5227 anima
1567 5164 1672 5224 est
1707 5165 1901 5225 actus
1930 5180 2089 5226 cor-

527 5264 712 5355 poris
748 5262 1007 5334 habens
1072 5268 1246 5335 sicut
1311 5272 1542 5333 motor
1577 5269 1645 5331 et
1707 5263 1950 5332 artifex
2013 5265 2082 5331 in

525 5378 860 5461 potestate
925 5372 1322 5462 hujusmodi
1388 5371 1689 5441 calorem
1740 5372 1917 5461 ignis
1966 5374 2082 5463 qui

530 5486 632 5546 est
659 5480 727 5546 in
757 5501 1064 5570 corpore.

619 5587 780 5674 Sed,
823 5598 897 5657 ut
920 5589 1109 5681 prius
1135 5589 1459 5667 diximus,
1496 5609 1744 5656 omnes
1774 5609 1881 5656 res
1911 5588 2083 5682 phy-

1523 253 1607 318 D.
1659 251 1860 318 ALB.
1915 248 2127 316 MAG.
2186 248 2392 316 ORD.
2448 252 2745 322 PRAED.

2220 423 2373 490 sicae
2449 428 2836 496 commixtae
2904 426 3210 517 indigent
3285 430 3770 518 conjunctione

2221 535 2540 600 contrarii
2584 536 2709 603 sibi
2755 547 2828 604 ut
2893 545 3377 626 temperentur,
3440 537 3533 601 ita
3587 537 3771 626 quod

2219 662 2357 707 non
2388 642 2477 709 sit
2507 644 2601 710 eis
2631 644 2857 734 aliqua
2905 645 3497 735 distemperantia:
3544 652 3609 710 et
3642 666 3773 711 na·-

2217 754 2370 812 tura
2408 748 2564 815 fecit
2591 751 2939 819 cerebrum
2974 752 3319 843 frigidum,
3367 763 3433 820 et
3465 752 3767 842 positum

2217 863 2316 920 est
2346 876 2430 920 ex
2459 860 2773 946 opposito
2803 859 3023 926 cordis
3044 859 3229 949 quod
3257 870 3356 928 est
3377 858 3765 927 membrum

2216 961 2728 1043 calidissimum,
2798 988 2878 1033 eo
2936 967 3120 1055 quod
3191 990 3329 1034 non
3388 968 3768 1036 salvaretur

2217 1067 2604 1137 membrum
2671 1072 3023 1162 egrediens
3080 1097 3120 1140 a
3157 1076 3604 1164 temperantia
3643 1098 3766 1164 per

2215 1195 2287 1238 se
2355 1176 2500 1243 sine
2567 1182 3037 1247 contrarietate
3117 1180 3392 1247 alterius
3469 1180 3761 1248 membri

2214 1287 2653 1372 temperantis
2685 1289 2930 1376 ipsum,
2976 1296 3249 1377 propter
3307 1288 3489 1378 quod
3546 1311 3761 1379 sagax

2213 1400 2458 1458 natura
2490 1394 2830 1484 ingeniata
2864 1405 2963 1464 est
3001 1418 3254 1486 ponere
3294 1394 3646 1463 cerebrum
3678 1419 3765 1462 ex

2214 1501 2528 1589 opposito
2594 1504 2840 1585 cordis,
2910 1512 2984 1571 ut
3022 1504 3340 1572 diximus.
3392 1502 3763 1571 Cerebrum

2214 1607 2395 1674 enim
2426 1619 2570 1678 erat
2599 1614 3145 1702 intemperatum,
3198 1635 3279 1680 eo
3310 1611 3495 1701 quod
3520 1612 3762 1678 vince-

2210 1714 2328 1781 hat
2356 1717 2426 1783 in
2485 1717 2630 1808 ipso
2683 1727 2924 1789 natura
2980 1728 3173 1788 terrae
3230 1727 3296 1788 et
3350 1741 3569 1811 aquae,
3603 1741 3759 1810 quae

2211 1832 2368 1891 sunt
2408 1826 2744 1897 elementa
2772 1828 3015 1919 frigida
3066 1828 3303 1896 valde:
3380 1826 3529 1895 lia-c
3574 1827 3757 1895 enim

2210 1935 2791 2024 contemperantia
2820 1934 3150 2003 resultans
3171 1958 3256 2003 ex
3280 1934 3517 2003 ordine
3546 1956 3763 2002 mem-

2210 2037 2490 2108 brorum
2530 2066 2736 2111 causa
2784 2054 2907 2123 est,
2970 2043 3152 2135 quod
3200 2042 3453 2111 animal
3499 2043 3762 2111 habens

2209 2151 2638 2239 sanguinem,
2671 2150 2875 2219 habet
2912 2152 3307 2221 cerebrum:
3360 2173 3486 2218 nec
3550 2149 3758 2218 habet

2208 2256 2563 2326 cerebrum
2619 2260 2705 2327 ab
2770 2260 2998 2351 aliquo
3056 2261 3190 2328 alia
3256 2257 3561 2334 animali,
3626 2256 3764 2323 nisi

2207 2362 2380 2431 forte
2415 2387 2556 2432 non
2608 2364 2928 2435 habentia
2995 2366 3399 2457 sanguinem
3459 2361 3761 2430 habeant

2209 2471 2595 2541 membrum
2625 2477 3034 2544 conveniens
3065 2474 3338 2543 cerebro
3372 2470 3558 2561 quod
3589 2492 3764 2560 ope-

2210 2587 2395 2646 ratur
2423 2581 2679 2648 cerebri
2753 2581 3204 2671 operationeS,
3266 2580 3440 2646 sicut
3501 2574 3757 2642 animal

2208 2687 2526 2778 multipes
2565 2690 2932 2756 secundum
3000 2686 3432 2755 Aristotelem
3490 2692 3556 2751 et
3622 2681 3751 2749 sibi

2206 2795 2482 2874 similia,
2517 2819 2669 2887 qua·
2700 2798 2902 2865 etiam
2951 2795 3269 2863 animalia
3334 2792 3550 2865 calida
3590 2799 3749 2858 sunt

2205 2912 2485 2994 propter
2537 2905 2790 2972 cerebri
2844 2905 3318 2995 privationem.
3382 2898 3753 2967 Cerebrum

2204 3013 2389 3079 enim
2421 3012 2736 3080 emendat
2780 3012 3324 3103 complexionem
3384 3006 3632 3075 caloris
3690 3011 3755 3071 et

2205 3119 2676 3189 ebullitionem
2740 3120 2979 3189 caloris
3043 3129 3110 3187 et
3175 3116 3437 3185 cordis:
3501 3124 3575 3181 ut
3622 3112 3752 3180 ha-

2206 3228 2360 3296 beat
2430 3251 2550 3294 cor
2608 3230 2811 3294 etiam
2859 3227 3154 3294 calorem
3196 3230 3648 3315 temperatum
3682 3221 3753 3287 in

2204 3333 2470 3402 duabus
2499 3336 2716 3415 venis,
2746 3335 2994 3403 scilicet
3045 3334 3113 3400 in
3159 3354 3335 3400 vena
3382 3329 3624 3417 inaj0ri
3682 3335 3751 3394 et

2205 3443 2523 3520 madon-ti,
2555 3444 2729 3512 sieut
2775 3442 3069 3510 diximus
3098 3442 3169 3508 in
3198 3437 3539 3508 anatomia
3573 3458 3588 3501 :
3642 3434 3752 3502 hae

2204 3552 2385 3619 enim
2417 3574 2608 3619 venae
2637 3550 3008 3619 secundum
3039 3546 3561 3617 ramiticationes
3587 3564 3749 3609 suas

2201 3659 2607 3750 perveniunt
2646 3657 2732 3725 ad
2772 3657 2974 3726 telam
3015 3654 3365 3725 cerebrum
3396 3650 3748 3719 continen-

2205 3778 2382 3836 tem:
2428 3776 2503 3836 ut
2534 3769 2714 3835 enim
2757 3790 2891 3834 non
2932 3765 3184 3834 accidat
3217 3761 3492 3831 cerebro
3532 3780 3750 3825 nocu-

2203 3883 2513 3942 mentum
2546 3897 2627 3943 ex
2659 3875 2879 3942 calore
2927 3874 3039 3964 qui
3092 3870 3416 3939 accideret
3458 3869 3512 3932 si
3554 3886 3746 3932 vena·

2200 3983 2434 4051 calida·
2477 3991 2902 4073 penetrarent
2932 3981 3001 4048 in
3030 3979 3477 4048 substantiam
3509 3974 3745 4062 ipsius,

2204 4091 2354 4158 ideo
2397 4092 2540 4158 ista:
2596 4114 2786 4158 vena·
2845 4113 2963 4180 per
3017 4099 3315 4156 texturas
3381 4106 3538 4150 suas
3591 4086 3749 4146 sunt

2198 4199 2622 4266 continentes
2651 4200 2893 4289 ipsum.
2941 4197 3189 4287 Spissa·
3231 4200 3454 4261 autem
3486 4195 3643 4255 sunt
3684 4194 3749 4254 et

2199 4307 2486 4397 graciles
2553 4307 2702 4374 loco
2777 4329 3103 4374 venarum
3148 4322 3512 4395 paucarum
3590 4320 3744 4363 ma-

2197 4438 2515 4506 gnarum,
2549 4437 2838 4506 quarum
2896 4414 3147 4481 oriticia
3215 4421 3445 4478 tamen
3516 4405 3745 4474 ess'un-

2195 4521 2365 4588 dunt
2421 4522 2826 4613 sangninem
2877 4520 2959 4587 ad
3013 4522 3232 4612 ipsum
3267 4527 3335 4584 ut
3381 4513 3741 4582 nutriatur.

2198 4631 2494 4721 Sanguis
2534 4641 2762 4698 autem
2798 4630 2919 4698 iste
2967 4638 3069 4695 est
3120 4624 3438 4698 mundus,
3490 4620 3739 4699 clarus,

2195 4750 2260 4807 et
2289 4740 2581 4824 subtilis,
2617 4748 2680 4807 et
2722 4761 2859 4806 nen
2889 4739 3145 4830 spissus
3182 4745 3249 4804 et
3287 4730 3617 4801 turbidus
3666 4728 3743 4792 si

2195 4851 2377 4915 enim
2417 4847 2696 4935 sanguis
2727 4846 2835 4913 ille
2866 4845 3064 4915 fuerit
3099 4843 3405 4936 frigidior
3442 4834 3748 4927 comple-

2193 4955 2398 5021 xione
2436 4961 2833 5045 temperata,
2867 4961 2983 5021 aut
3024 4955 3228 5021 etiam
3280 4951 3501 5040 ipsum
3568 4963 3748 5010 cere-

2189 5062 2417 5148 brum,
2459 5063 2686 5130 statim
2762 5062 3063 5130 accident
3118 5056 3459 5128 catari-lii:
3525 5072 3743 5140 vapor

2190 5170 2375 5238 enim
2414 5169 2544 5237 cibi
2606 5169 2971 5237 ascendens
3046 5188 3314 5236 sursum
3381 5169 3446 5231 et
3483 5157 3741 5227 vadens

2189 5299 2311 5368 per
2337 5298 2549 5344 venas
2575 5277 2763 5344 venit
2793 5277 2879 5346 ad
2906 5276 3256 5345 cerebrum
3286 5295 3302 5342 :
3348 5278 3414 5338 et
3443 5290 3599 5336 eum
3621 5266 3735 5332 in-

2189 5382 2603 5473 frigiditatur
2634 5383 2840 5450 nimis
2874 5405 3088 5474 vapor
3133 5375 3549 5469 hujusmodi,
3594 5380 3742 5440 sta-

2188 5491 2313 5558 tim
2345 5489 2661 5558 accidunt
2697 5487 2988 5558 catarrhi
3061 5497 3339 5579 propter
3396 5477 3744 5551 fortitudi-

2190 5617 2350 5662 nem
2380 5594 2655 5686 t'rigoris
2701 5593 2883 5685 quod
2914 5601 3013 5662 est
3058 5594 3127 5660 in
3175 5591 3326 5661 loco
3392 5587 3553 5656 illo:
3633 5589 3737 5650 est
