4919 6371
1972 411 2141 480 LlB.
2196 411 2289 477 lll
2340 411 2456 479 DE
2504 413 3089 501 ANIMALIBUS,
3139 418 3447 488 TRACT.
3504 422 3529 487 l

1156 588 1472 653 similiter
1537 586 1697 653 facit
1758 589 1985 655 nervis
2040 596 2106 654 et
2164 590 2356 655 venis
2421 592 2715 655 extensis

1159 695 1242 760 ad
1298 694 1683 770 matricem,
1747 694 2022 784 quando
2088 696 2375 763 intendit
2429 697 2717 762 formare

1157 797 1396 863 t'oetum
1439 818 1453 860 ε
1500 803 1662 863 tunc
1700 799 1886 865 enim
1920 800 2342 888 ingrossatur
2371 801 2439 864 in
2482 799 2719 863 matri·-

1155 927 1228 971 ce
1266 925 1280 968 :
1321 911 1386 969 et
1417 903 1572 971 ideo
1615 903 1748 973 hoc
1777 907 2050 997 signum
2101 905 2285 995 quod
2324 904 2566 971 medici
2614 904 2718 971 af-

1151 1011 1403 1089 ferunt,
1440 1014 1728 1081 omnino
1760 1023 1862 1081 est
1888 1013 2096 1081 fallax
2124 1020 2191 1079 et
2218 1013 2572 1079 incertum.
2612 1011 2717 1079 Si-

1156 1117 1412 1204 militer
1451 1127 1683 1184 autem
1723 1126 1827 1185 est
1883 1118 1952 1183 in
2010 1116 2272 1198 arbore,
2334 1117 2403 1182 in
2459 1140 2593 1207 qua
2630 1117 2712 1185 ad

1155 1219 1434 1287 oculum
1505 1220 1848 1298 videmuS,
1912 1220 2095 1309 quod
2168 1220 2375 1310 stipes
2421 1229 2489 1287 et
2541 1223 2710 1287 rami

1148 1329 1449 1415 majores
1517 1327 1911 1416 frequenter
1983 1325 2238 1395 habent
2296 1329 2707 1419 grossiorem

1144 1433 1603 1500 substantiam
1639 1455 1848 1522 quam
1888 1431 2095 1501 habet
2125 1434 2339 1502 radix.

1233 1558 1436 1638 Quod
1468 1567 1699 1626 autem
1733 1560 1966 1628 dicunt
1995 1561 2077 1629 de
2119 1583 2488 1629 nervorum
2529 1561 2703 1628 mol-

1144 1666 1287 1733 litie
1359 1666 1543 1756 apud
1622 1667 2006 1746 cerebrum,
2064 1676 2132 1736 et
2203 1668 2450 1737 duritia
2524 1668 2704 1757 apud

1142 1795 1288 1852 cor,
1333 1774 1621 1840 omnino
1664 1773 1835 1841 nihil
1885 1775 2250 1865 persuadet
2298 1798 2312 1843 ε
2366 1777 2526 1864 quia
2581 1798 2705 1843 nos

1139 1893 1515 1969 possumus
1587 1881 1812 1949 dicere
1882 1882 2066 1972 quod
2142 1883 2356 1949 virtus
2443 1882 2702 1949 forma-

1142 1990 1287 2056 tiva
1344 2013 1485 2057 non
1537 1990 1695 2056 facit
1760 1988 2113 2057 cerebrum
2189 1998 2256 2057 et
2331 1989 2694 2058 medullam

1144 2097 1429 2174 cerebri,
1489 2097 1621 2163 nisi
1677 2119 1763 2163 ex
1820 2096 2107 2165 mollitie
2172 2119 2564 2175 nervorum,
2632 2106 2699 2165 et

1135 2229 1273 2272 non
1354 2229 1389 2272 e
1448 2228 1786 2274 converso
1845 2228 2131 2274 nervum
2207 2205 2554 2275 mollificat
2610 2230 2694 2276 ex

1127 2313 1392 2381 cerebri
1455 2311 1783 2380 medulla.
1841 2313 2013 2381 Cum
2080 2315 2263 2381 enim
2300 2315 2515 2382 virtus
2556 2315 2697 2383 for-

1127 2421 1389 2488 mativa
1447 2418 1740 2488 intendit
1801 2420 2180 2511 producere
2228 2421 2485 2489 cerebri
2543 2446 2693 2489 me-

1131 2526 1420 2607 dullam,
1500 2550 1586 2595 ex
1651 2528 1858 2597 corde
1937 2531 2160 2619 primo
2227 2531 2469 2598 emittit
2536 2554 2686 2599 ner-

1126 2658 1277 2714 vos,
1339 2644 1408 2702 et
1457 2635 1529 2703 in
1586 2637 1731 2703 suis
1790 2636 2334 2705 extremitatibus
2415 2638 2688 2706 eosdem

1128 2742 1373 2810 molles
1429 2743 1612 2822 t'acit,
1657 2754 1727 2812 et
1779 2745 2098 2834 producit
2153 2768 2237 2813 ex
2285 2744 2687 2814 humiditate

1125 2872 1364 2916 eorum
1407 2850 1791 2917 cerebrum.
1828 2850 2137 2919 Rationis
2176 2859 2400 2919 autem
2447 2876 2685 2919 eorum

1123 2956 1444 3024 instantia
1493 2965 1597 3024 est
1641 2980 1658 3025 ε
1702 2958 2032 3048 quoniam
2082 2961 2253 3026 rami
2311 2960 2382 3026 in
2443 2959 2685 3029 arbore

1117 3072 1374 3153 quanto
1428 3064 1581 3154 plus
1645 3064 2057 3156 elongantur
2122 3090 2162 3134 a
2230 3067 2476 3146 radice,
2527 3077 2687 3138 sunt

1118 3170 1470 3240 molliores
1510 3179 1579 3240 et
1622 3171 2065 3241 flexibiliores
2108 3197 2124 3241 :
2194 3182 2261 3243 et
2316 3184 2477 3244 tunc
2514 3175 2682 3246 nihil

1115 3287 1218 3345 est
1264 3279 1554 3348 omnino
1600 3279 1789 3370 quod
1828 3280 2085 3364 dicunt,
2126 3281 2309 3371 quod
2356 3306 2509 3350 cum
2553 3282 2684 3352 ali-

1110 3388 1274 3476 quid
1326 3388 1547 3456 oritur
1598 3412 1683 3455 ex
1732 3386 2047 3470 humido,
2097 3412 2179 3457 eo
2218 3392 2293 3459 lit
2331 3393 2572 3460 siccius
2613 3404 2680 3462 et

1112 3491 1378 3569 durius,
1433 3515 1573 3584 quo
1613 3493 1819 3563 suerit
1856 3498 2076 3585 magis
2131 3496 2526 3588 elongatum
2589 3500 2675 3567 ab

1114 3597 1262 3687 ipso
1301 3621 1345 3667 a
1391 3622 1533 3690 quo
1582 3600 1825 3668 oritur.
1857 3601 2192 3670 Videmus
2229 3606 2411 3671 enim
2448 3604 2676 3672 coral-

1108 3703 1250 3771 lum
1294 3706 1481 3773 nasci
1534 3706 1624 3773 ab
1671 3705 1962 3777 humido
2010 3712 2243 3790 maris,
2293 3721 2364 3779 et
2407 3712 2477 3779 in
2526 3712 2672 3803 ipso

1109 3811 1278 3877 mari
1307 3834 1456 3878 esse
1507 3812 1981 3883 durissimum.
2027 3815 2106 3883 Et
2146 3825 2221 3886 ut
2267 3818 2337 3885 in
2397 3841 2670 3887 summo

1104 3917 1395 3999 dicatur,
1441 3942 1733 3988 nervum
1763 3943 1913 3990 esse
1943 3922 2014 3991 in
2042 3922 2269 4013 aliqua
2310 3935 2497 4016 parte
2535 3928 2672 3995 sic-

1103 4047 1258 4093 cum
1293 4037 1361 4095 et
1390 4027 1670 4106 durum,
1703 4038 1771 4098 et
1812 4029 1882 4098 in
1929 4028 2161 4121 aliqua
2196 4043 2387 4123 parte
2434 4032 2668 4101 humi-

1096 4132 1264 4200 dum
1308 4142 1374 4201 et
1419 4132 1729 4213 mollem,
1774 4158 1915 4204 non
1953 4137 2196 4227 probat
2226 4162 2381 4207 eum
2413 4141 2574 4209 oriri
2623 4165 2664 4209 a

1093 4242 1302 4325 sicco,
1341 4264 1569 4333 neque
1609 4244 1820 4312 etiam
1851 4242 1939 4312 ab
1969 4243 2281 4324 humido,
2315 4248 2444 4315 nisi
2476 4250 2662 4341 prius

1096 4345 1374 4416 daretur
1429 4347 1616 4439 quod
1693 4350 2104 4441 principium
2170 4352 2469 4421 formans
2532 4356 2659 4424 ista

1097 4478 1234 4522 uon
1265 4461 1445 4522 esset
1485 4478 1705 4523 unum
1735 4454 1964 4525 solum
1992 4482 2284 4549 operans
2316 4482 2333 4527 :
2373 4461 2490 4528 sed
2521 4486 2657 4530 non

1095 4570 1197 4629 est
1230 4563 1348 4639 ita,
1391 4562 1706 4652 quinimo
1735 4572 1839 4631 est
1868 4564 2098 4632 anima
2127 4587 2279 4657 quoe
2307 4590 2430 4658 per
2451 4568 2660 4636 virtu-

1094 4674 1232 4734 tem
1277 4667 1718 4737 formativam
1748 4668 1999 4739 format
2028 4674 2262 4741 omnia
2299 4697 2450 4764 quae
2498 4684 2656 4743 sunt

1092 4773 1160 4840 iu
1190 4797 1481 4865 corpore
1525 4796 1543 4843 ε
1586 4783 1654 4844 et
1684 4774 1831 4846 hoee
1860 4799 2000 4845 non
2047 4788 2368 4870 operatur
2411 4803 2650 4864 unum,

1087 4880 1204 4946 sed
1269 4879 1488 4949 multa
1540 4903 1557 4948 ε
1613 4904 1837 4974 neque
1884 4894 2209 4976 operatur
2252 4910 2373 4978 per
2411 4912 2647 4966 unum,

1088 4985 1205 5052 sed
1252 5008 1377 5077 per
1415 4986 1631 5055 multa
1686 5009 1703 5057 ε
1758 4997 1826 5056 et
1875 4989 2028 5057 ideo
2087 5014 2297 5060 unum
2349 5003 2414 5063 et
2471 4995 2648 5063 idem

1091 5116 1265 5183 opus
1293 5116 1496 5160 suum
1541 5094 1815 5164 indurat
1845 5105 1911 5165 et
1943 5097 2292 5168 mollificat
2325 5101 2391 5168 in
2422 5101 2650 5169 diver-

1088 5199 1181 5265 sis
1226 5201 1536 5290 partibus
1596 5202 1974 5272 secundum
2020 5207 2435 5297 exigentiam
2494 5208 2649 5275 illo-

1090 5328 1239 5373 rum
1275 5331 1429 5398 qua·
1468 5306 1556 5375 ab
1588 5310 1738 5402 ipso
1768 5335 1973 5402 opere
2013 5315 2383 5405 producere
2432 5317 2635 5385 inten-

1086 5410 1206 5481 dit.

1171 5519 1245 5587 Si
1296 5530 1531 5591 autem
1587 5522 1917 5613 objiciant
1962 5525 2135 5596 torte
2172 5529 2442 5612 medici,
2486 5552 2644 5599 ner-

1076 5648 1203 5694 vos
1240 5627 1524 5719 quidem
1552 5653 1860 5700 omnesa
1898 5631 2176 5702 cerebro
2207 5634 2636 5718 descendere,

4251 433 4381 502 213

2826 613 2964 655 non
3014 599 3113 657 est
3157 600 3419 657 certum
3462 597 3737 682 signum
3780 595 3967 685 quod
4023 619 4062 663 a
4102 600 4382 668 cerebro

2825 697 3151 773 oriantur,
3188 701 3515 785 quoniam
3547 724 3914 788 possumus
3944 705 4167 773 dicere
4200 708 4383 796 quod

2822 826 3070 868 nervus
3111 807 3229 892 qui
3268 813 3369 871 est
3399 808 3573 872 inter
3609 831 3728 876 cor
3754 819 3819 877 et
3857 813 4241 894 cerebrum,
4278 824 4379 882 est

2820 911 2992 977 sicut
3021 911 3227 1000 stipes
3260 934 3667 980 nervorum:
3714 925 3779 983 et
3811 917 3907 983 illi
3948 921 4066 1008 qui
4108 943 4147 988 a
4186 944 4377 991 cere-

2818 1015 2942 1082 bro
3008 1019 3312 1094 veniunt,
3370 1028 3529 1086 sunt
3593 1024 3763 1088 rami
3831 1024 4067 1090 reflexi
4135 1049 4373 1097 versus

2817 1145 3012 1191 suam
3060 1128 3418 1215 originem.
3456 1127 3539 1194 Et
3566 1131 3621 1195 si
3653 1128 3902 1209 dicant,
3940 1132 4127 1222 quod
4165 1132 4370 1223 hujus

2817 1233 3035 1301 simile
3067 1257 3203 1302 non
3235 1244 3335 1302 est
3366 1237 3435 1302 in
3475 1236 3623 1304 aliis
3664 1240 3987 1328 operibus
4045 1251 4308 1312 naturae
4346 1268 4362 1313 ε

2815 1344 3140 1433 quoniam
3170 1345 3239 1411 in
3269 1344 3518 1435 plantis
3548 1349 3719 1415 rami
3747 1351 4196 1441 porriguntur
4214 1377 4372 1443 pro-

2811 1452 3123 1520 cedentes
3152 1475 3190 1519 a
3230 1453 3475 1532 radice,
3511 1464 3578 1523 et
3607 1479 3747 1524 non
3789 1459 4235 1528 reflectuntur
4285 1463 4369 1531 ad

2810 1563 3051 1652 ipsam.
3088 1561 3409 1630 Dicemus
3449 1562 3578 1632 hoc
3606 1565 4019 1655 generaliter
4045 1592 4187 1637 non
4218 1593 4365 1639 esse

2805 1693 3067 1745 verum,
3132 1673 3455 1759 quoniam
3544 1695 3724 1763 saepe
3832 1675 3909 1741 fit
3975 1677 4046 1743 in
4113 1678 4365 1767 plantis

2809 1777 2989 1868 quod
3022 1779 3189 1844 rami
3228 1801 3466 1846 versus
3507 1780 3800 1847 radicem
3863 1783 4307 1852 reflectuntur
4340 1808 4356 1853 :

2806 1890 2874 1950 et
2902 1885 2992 1951 ita
3021 1882 3315 1951 dicimus
3340 1908 3587 1953 nervos
3627 1887 3905 1976 quidem
3938 1892 4103 1957 oriri
4144 1914 4185 1959 a
4215 1915 4363 1960 cor-

2804 1988 2884 2057 de
2917 1997 2982 2057 et
3010 1990 3281 2058 extendi
3305 1990 3389 2057 ad
3419 1992 3798 2073 cerebrum,
3835 2004 3904 2064 et
3930 1998 4110 2065 circa
4132 1999 4357 2088 ipsum

2802 2095 3260 2187 multiplicari,
3298 2108 3363 2167 et
3393 2108 3552 2169 tunc
3583 2101 4071 2193 multiplicatos
4109 2129 4358 2175 nervos

2800 2224 3035 2269 versus
3064 2224 3181 2269 cor
3212 2204 3486 2271 reflecti.
3532 2204 3781 2273 Omnia
3811 2209 3995 2275 enim
4025 2207 4172 2278 haec
4199 2219 4360 2279 sunt

2800 2332 3003 2399 opera
3032 2310 3304 2377 virtutis
3334 2311 3710 2381 s‹·›r1uativae
3735 2315 4080 2404 sapienter
4109 2341 4358 2386 unum·

2799 2417 3114 2509 quodque
3146 2420 3520 2486 secundum
3549 2425 4055 2513 congruitatem
4086 2428 4357 2496 virtutis

2795 2533 2913 2592 aut
2936 2525 3288 2605 naturalis,
3330 2536 3449 2594 aut
3479 2528 3725 2610 vitalis,
3761 2538 3879 2597 aut
3925 2533 4245 2602 animalis
4285 2536 4355 2602 in

2796 2656 2878 2700 eo
2910 2633 3274 2722 operantis.

2886 2739 3207 2808 Similiter
3243 2751 3470 2808 autem
3503 2743 3791 2811 dicimus
3823 2744 3909 2812 ad
3940 2745 4007 2812 id
4038 2747 4223 2836 quod
4254 2748 4353 2816 di-

2791 2856 2953 2915 cunt
2978 2847 3059 2914 de
3091 2871 3268 2915 vena
3298 2873 3449 2939 quie
3489 2858 3589 2917 est
3626 2853 3802 2918 inter
3831 2873 3952 2919 eor
3988 2862 4054 2920 et
4108 2852 4341 2944 hepar.

2790 2952 2952 3021 flaec
2989 2954 3169 3021 enim
3222 2954 3496 3023 mollior
3539 2965 3640 3023 est
3678 2979 3759 3024 ex
3812 2966 4001 3048 parte
4049 2958 4341 3050 hepatis,

2790 3069 2857 3129 et
2897 3061 3129 3128 durior
3171 3085 3255 3129 ex
3293 3071 3483 3152 parte
3540 3064 3788 3146 cordis,
3843 3074 4122 3156 propter
4158 3069 4344 3158 quod

2788 3167 3016 3236 dieunt
3056 3193 3204 3236 eam
3237 3170 3398 3237 oriri
3439 3170 3524 3238 ab
3554 3169 3822 3262 hepate,
3861 3172 4163 3241 indurari
4218 3199 4345 3244 au-

2785 3281 2923 3342 tem
2954 3285 3027 3343 ut
3067 3278 3134 3344 iu
3166 3299 3285 3343 cor
3322 3279 3534 3368 possit
3561 3287 3916 3368 penetrare
3944 3289 4012 3348 et
4042 3281 4216 3352 serre
4245 3285 4344 3351 si-

2784 3381 2851 3449 bi
2892 3383 3412 3451 nutrimentum.
3450 3385 3528 3452 Et
3562 3387 3688 3453 iste
3747 3410 3976 3455 sermo
4017 3388 4341 3459 ridendus

2783 3498 2932 3557 est:
2986 3491 3309 3580 quoniam
3356 3492 3728 3560 secundum
3780 3493 3909 3562 hoc
3966 3504 4335 3587 oporteret,

2782 3595 2964 3686 quod
3002 3618 3121 3664 cor
3157 3597 3226 3664 in
3258 3600 3479 3688 prima
3505 3601 3848 3667 creatione
3888 3602 4172 3692 quidem
4202 3604 4339 3694 pri-

2779 3727 2894 3773 mo
2925 3712 3098 3773 esset
3127 3705 3494 3796 perfectum
3538 3708 3606 3775 in
3638 3732 3764 3777 suo
3803 3732 3953 3778 esse
3998 3720 4069 3779 et
4110 3711 4331 3781 forma

2777 3834 2860 3879 ex
2889 3811 3119 3904 aliqua
3154 3811 3533 3881 substantia
3562 3838 3715 3907 quae
3748 3837 3886 3883 non
3916 3816 4212 3884 mittitur
4242 3817 4329 3885 ah

2776 3913 3043 4006 hepate,
3074 3925 3143 3985 et
3170 3927 3401 4007 postea
3445 3920 3692 3986 missus
3721 3919 3956 3987 fuisset
3998 3920 4059 3987 ei
4102 3943 4332 3989 ramus

2774 4046 2965 4092 vente
2994 4047 3144 4116 quae
3172 4026 3360 4093 venit
3386 4050 3424 4092 a
3456 4025 3663 4115 gibbo
3695 4025 3984 4117 hepatis,
4020 4035 4090 4094 et
4119 4049 4333 4117 pene-

2775 4138 2980 4199 traret
3032 4132 3367 4201 violenter
3430 4156 3553 4222 per
3614 4132 4068 4201 substantiam
4125 4134 4275 4222 eJ'us
4305 4156 4323 4203 ε

2772 4251 2839 4312 et
2866 4240 2995 4311 hoc
3033 4252 3262 4334 posset
3292 4243 3535 4318 faeere,
3570 4243 3728 4333 quia
3763 4245 3830 4311 in
3863 4243 3980 4310 illa
4008 4246 4331 4312 extremi-

2769 4357 2905 4418 tate
2961 4359 3061 4418 est
3106 4351 3318 4418 durus
3382 4375 3516 4441 qua
3568 4354 3843 4441 attingit
3907 4352 4135 4442 ipsum
4196 4373 4214 4421 :
4259 4359 4327 4421 et

2768 4456 2898 4527 hoc
2926 4469 3026 4528 est
3063 4459 3260 4526 valde
3292 4459 3730 4527 ridiculosum
3760 4459 3943 4550 apud
3966 4456 4323 4528 hominem

2763 4568 3087 4634 scientem
3128 4565 3486 4634 naturalia.

2855 4672 3139 4763 Propter
3176 4672 3360 4763 quod
3390 4672 3607 4740 multo
3648 4671 3899 4741 melius
3925 4680 3995 4741 et
4024 4672 4323 4741 rationa-

2764 4777 2967 4846 bilius
3005 4778 3251 4846 dicitur
3305 4802 3460 4847 cum
3495 4780 3823 4869 magistro
3855 4780 4108 4871 primo,
4134 4779 4320 4870 quod

2762 4888 2888 4956 ista
2924 4909 3097 4955 vena
3135 4889 3354 4956 oritur
3388 4911 3429 4955 a
3485 4888 3712 4967 eorde,
3774 4898 3838 4956 et
3896 4888 4117 4955 virtus
4175 4886 4322 4955 for-

2761 4994 3011 5062 mativa
3040 4993 3370 5062 faciteam
3402 4993 3641 5062 duram
3666 4996 3867 5082 juxta
3895 5015 4039 5070 cor,
4081 5000 4159 5061 ut
4186 4992 4321 5060 du·-

2758 5104 2909 5171 ritia
2961 5103 3264 5171 foramen
3319 5113 3385 5171 et
3461 5103 3919 5172 ventriculum
3995 5102 4318 5172 retineret

2756 5219 3062 5299 apertum
3134 5211 3248 5301 qui
3289 5218 3386 5278 est
3461 5234 3699 5280 versus
3755 5208 3990 5302 hepar.
4055 5206 4134 5277 In
4177 5208 4311 5278 alia

2756 5326 2982 5385 autem
3013 5320 3441 5387 extremitate
3469 5319 3623 5386 iecit
3651 5317 3965 5386 eamdem
3995 5316 4307 5400 mollem,

2756 5429 2831 5491 ut
2860 5425 3076 5513 magis
3117 5425 3208 5492 ibi
3248 5425 3551 5493 obediret
3581 5425 3903 5493 divisioni
3932 5430 4000 5492 et
4045 5423 4312 5491 ramili—

2752 5532 3025 5602 cationi.
3065 5533 3352 5626 Propter
3378 5557 3588 5624 quam
3621 5536 3824 5602 etiam
3855 5555 4136 5603 causam
4173 5532 4307 5601 dici

2750 5648 2998 5730 potest.
3040 5641 3227 5732 quod
3275 5663 3524 5709 nervus
3562 5640 3778 5710 factus
3819 5649 3924 5711 est
3969 5639 4186 5709 durus
4222 5660 4310 5708 ex

1078 5742 1146 5802 et
1184 5733 1521 5822 quosdam
1574 5745 1841 5806 tantum
1895 5741 1982 5808 ad
2019 5762 2139 5808 cor
2188 5744 2468 5811 venire:
2505 5742 2634 5813 hoc
2749 5755 2937 5837 parte
2968 5748 3213 5826 cordis,
3255 5756 3324 5817 et
3370 5747 3597 5816 mollis
3641 5771 3727 5818 ex
3773 5757 3963 5840 parto
4009 5743 4298 5855 cerebri.
