4919 6371
1963 459 2130 524 ΜΒ.
2183 455 2245 521 V
2295 454 2410 520 DE
2457 454 3051 533 ANIMALIBUS,
3103 453 3414 523 TRACT.
3469 453 3531 519 11

1111 639 1183 700 tu
1214 640 1543 723 generant
1574 637 1640 696 et
1669 634 2103 718 generantur,
2150 627 2216 692 in
2242 628 2480 715 majori
2513 650 2664 718 par-

1110 745 1177 802 te
1226 743 1382 802 sunt
1431 733 1911 800 convenientes
1970 731 2036 797 in
2086 731 2383 821 qualibet
2440 733 2661 824 specie

1113 865 1250 908 una
1280 841 1598 907 omnibus
1629 838 1995 906 individuis
2041 863 2055 906 :
2100 847 2165 906 et
2212 841 2268 907 si
2315 842 2664 930 contingat

1117 949 1264 1015 fieri
1303 947 1752 1014 variationem
1785 948 1855 1013 in
1903 970 2004 1024 ea,
2067 948 2191 1015 erit
2256 972 2405 1015 raro
2465 956 2530 1014 et
2592 948 2662 1011 in

1112 1054 1370 1143 paucis,
1424 1053 1541 1120 Est
1596 1056 1777 1121 enim
1811 1056 2121 1122 omnium
2152 1052 2659 1120 individuorum

1112 1170 1382 1251 tempus
1412 1163 1929 1252 spermatizandi
1996 1186 2234 1241 unum,
2299 1162 2424 1228 nisi
2494 1182 2664 1227 con-

1113 1272 1332 1358 tingat
1370 1271 1439 1337 in
1469 1273 1701 1360 paucis
1731 1294 1852 1361 per
1881 1269 2307 1337 occasionem
2350 1266 2665 1357 aliquan-

1120 1376 1206 1445 do
1238 1378 1613 1469 transgredi
1643 1379 1751 1445 vel
1774 1379 1941 1444 citra
1972 1398 2342 1443 remanere.
2381 1376 2665 1466 Propter

1120 1483 1513 1573 hujusmodi
1588 1484 1767 1550 enim
1839 1483 2229 1550 occasiones
2294 1482 2661 1573 aliquando

1118 1588 1432 1655 accidunt
1460 1586 1797 1655 mirabilia
1827 1596 1892 1654 et
1939 1587 2249 1679 prodigia
2289 1597 2428 1655 tam
2487 1591 2663 1655 circa

1118 1704 1385 1786 partum
1464 1718 1668 1785 quam
1736 1697 1912 1764 circa
1976 1705 2310 1786 parenteS,
2390 1703 2666 1786 propter

1118 1805 1588 1872 necessitatem
1639 1812 1895 1873 naturae
1944 1814 2185 1895 praetcr
2230 1805 2448 1894 legem
2472 1826 2666 1870 eom-

1122 1937 1400 1982 munem
1423 1915 1948 1982 occasionalem.

1214 2021 1632 2089 Generaliter
1669 2029 1896 2089 autem
1957 2022 2022 2087 in
2080 2019 2396 2086 omnibus
2455 2021 2667 2085 mari-

1121 2128 1247 2195 bus
1277 2138 1381 2196 est
1405 2152 1669 2206 verum,
1694 2127 1877 2219 quod
1908 2151 2172 2217 sperma
2206 2134 2362 2194 tunc
2383 2126 2666 2194 descen-

1119 2234 1276 2303 dere
1298 2245 1363 2303 et
1383 2235 1705 2303 distillare
1726 2234 1810 2301 ad
1832 2235 2087 2302 exitum
2114 2234 2369 2323 incipit,
2390 2232 2661 2323 quando

1115 2365 1252 2408 vox
1291 2351 1391 2409 est
1435 2345 1502 2409 in
1562 2343 1961 2410 mutatione.
2019 2341 2237 2409 Omne
2287 2341 2468 2408 enim
2508 2343 2663 2407 ani-

1115 2449 1250 2515 mal
1272 2457 1489 2517 mutat
1516 2472 1756 2517 vocem
1786 2458 1853 2517 et
1876 2449 2284 2540 grossiorem
2307 2456 2367 2514 ct
2392 2448 2661 2514 acutio-

1112 2578 1267 2622 nem
1301 2556 1588 2648 acquirit
1628 2557 1697 2624 in
1746 2564 1925 2623 statu
1965 2554 2392 2630 maturitatis,
2449 2577 2657 2644 qnam

1110 2665 1344 2734 babuit
1389 2668 1456 2733 in
1523 2668 1718 2734 annis
1781 2666 2080 2733 infantia*
2139 2672 2204 2732 et
2251 2665 2650 2755 juventutis

1200 2775 1318 2844 Est
1384 2785 1611 2842 autem
1669 2783 1737 2844 et
1802 2775 1987 2843 aliud
2050 2774 2655 2866 spermatizationis

1109 2885 1408 2972 signum,
1485 2884 1770 2949 mutatio
1855 2882 2165 2950 videlicet
2242 2884 2658 2948 instrumen-

1108 3000 1334 3058 torum
1415 2990 1557 3057 sive
1633 3013 2048 3080 organorum
2134 2992 2374 3066 coitus,
2480 2993 2650 3057 sicut

1108 3098 1291 3191 quod
1332 3098 1544 3189 pilosa
1584 3098 1969 3165 efficiuntur
1998 3099 2302 3188 inguina,
2336 3107 2399 3164 et
2455 3120 2656 3184 grzin-

1107 3209 1894 3282 descuntinstrumenta.
1957 3218 2019 3276 et
2080 3206 2263 3298 quod
2319 3206 2650 3274 desiderio

1105 3319 1324 3384 coitus
1356 3319 1725 3385 incitantur
1758 3338 1772 3383 :
1810 3317 1906 3383 sic
1943 3316 2123 3382 enim
2178 3324 2528 3382 mutantur
2582 3316 2651 3381 in

1104 3428 1318 3516 ligura
1350 3425 1553 3491 etiam
1586 3423 1960 3491 secundum
1981 3423 2401 3514 adspectum.
2438 3423 2653 3489 Simi-

1101 3533 1255 3600 liter
1281 3541 1508 3601 autem
1543 3532 1611 3599 in
1640 3530 1940 3598 fnnninis
1961 3540 2331 3598 tumescere
2359 3538 2424 3597 et
2453 3530 2651 3597 subi-

1099 3643 1165 3726 gi
1210 3641 1537 3731 incipiunt
1580 3638 1905 3706 mamilla·
1954 3645 2015 3704 et
2076 3638 2189 3728 pili
2260 3638 2327 3704 in
2385 3639 2649 3728 pectine

1103 3745 1561 3837 multiplicari.
1600 3745 1680 3812 Et
1722 3747 1790 3812 in
1840 3742 2121 3812 homine
2179 3743 2449 3835 quidem
2499 3747 2651 3811 exi-

1096 3862 1208 3921 tus
1245 3862 1348 3920 est
1385 3862 1452 3920 et
1479 3852 1843 3919 descensus
1872 3850 2228 3941 spermatis
2267 3859 2418 3941 post
2453 3875 2650 3918 com-

1101 3962 1467 4052 pletionem
1525 3960 1818 4027 duorum
1903 3958 2437 4048 septenniorum,
2530 3957 2645 4024 sed

1098 4094 1369 4160 sperma
1443 4068 1664 4137 adbuc
1729 4076 1828 4133 est
1916 4066 2257 4134 modicum
2325 4077 2387 4134 et
2446 4076 2646 4133 tenne

1096 4199 1432 4269 aquosum
1476 4198 1492 4244 ε
1528 4177 1941 4246 conveniens
1968 4184 2195 4242 autem
2241 4185 2337 4243 est
2395 4184 2457 4242 et
2521 4175 2651 4244 bo-

1092 4309 1258 4353 umn
1308 4286 1379 4353 iu
1423 4285 1602 4353 tertii
1641 4284 2047 4375 septennarii
2098 4283 2641 4374 complemento:

1093 4403 1256 4461 tunc
1284 4394 1466 4460 enim
1500 4400 1572 4460 ut
1602 4390 2021 4483 frequentius
2050 4397 2181 4456 stat
2200 4399 2314 4457 aut
2348 4389 2484 4457 fere
2513 4398 2643 4458 stat

1094 4500 1539 4590 longitudinis
1577 4499 1931 4575 diameter,
1980 4505 2042 4565 et
2091 4520 2337 4587 corpus
2413 4498 2647 4586 incipit

1095 4608 1441 4699 inspissari
1470 4606 1844 4674 secundum
1874 4606 2242 4673 diametros
2274 4602 2645 4672 latitudinis

1097 4727 1161 4785 et
1200 4715 1678 4809 profunditatis
1715 4738 1730 4782 ε
1764 4722 1829 4780 et
1861 4712 2011 4781 ideo
2040 4713 2241 4780 ctiam
2276 4721 2434 4780 tunc
2465 4736 2646 4803 sper-

1099 4849 1209 4894 ma
1248 4824 1532 4917 spissius
1559 4831 1625 4889 et
1681 4819 2146 4912 glandulosius
2201 4819 2509 4896 eflicitur,
2578 4830 2643 4888 et

1097 4957 1261 5001 suus
1289 4932 1477 5001 calor
1511 4929 1799 4997 eflicitur
1830 4927 2112 4996 calidior
2164 4927 2503 5017 superflua
2574 4928 2641 4995 in

1096 5043 1246 5133 ipso
1284 5041 1618 5109 exsiccata
1648 5036 2056 5105 humiditate
2089 5058 2104 5102 ε
2158 5045 2432 5126 propter
2459 5038 2640 5128 quod

1094 5145 1613 5216 convenientius
1658 5150 1757 5209 est
1815 5141 1901 5210 ad
1965 5139 2452 5232 generandum.
2525 5141 2640 5209 list

1091 5264 1319 5323 autem
1391 5260 1456 5318 et
1520 5249 1652 5318 hoc
1697 5251 1876 5317 circa
1933 5249 2376 5339 quantitatem
2443 5248 2640 5337 spatii

1089 5372 1157 5431 et
1194 5383 1391 5428 arcus
1420 5380 1625 5448 super
1650 5378 1852 5446 quem
1884 5355 2272 5441 conjunctio
2312 5355 2384 5421 lit
2416 5353 2645 5422 minor

1087 5468 1279 5536 Jovis
1326 5473 1390 5532 et
1423 5464 1696 5532 Saturni
1740 5462 1823 5529 de
1871 5483 2051 5529 novo
2116 5461 2313 5551 signo
2380 5462 2447 5529 in
2511 5485 2644 5529 no-

1095 5574 1588 5663 vumsignmn,
1623 5594 1776 5662 qua·
1833 5568 2222 5658 conjunctio
2279 5569 2642 5637 individuis

1099 5679 1436 5771 signifieat
1476 5676 1955 5753 mutationem,
1986 5674 2162 5741 sicut
2188 5674 2536 5765 tetigimus
2573 5675 2642 5742 in

1097 5790 1274 5859 libro
1312 5788 1396 5857 de
1471 5784 1714 5854 causis
1755 5784 2257 5875 proprietatum
2287 5784 2646 5853 elemento·

4213 455 4339 521 313

2777 649 2932 692 rum
2965 636 3029 692 et
3056 624 3537 716 planam-um.
3587 623 3725 691 Sed
3792 647 3998 693 causa
4047 626 4338 716 perfecta

2775 743 2842 802 et
2873 734 3044 800 ratio
3075 732 3157 799 de
3199 730 3330 798 hoc
3361 731 3666 798 redditur
3696 733 3767 798 in
3798 735 4079 801 scientia
4112 746 4340 808 asim-‚-

2776 863 2957 917 rmn,
2993 847 3059 905 et
3088 846 3251 905 tunc
3282 837 3350 901 in
3382 837 3643 902 somnis
3690 837 4107 926 pollutiones
4165 843 4343 909 inci-

2775 948 2973 1033 piunt
3000 942 3463 1032 multiplicari,
3508 965 3660 1032 quae
3697 966 3835 1010 non
3880 955 4211 1034 apparent
4269 951 4342 1014 in

2775 1050 2923 1116 aliis
2954 1048 3306 1139 speciebus
3337 1049 3768 1130 animalium,
3819 1074 3899 1118 eo
3958 1052 4141 1141 quod
4202 1076 4341 1121 non

2776 1156 3124 1223 abundant
3155 1165 3421 1223 tantum
3454 1158 3524 1223 in
3565 1166 3928 1247 spermate,
3971 1168 4120 1227 tum
4187 1184 4343 1251 pro-

2777 1273 2924 1354 pter
2952 1264 3084 1332 cibi
3133 1264 3497 1344 defectum,
3572 1275 3717 1332 tum
3787 1268 3995 1333 etiam
4062 1278 4341 1359 propter

2776 1374 3273 1463 complexionis
3378 1373 3700 1441 duritiam
3778 1383 3845 1441 et
3936 1374 4332 1456 siccitatem,

2777 1489 2920 1548 tum
2964 1482 3169 1548 etiam
3204 1480 3354 1548 idco
3386 1482 3546 1572 quia
3601 1482 3986 1549 substantia
4042 1507 4342 1573 sperma-

2774 1591 2860 1655 tis
2917 1590 3160 1655 transit
3216 1591 3284 1656 in
3360 1590 3666 1679 ipsorum
3724 1589 4167 1679 pilositatem,
4228 1590 4337 1658 vel

2778 1698 3306 1786 pennositatem,
3382 1696 3492 1763 vel
3569 1699 4157 1787 squamositatem,
4221 1708 4340 1767 aut

2777 1804 2844 1869 in
2888 1812 3122 1872 testas.
3181 1805 3254 1871 ln
3323 1805 3734 1896 quibusdam
3792 1808 3975 1872 enim
4037 1806 4331 1874 aliorum

2776 1913 3178 1980 animalium
3210 1915 3295 1981 ab
3334 1913 3616 1982 homine
3656 1915 3825 1982 nulli
3860 1918 4146 1984 omnino
4179 1925 4338 1984 sunt

2775 2021 2918 2110 pili,
2981 2024 3156 2088 sicut
3213 2030 3276 2088 et
3335 2022 3403 2088 in
3474 2020 3872 2089 hominibus
3923 2023 4332 2113 quibusdam

2775 2128 2889 2216 pili
2924 2126 3094 2195 nulli
3136 2137 3292 2196 sunt
3333 2128 3644 2207 omnin0,
3698 2129 3814 2218 qui
3873 2128 4100 2220 frigidi
4177 2137 4337 2196 sunt

2774 2241 2839 2301 et
2870 2233 3255 2302 clausuram
3289 2236 3642 2325 patiuntur
3689 2235 3759 2302 in
3790 2235 4002 2325 poriS‚
4039 2259 4163 2303 nec
4184 2259 4340 2303 eva-

2773 2351 2969 2431 porat
3008 2341 3371 2410 humidnm
3401 2366 3641 2411 eorum
3684 2344 3751 2410 in
3799 2343 3998 2433 pilos.
4055 2345 4132 2412 ln
4191 2347 4339 2435 qui-

2774 2451 3060 2519 busdam
3095 2460 3324 2521 autem
3358 2453 3773 2520 animalibus
3819 2461 3887 2521 et
3934 2452 4334 2521 bominibus

2770 2569 2927 2628 sunt
2967 2560 3243 2651 quidem
3279 2562 3345 2626 in
3391 2561 3712 2628 anteriori
3773 2562 4079 2651 corporis
4133 2563 4331 2650 pauci

2768 2677 2828 2736 et
2866 2670 2992 2736 rari
3036 2670 3208 2736 sicut
3252 2669 3317 2735 in
3353 2669 3635 2759 inguine
3671 2691 3686 2734 ε
3724 2668 3841 2735 sed
3875 2670 3944 2735 in
3991 2669 4336 2759 posterio-

2769 2777 2818 2842 ri
2861 2785 3018 2843 sunt
3075 2784 3190 2844 aut
3267 2775 3462 2854 nulli,
3524 2784 3639 2843 aut
3702 2775 3957 2843 debiles
4017 2776 4328 2854 omnino,

2765 2882 3091 2973 quoniam
3137 2884 3204 2949 in
3245 2883 3567 2950 anteriori
3617 2884 3745 2950 erit
3805 2883 4028 2950 exitus
4086 2891 4151 2949 et
4209 2881 4332 2949 de-

2762 3014 3042 3058 scensus
3108 2991 3549 3059 humidarum
3626 2991 4201 3082 superfluitatum,
4265 2998 4331 3057 et

2765 3099 2916 3165 ideo
2957 3099 3291 3191 ibialiqni
3347 3101 3463 3191 pili
3535 3108 3932 3179 nascuntur,
4002 3100 4120 3167 sed
4188 3123 4326 3167 non

2760 3208 3123 3297 posterius,
3166 3217 3226 3273 et
3262 3217 3422 3275 sunt
3461 3208 3720 3299 frigidi,
3774 3231 4070 3301 quorum
4147 3232 4332 3299 sper-

2761 3336 2871 3379 ma
2938 3312 3406 3381 infoecundum
3490 3323 3594 3382 est
3621 3314 3703 3380 ad
3782 3314 4319 3404 generationem.

2762 3420 2911 3487 Vox
2944 3421 3151 3488 etiam
3195 3430 3499 3489 mutatur
3529 3422 3597 3488 in
3640 3429 3948 3511 tempore
4009 3422 4326 3512 puberta-

2760 3532 2844 3593 tis
2879 3529 2945 3594 in
2985 3528 3397 3618 quibusdam
3438 3527 3855 3596 animalibus
3886 3536 3952 3597 et
4019 3526 4326 3597 homini-

2759 3636 2909 3709 bus.
2944 3643 3008 3701 et
3041 3637 3218 3703 litut
3275 3635 3665 3726 frequenter
3733 3644 3799 3704 et
3857 3636 3926 3702 in
4001 3634 4318 3727 pluribus

2757 3744 3075 3810 sonorior
3137 3749 3203 3809 et
3275 3743 3578 3831 grossior
3640 3750 3919 3834 propter
3971 3742 4322 3833 pulmonis

2756 3849 3327 3917 confortationem
3359 3858 3423 3917 et
3465 3851 3994 3918 exsiccationem
4016 3859 4085 3918 et
4115 3850 4322 3917 indu-

2758 3959 3089 4026 rationem
3142 3956 3434 4027 tracbea·
3502 3960 3769 4029 arteria·
3817 3982 3832 4026 ε
3887 3968 3955 4027 et
4030 3957 4161 4026 hoc
4218 3970 4323 4026 est

2753 4065 3029 4155 signum
3061 4065 3246 4155 quod
3270 4065 3477 4133 etiam
3508 4073 3672 4132 tunc
3692 4064 3919 4133 calore
3947 4064 4321 4132 terminan-

2756 4181 2819 4240 te
2849 4172 3212 4240 humidum
3244 4175 3321 4240 lit
3349 4182 3581 4240 motus
3638 4172 3724 4240 ad
3780 4171 4126 4240 luxuriam
4163 4193 4180 4239 z
4251 4176 4320 4240 et

2752 4279 2884 4349 boe
2932 4281 3000 4348 in
3059 4279 3295 4349 multis
3358 4279 3776 4349 animalibus
3843 4278 4318 4349 manifestatur

2752 4412 2875 4479 per
2938 4390 3390 4456 mutationem
3465 4388 3933 4479 dispositionis
3989 4410 4318 4478 quorum-

2751 4496 2908 4564 dam
2959 4495 3428 4564 membrorum
3498 4497 3802 4586 ipsorum
3878 4494 4312 4587 genitalium,

2752 4603 3062 4673 videlicet
3092 4604 3265 4671 sicut
3303 4601 3605 4671 diximus
3644 4603 3983 4695 superius.
4033 4603 4116 4671 Et
4173 4601 4318 4672 lia-c

2750 4721 2907 4780 sunt
2946 4712 3143 4803 signa
3202 4710 3732 4789 manifestantia,
3796 4710 3980 4805 quod
4047 4734 4318 4803 sperma

2749 4830 2911 4888 tunc
2939 4828 3036 4888 cst
3079 4818 3496 4886 conveniens
3543 4820 3992 4911 generationi.

2839 4925 2994 4993 Vox
3036 4934 3264 4993 autem
3304 4924 3741 4995 itt-minarum
3789 4925 4054 4993 acutior
4099 4932 4201 4991 est
4250 4931 4318 4991 et

2751 5033 3031 5103 mollior
3049 5041 3115 5101 et
3133 5032 3426 5101 debilior
3444 5033 3731 5101 vocibus
3754 5031 4217 5101 masculorum
4241 5040 4314 5099 ut

2748 5143 2817 5209 in
2858 5139 3169 5233 pluribus
3204 5141 3512 5209 :acutior
3539 5140 3815 5230 quidem
3857 5147 4138 5230 propter
4172 5139 4319 5206 via-

2750 5260 2898 5317 rum
2931 5248 3319 5316 stricturam
3352 5270 3561 5338 qnam
3612 5255 3938 5338 operatur
3972 5246 4319 5315 constrin-

2745 5378 2915 5446 gens
2984 5352 3554 5444 complexionalis
3617 5353 3977 5445 frigiditas,
4039 5353 4320 5423 mollior

2747 5473 2975 5532 autem
3029 5469 3303 5553 propter
3357 5460 3969 5531 instrumentorum
4017 5460 4317 5529 humidi-

2746 5581 2983 5651 tatem,
3034 5580 3097 5639 et
3130 5569 3420 5637 debilior
3448 5578 3551 5638 est
3606 5580 3883 5663 propter
3938 5571 4113 5640 fellis
4171 5573 4315 5638 sive

2746 5678 3096 5771 pulmonis
3164 5676 3584 5745 debilitatem
3659 5688 3728 5748 et
3794 5677 4310 5747 resolutionem.

2708 5873 2723 5887 ·
2749 5786 3038 5876 Propter
3074 5782 3347 5851 easdem
3376 5794 3606 5854 autem
3654 5808 3897 5855 causas
3944 5783 4210 5852 acutior
4248 5791 4317 5851 et
