4919 6371
1209 1115 1742 1349 DE
1949 1131 4273 1344 ANIMALIBUS

1722 1654 2470 1808 LIBER
2625 1649 3795 1806 OCTAVUS.

1955 2092 2124 2188 DE
2187 2087 2748 2185 MORIBUS
2818 2084 3566 2182 ANIMALIUM.

2044 2826 3245 2958 TRACTATIJS
3402 2827 3461 2930 Ι

1155 3240 1297 3332 De
1335 3241 1770 3335 moribus
1807 3240 2411 3334 animalium
2454 3236 2994 3332 secundum
3034 3267 3274 3361 quos
3300 3244 3747 3360 puqnanl
3779 3229 4376 3324 adinvicem.

2824 4066 3018 4143 lium,
3070 4064 3154 4133 de
3203 4060 3514 4131 moribus
3562 4059 3867 4149 ipsorum
3915 4053 4187 4120 videtur
4226 4074 4372 4118 esse

2822 4172 3213 4242 dicendum.
3262 4168 3488 4237 Mores
3533 4167 3716 4234 enim
3757 4186 3995 4231 eorum
4052 4159 4207 4229 licet
4236 4159 4376 4227 mi-

2824 4305 2953 4349 nus
2980 4280 3117 4349 sint
3149 4273 3552 4345 reducibiles
3571 4272 3654 4340 ad
3685 4293 3957 4339 causam
3992 4266 4373 4336 naturalem

1957 4483 1974 4500 ‚
2823 4413 3030 4482 quam
3063 4387 3454 4456 mansiones
3477 4390 3542 4450 et
3582 4378 3924 4471 profectus
3962 4386 4028 4444 et
4061 4375 4235 4455 luca,
4269 4382 4379 4442 ta-

1734 4483 2033 4552 cAt’tT
2073 4483 2125 4551 1.
2823 4520 2981 4565 men
3039 4516 3180 4563 non
3237 4490 3493 4560 habent
3549 4486 3998 4578 principium,
4059 4482 4186 4549 nisi
4259 4504 4378 4572 per

2824 4602 3107 4672 modum
3140 4607 3402 4668 naturoe
3446 4618 3462 4664 ε
3500 4601 3777 4686 propter
3803 4588 4220 4682 quodetiam
4248 4588 4378 4654 Jo-

2820 4734 3034 4780 annes
3063 4709 3527 4777 Damascenus
3554 4700 3770 4769 dicit«
3803 4695 4127 4766 animalia
4157 4693 4376 4785 magis

1446 4917 1461 4932 ο
2820 4819 2929 4909 agi
2961 4841 2998 4886 a
3041 4825 3286 4885 natura
3323 4835 3530 4905 quam
3563 4808 3832 4900 agentia
3873 4802 4130 4894 aliquid
4179 4824 4262 4871 ex
4288 4800 4376 4867 li-

1159 4919 1254 4984 Dc·
1316 4916 1780 4985 acetdenlibtts
1816 4921 2069 4987 animae
2123 4921 2544 4991 animalium
2604 4948 2714 4991 se-
2818 4928 3076 4996 bertate
3105 4924 3380 4998 animae,
3414 4926 3532 4988 aut
3563 4912 4076 5004 imaginatione,
4120 4917 4237 4976 aut
4266 4931 4377 4976 co·

1239 5023 1542 5091 cundum
1599 5049 1753 5115 qua·
1794 5028 2319 5119 pre’eece'pianlm·
2372 5054 2592 5099 mores
2647 5043 2711 5100 et
2817 5036 3035 5127 gitntu
3080 5055 3095 5100 :
3136 5030 3388 5119 »cujus
3425 5028 3699 5117 signum
3730 5029 3855 5094 est,
3899 5017 4085 5110 quod
4116 5039 4194 5084 ca
4224 5037 4375 5107 quoe

1238 5156 1498 5225 puymt·
1529 5135 1863 5225 ipsorum.
2820 5150 2981 5210 sunt
2998 5141 3206 5208 unius
3224 5135 3499 5229 speciei,
3524 5138 3641 5199 aut
3670 5124 3927 5195 similes
3955 5122 4208 5192 habent
4230 5145 4377 5189 mo·

2823 5275 2953 5331 res,
2987 5258 3107 5319 aut
3138 5268 3382 5342 parum
3419 5241 3617 5311 valde
3649 5236 4062 5306 differentes.
4106 5232 4185 5299 ln
4218 5255 4377 5299 nio-

2824 5358 3011 5428 ribus
3039 5379 3206 5450 ergo
3233 5350 3608 5424 secundum
3639 5344 4097 5413 diversitatem
4118 5340 4381 5431 specie-

2825 5490 2977 5536 rum
3006 5461 3438 5536 animalium,
3463 5452 3782 5524 animalia
3806 5449 4004 5518 valde
4036 5445 4379 5516 diversifi-

2822 5583 3098 5645 cantur:
3132 5569 3255 5640 sed
3285 5568 3512 5636 minus
3549 5558 4029 5652 cognoscimus
4059 5563 4375 5624 naturam

1250 5675 1516 5746 nubitis
1546 5677 1656 5747 his
1695 5703 1851 5771 quae
1883 5679 1973 5749 ad
2018 5678 2169 5750 loca
2210 5689 2281 5750 et
2326 5681 2717 5751 mansiones
2825 5705 2977 5774 quoe
3024 5688 3126 5749 est
3174 5674 3584 5770 principium
3639 5688 3923 5760 operum
3971 5660 4373 5733 animalium

1160 5794 1227 5855 et
1255 5787 1599 5878 profectus
1628 5797 1699 5858 et
1725 5789 2028 5859 defectus
2073 5792 2418 5882 pertinent.
2462 5793 2720 5859 anima·
2824 5797 3199 5880 parvorum
3221 5804 3429 5875 quam
3465 5793 3917 5868 magnorum:
3954 5790 4162 5862 parva
4190 5765 4374 5834 enim
