4919 6371
1918 423 2087 490 LIB.
2140 420 2235 486 IV
2285 418 2399 485 DE
2448 415 3031 508 ANIMALIBUS‚
3082 425 3392 530 TllACT.
3447 426 3501 492 ll

1065 594 1667 668 marimanam-ion,
1704 598 1771 656 et
1815 589 2235 677 hujusmodi.
2288 588 2442 656 Vox
2482 590 2615 678 igi-

1064 713 1174 771 tur
1212 725 1352 769 non
1392 701 1518 767 erit
1547 720 1757 765 sonus
1790 698 1921 765 nisi
1962 698 2078 765 fiat
2115 721 2237 788 per
2274 697 2617 787 epiglotti-

1063 812 1217 878 dem
1255 834 1268 876 :
1315 820 1376 875 et
1410 808 1560 875 ideo
1604 830 1809 875 omne
1849 830 2085 875 carens
2116 808 2465 898 pulmone,
2501 827 2618 871 ca-

1065 925 1165 984 ret
1202 937 1394 984 voce.
1432 914 1515 980 Et
1537 913 1729 1004 loqui
1761 916 2038 1005 quidem
2069 923 2169 984 est
2201 914 2615 1000 distinguere

1062 1032 1129 1092 et
1145 1023 1439 1089 formare
1460 1020 1867 1090 articulatim
1891 1032 1957 1090 et
1973 1022 2324 1090 litteratim
2349 1038 2583 1085 vocem
2598 1066 2611 1090 ,

1064 1154 1212 1221 quae
1259 1129 1600 1198 distinctio
1642 1133 1980 1221 praecipue
2029 1130 2104 1197 fit
2132 1152 2253 1219 per
2280 1126 2609 1215 linguam.

1061 1237 1325 1328 Lingua
1354 1261 1519 1307 vero
1559 1262 1711 1330 quae
1767 1246 2053 1305 vocatur
2100 1235 2433 1324 scriptura
2476 1231 2619 1298 for-

1063 1369 1258 1414 mans
1288 1370 1491 1415 voces
1531 1347 1859 1414 litteratas
1917 1353 1984 1412 et
2039 1344 2419 1411 litterarum
2478 1340 2619 1408 ele-

1063 1462 1314 1530 menta,
1358 1475 1597 1521 eorum
1630 1451 2035 1518 animalium
2065 1472 2217 1541 quae
2255 1447 2516 1516 vocalia
2533 1447 2619 1514 si-

1062 1583 1145 1628 ve
1174 1549 1491 1628 vocantia
1555 1568 1735 1636 sunt,
1796 1567 1898 1627 est
1944 1582 2065 1649 per
2120 1555 2609 1648 epiglottidem.

1065 1668 1115 1735 1³
1118 1669 1409 1736 ormatio
1428 1676 1659 1736 tamen
1682 1666 2185 1736 elementorum
2212 1666 2448 1732 litterae
2470 1663 2619 1731 abs-

1063 1798 1193 1867 que
1249 1776 1795 1843 consideratione
1860 1775 2050 1842 vocis
2148 1774 2216 1840 in
2274 1795 2404 1862 qua
2476 1769 2619 1836 for-

1063 1892 1337 1950 mantur
1383 1882 1747 1961 elementa,
1808 1891 1911 1950 est
1975 1905 2096 1972 per
2145 1880 2454 1971 linguam
2500 1901 2618 1945 so-

1064 1990 1199 2058 lam
1232 1990 1490 2081 absque
1530 1999 1725 2057 motu
1782 1987 2221 2079 epiglottidis.
2267 1985 2619 2054 Generali-

1062 2108 1165 2167 ter
1192 2108 1419 2167 autem
1451 2099 1935 2190 quodcumque
1964 2097 2216 2164 animal
2247 2119 2385 2163 non
2413 2093 2616 2161 habet

1062 2207 1371 2296 linguam
1437 2205 1762 2283 solutam,
1833 2204 1951 2272 sed
1981 2203 2439 2272 adhaerentem
2507 2224 2616 2268 se-

1064 2315 1365 2382 cundum
1407 2322 1620 2381 totam
1677 2312 2179 2405 longitudinem
2213 2320 2279 2380 et
2336 2311 2613 2401 ligatam

1062 2420 1150 2487 ad
1205 2418 1595 2488 inferiorem
1650 2429 1915 2510 partem
1975 2420 2138 2498 oria,
2189 2424 2373 2486 caret
2410 2418 2613 2485 etiam

1057 2552 1228 2598 voce
1259 2531 1571 2598 omnino.

1146 2636 1483 2726 Strepitus
1515 2644 1740 2703 autem
1785 2659 1990 2726 quem
2049 2633 2415 2727 aliquando
2462 2634 2614 2701 facit

1064 2743 1456 2832 hujusmodi
1507 2745 1789 2824 animal,
1832 2753 1934 2813 est
1979 2746 2046 2812 in
2105 2742 2407 2814 interiori
2465 2767 2612 2811 cor·

1051 2853 1233 2942 poris
1271 2853 1375 2919 sui
1407 2853 1651 2943 spiritu
1684 2852 2071 2921 offendente
2104 2852 2190 2919 ad
2241 2850 2617 2941 diaphrag-

1056 2983 1192 3031 ma.
1237 2968 1300 3027 et
1335 2984 1473 3029 non
1514 2972 1616 3029 est
1645 2984 1767 3051 per
1795 2961 2110 3051 spiritum
2141 2969 2502 3028 exeuntem
2533 2981 2616 3025 ex

1063 3068 1210 3157 ipso
1250 3092 1371 3159 per
1397 3069 1744 3137 tracheam
1781 3091 1796 3136 ε
1834 3069 1991 3160 quin
2024 3067 2155 3137 tale
2186 3067 2438 3136 animal
2479 3092 2615 3135 non

1064 3177 1364 3255 anhelat,
1402 3179 1576 3248 sicut
1605 3180 1776 3270 apia,
1821 3187 1889 3247 et
1915 3178 2042 3246 sibi
2084 3177 2335 3246 similia
2362 3177 2619 3246 anima-

1066 3282 1178 3351 lia.
1236 3283 1494 3352 Tamen
1548 3286 1628 3353 de
1687 3308 1977 3353 numero
2027 3285 2265 3354 talium
2306 3284 2615 3375 quaedam

1062 3400 1222 3459 sunt
1260 3392 1492 3458 dulces
1523 3415 1731 3460 sonos
1770 3392 2116 3469 babentia,
2150 3393 2265 3482 qui
2300 3393 2447 3459 soni
2491 3391 2619 3457 ali-

1063 3497 1338 3589 quando
1368 3520 1572 3565 voces
1603 3498 1948 3582 dicuntur,
1988 3499 2166 3567 sicut
2188 3497 2440 3566 animal
2472 3521 2620 3587 par-

1063 3626 1228 3673 vum
1262 3605 1447 3697 quod
1476 3606 1757 3675 locustae
1786 3607 2225 3683 assimilatur,
2277 3615 2344 3675 et
2374 3606 2443 3674 in
2475 3630 2621 3696 pra·

1068 3714 1155 3780 tis
1204 3722 1431 3781 cantat
1472 3714 1541 3781 in
1593 3722 1854 3794 mstate,
1898 3723 1959 3781 et
2006 3715 2228 3781 sibilat
2287 3716 2357 3782 in
2392 3723 2613 3785 nocte.

1065 3826 1129 3886 et
1160 3827 1444 3886 vocatur
1468 3818 1758 3909 qrillus.
1794 3819 2134 3910 Strepitus
2171 3827 2401 3886 autem
2432 3827 2500 3887 et
2526 3820 2623 3885 si-

1070 3923 1249 3992 bilus
1278 3926 1595 3993 omnium
1634 3927 1924 3995 istorum
1962 3934 2064 3995 est
2092 3949 2212 4016 per
2238 3926 2441 3995 telam
2473 3949 2622 4017 quae

1076 4042 1181 4102 est
1208 4031 1335 4100 sub
1358 4034 1613 4125 pariete
1653 4032 2191 4126 diapliragmatis
2219 4036 2288 4103 in
2318 4033 2469 4103 loco
2506 4035 2618 4103 ubi

1072 4141 1513 4231 succingitur,
1575 4152 1931 4233 tamquam
1970 4144 2266 4212 abscissa
2311 4145 2445 4211 sint
2483 4167 2627 4212 cor·

1072 4273 1236 4340 pora
1279 4250 1588 4341 ipsorum
1631 4274 1647 4318 2
1686 4252 1783 4319 sic
1812 4251 1998 4319 enim
2037 4260 2285 4320 sonant
2345 4275 2618 4329 muscae,

1068 4366 1137 4425 et
1174 4382 1361 4449 apes,
1397 4369 1464 4427 et
1508 4361 1746 4427 omnia
1791 4357 2185 4449 hujusmodi
2221 4380 2239 4427 ε
2276 4359 2403 4427 ista
2440 4361 2622 4428 enim

1067 4465 1322 4534 faciunt
1349 4470 1711 4557 strepitum
1743 4467 2072 4546 volando,
2106 4475 2171 4535 et
2211 4466 2354 4535 alas
2397 4477 2628 4537 exten·

1067 4571 1314 4649 dendo,
1343 4574 1781 4664 percutiendo
1812 4597 2039 4643 aerem
2070 4574 2426 4644 cadentem
2456 4577 2631 4644 inter

1069 4680 1210 4747 alas
1220 4704 1456 4748 eorum
1471 4732 1486 4759 ,
1503 4690 1568 4749 et
1586 4682 1737 4749 ideo
1749 4684 2072 4751 continue
2085 4692 2329 4751 sonant
2343 4682 2633 4753 dunwe-

1070 4787 1209 4855 lant
1252 4810 1269 4854 ε
1304 4798 1369 4856 et
1402 4788 1592 4855 illum
1623 4790 1901 4880 quidem
1949 4791 2347 4859 continuum
2386 4812 2630 4859 sonum

1073 4918 1210 4963 nnn
1247 4897 1502 4963 faciunt
1534 4898 1660 4964 nisi
1695 4897 1905 4965 modo
1935 4898 2139 4967 dicto.
2192 4897 2329 4966 Sed
2363 4898 2634 4990 quando

1074 5014 1271 5095 capta
1303 5013 1624 5073 tenentur
1661 5007 1867 5073 etiam
1900 5006 2196 5097 praecisis
2234 5004 2358 5074 alis
2394 5016 2636 5077 sonant

1072 5113 1207 5180 alio
1229 5136 1428 5193 sone,
1452 5123 1523 5182 et
1550 5114 1922 5205 aliquando
1944 5136 2191 5182 sonum
2213 5136 2352 5182 non
2383 5113 2632 5184 faciunt

1072 5218 1139 5286 in
1170 5243 1287 5286 ore
1308 5222 1554 5311 spiritu
1574 5230 1898 5300 exeunte,
1933 5221 2054 5292 sed
2085 5222 2313 5313 potius
2341 5223 2469 5290 sub
2498 5223 2637 5292 dia·

1070 5326 1480 5418 phragmate
1542 5348 1667 5421 per
1704 5328 1995 5398 modum
2037 5351 2243 5420 quem
2304 5330 2636 5401 diximus:

1069 5444 1133 5503 et
1167 5436 1445 5506 locustae
1498 5440 1815 5509 volantes
1868 5438 2188 5508 similiter
2230 5438 2492 5508 faciunt
2537 5465 2644 5509 so·

1079 5567 1272 5622 num,
1306 5546 1425 5614 sed
1455 5547 1851 5619 immobiles
1878 5570 2020 5617 non
2051 5555 2302 5616 sonant
2331 5551 2638 5619 omuino.

1172 5652 1267 5719 Ea
1301 5663 1531 5723 autem
1565 5678 1717 5747 quae
1737 5657 1992 5725 suntin
2014 5676 2262 5747 genere
2283 5655 2638 5739 malachie,

1084 5769 1150 5829 et
1188 5763 1443 5831 suntin
1483 5788 1734 5857 genere
1776 5765 2006 5834 mollis
2044 5772 2257 5841 teatae,
2290 5785 2512 5855 neque
2539 5789 2643 5835 so-

4149 434 4234 498 29
4251 434 4273 500 l

2722 600 2912 668 nant,
2960 617 3178 685 neque
3219 596 3516 661 sibilant.
3573 595 3903 663 Similiter
3945 607 4173 666 autem
4214 609 4282 666 et

2722 699 2904 764 modi
2937 702 3226 788 piscium
3255 724 3423 768 voce
3454 711 3687 769 carent
3721 725 3735 767 ε
3784 727 3864 770 eo
3906 708 4094 793 quod
4123 732 4282 774 om-

2720 805 2832 870 nia
2881 805 3004 872 istu
3045 829 3295 896 genera
3341 816 3574 875 carent
3624 808 3977 898 pulmone,
4024 821 4089 878 et
4132 819 4283 903 epi-

2719 909 3027 999 glottidc,
3063 922 3133 980 et
3161 937 3334 983 vena
3365 940 3628 1006 aspera,
3652 939 3801 1006 quae
3832 920 4110 986 trachea
4150 945 4281 989 vo-

2721 1025 2931 1084 catur.
2986 1019 3217 1112 Aliqui
3270 1030 3498 1091 tamen
3549 1023 3801 1113 opinati
3857 1033 4019 1091 sunt
4067 1048 4280 1115 quos—

2720 1121 2874 1189 dam
2929 1126 3218 1214 piscium
3269 1154 3509 1198 vocem
3570 1130 3818 1200 habere
3864 1135 3934 1201 in
3965 1136 4274 1205 Acheloo

2719 1229 2955 1311 fluvio,
3001 1258 3173 1324 quos
3212 1238 3310 1304 illi
3358 1240 3716 1306 nominant
3754 1239 4031 1309 laudam
4065 1253 4134 1311 et
4161 1245 4274 1330 je-

2719 1361 2995 1422 conum,
3038 1350 3104 1410 et
3156 1368 3402 1433 porcus
3450 1348 3673 1413 ‘maris
3723 1349 3839 1437 qui
3898 1347 4269 1439 aliquando

2719 1449 3063 1537 egreditur
3083 1453 3153 1518 in
3180 1476 3444 1542 agrum,
3470 1459 3952 1546 propterquod
3980 1461 4271 1546 (ιφ-επὶ.»-

2718 1564 3025 1633 vocatur,
3060 1559 3176 1648 qui
3216 1567 3318 1626 est
3364 1560 3433 1627 in
3476 1563 3755 1650 regione
3796 1585 3948 1653 qum
3988 1572 4275 1631 vocatur

2717 1661 3004 1731 Arabice
3043 1665 3434 1746 llaskalec‘r,
3469 1676 3531 1735 et
3574 1671 3781 1735 etium
3824 1670 4080 1737 animal
4115 1695 4268 1737 nm-

2720 1771 2942 1837 rinum
2966 1772 3153 1861 quod
3174 1772 3420 1840 dicitur
3442 1774 3708 1861 halym,
3748 1784 3814 1843 et
3845 1776 3913 1842 id
3945 1777 4133 1866 quod
4161 1800 4273 1844 vo·

2720 1886 2911 1944 catur
2965 1880 3176 1958 coclei,
3235 1878 3366 1948 hoc
3422 1891 3546 1959 est,
3615 1882 3871 1950 vitulus
3909 1887 4268 1952 marinus:

2720 1985 2952 2052 omnia
2981 1986 3166 2053 enim
3204 1986 3333 2055 ista
3380 1987 3703 2055 animalia
3735 2012 3978 2058 vocem
4020 1989 4273 2058 habere

2719 2103 3062 2183 putamur.
3130 2094 3268 2161 Sed
3298 2119 3420 2185 pro
3460 2105 3646 2163 certo
3688 2096 3957 2164 nullum
3983 2097 4272 2164 istorum

2719 2209 2914 2267 sonan
2955 2201 3195 2290 spiritu
3235 2204 3531 2271 exterius
3562 2212 3845 2270 attracto
3869 2211 3935 2272 et
3974 2207 4268 2271 emisso:

2717 2307 2832 2375 sed
2882 2307 3194 2399 quaedam
3248 2309 3582 2377 dictorum
3641 2320 3885 2378 sonant
3935 2309 4276 2378 branchiis

2716 2417 2788 2485 iu
2817 2439 3013 2506 aquae
3059 2416 3441 2508 superficie,
3493 2429 3609 2487 aut
3653 2419 3721 2486 in
3779 2418 4151 2509 profundo,
4194 2442 4276 2487 eo

2720 2526 2902 2617 quod
2934 2536 3092 2594 sunt
3118 2527 3269 2594 duri
3300 2528 3469 2596 sicut
3501 2530 3742 2619 spinae,
3778 2539 3843 2595 et
3873 2537 4034 2595 sunt
4063 2528 4180 2595 lati
4212 2536 4279 2595 et

2718 2634 2945 2719 solidi,
2986 2645 3054 2703 et
3109 2635 3263 2703 ideo
3321 2639 3621 2726 percussi
3664 2646 3910 2704 sonant
3978 2637 4267 2704 fortiter.

2720 2743 3048 2823 Quaedam
3082 2754 3312 2813 autem
3343 2755 3410 2814 et
3439 2747 3774 2836 praecipue
3807 2743 4152 2812 sibilantia
4175 2769 4283 2811 su-

2720 2862 2879 2919 nant
2911 2877 3030 2942 per
3048 2853 3361 2943 spiritum
3395 2857 3510 2944 qui
3544 2863 3641 2920 est
3685 2855 3749 2920 in
3792 2853 4097 2920 interiori
4135 2875 4281 2920 cur·

2719 2961 2902 3049 poris
2941 2982 3180 3026 eorum
3227 2982 3243 3027 ε
3290 2984 3446 3027 cum
3496 2962 3678 3026 enim
3726 2968 3952 3026 motus
3994 2958 4103 3026 ille
4142 2958 4285 3025 fuc-

2719 3066 2802 3131 rit
2842 3064 2921 3131 ad
2966 3065 3169 3132 telam
3210 3088 3360 3154 qua:
3402 3065 3529 3132 sub
3588 3063 4108 3154 ‹liapliragmutc
4147 3071 4271 3141 cst,

2719 3180 2878 3240 tunc
2911 3173 3048 3240 exit
3084 3195 3292 3239 sonus
3331 3170 3416 3241 ab
3447 3197 3554 3241 eo.
3614 3171 4007 3241 Oll'ensione
4039 3180 4270 3239 autem

2722 3281 2996 3371 parietis
3016 3289 3083 3348 et
3106 3280 3573 3349 musculorum
3605 3290 3669 3348 et
3692 3282 4103 3348 lacertorum
4133 3280 4282 3367 ejus

2721 3390 3095 3481 percutitur
3147 3388 3233 3458 ad
3260 3389 3669 3458 sonandum.
3705 3389 3912 3457 Celeti
3956 3398 4189 3457 autem
4216 3398 4278 3454 vt

2718 3509 2984 3589 pectem
3025 3508 3300 3589 putatur
3335 3500 3553 3569 facem
3583 3500 3862 3568 sibilum
3900 3522 3915 3566 :
3965 3507 4286 3567 movetur

2723 3606 2907 3673 enim
2934 3629 3140 3696 super
3177 3628 3456 3697 aquam,
3490 3614 3557 3675 et
3589 3615 3747 3675 tunc
3785 3606 4014 3674 sibilat
4047 3627 4064 3672 z
4109 3604 4288 3673 etsi·

2726 3715 2974 3784 militer
3013 3712 3308 3782 hirundo
3357 3715 3593 3797 maria,
3648 3713 3791 3783 baec
3840 3714 4026 3782 enim
4077 3711 4280 3781 habet

2725 3823 2865 3891 alas
2904 3823 3072 3889 latas
3103 3843 3373 3913 parvas,
3431 3821 3683 3911 quibus
3723 3822 3950 3912 stepit.
3998 3819 4281 3888 Nullum

2726 3939 2954 3998 autem
3003 3928 3250 3996 horum
3301 3930 3570 4018 proprie
3617 3927 3972 4017 loquendo
4039 3948 4279 3995 vocem

2727 4037 2953 4106 habet.
2987 4034 3369 4127 Delphinus
3398 4045 3627 4103 autem
3670 4035 3921 4111 sibilat,
3949 4042 4016 4102 et
4044 4032 4284 4101 sibilus

2727 4147 2872 4232 ejus
2899 4142 3141 4211 similis
3178 4150 3280 4211 est
3308 4144 3458 4210 voci
3496 4164 3512 4208 ε
3556 4140 3761 4209 habet
3789 4142 3973 4209 enim
4014 4138 4286 4231 pulmo-

2728 4276 2883 4319 nem
2913 4259 2976 4319 et
3007 4273 3252 4318 venam
3269 4273 3579 4341 asperati·
3604 4274 3755 4340 qua·
3776 4249 4053 4318 trachea
4085 4270 4285 4315 voca·

2731 4370 2841 4428 tur
2865 4358 3123 4426 arteria
3158 4380 3174 4424 :
3207 4356 3327 4424 scd
3356 4358 3589 4447 lingua
3622 4381 3760 4424 non
3799 4366 3900 4423 est
3939 4355 4279 4432 absoluta,

2734 4490 2952 4557 neque
2977 4465 3153 4534 labia
3180 4466 3327 4552 ejus
3359 4467 3711 4557 pervenire
3748 4473 4031 4554 possunt
4060 4462 4146 4533 ad
4171 4485 4285 4529 vo·

2733 4577 2829 4644 cia
2865 4575 3397 4644 distinctionem.

2825 4683 3099 4752 Animal
3156 4705 3320 4749 vero
3373 4679 3636 4750 habeus
3675 4681 3984 4766 linguam
4026 4688 4092 4750 et
4133 4678 4291 4769 pul-

2739 4815 3011 4861 monem
3069 4800 3136 4859 et
3187 4799 3483 4880 quatuor
3524 4789 3751 4881 pedes,
3801 4787 4007 4857 babet
4050 4809 4294 4855 vocem

2736 4901 3028 4970 debilem
3103 4898 3378 4990 quando
3456 4906 3557 4967 eat
3646 4900 4066 4989 aquaticum.
4159 4891 4294 4961 Sed

2739 5010 3219 5102 quodcumque
3250 5029 3333 5073 ex
3370 5005 3622 5073 talibus
3652 5017 3752 5076 est
3795 5028 4036 5080 ovanS,
4070 5000 4294 5070 sibilat

2742 5129 2814 5186 ut
2844 5139 3145 5209 serpens.
3191 5115 3389 5194 Quod
3429 5123 3658 5184 antem
3699 5138 3783 5183 ex
3809 5114 3910 5183 eis
3939 5111 4146 5182 habet
4174 5132 4297 5177 vo-

2742 5249 2890 5296 cem
2933 5222 3254 5302 debilem,
3287 5221 3458 5290 sicut
3491 5232 3779 5300 tortura,
3821 5229 3885 5288 et
3934 5241 4127 5298 rana,
4168 5214 4300 5285 ha·

2742 5335 2854 5402 bet
2885 5332 3191 5423 linguam
3219 5331 3723 5422 appropriatam
3753 5328 3882 5399 sibi
3918 5353 3935 5397 :
3970 5324 4304 5419 quoniam

2742 5448 2813 5512 in
2859 5441 3111 5511 talibus
3167 5462 3322 5530 pars
3379 5442 3680 5509 anterior
3734 5439 3988 5530 lingum
4024 5459 4154 5505 suo
4203 5434 4305 5503 ori

2741 5551 3063 5642 alligatur
3107 5557 3175 5617 et
3229 5546 3629 5639 applicatur,
3688 5548 3761 5616 in
3820 5546 4075 5621 talibus
4123 5542 4310 5613 enim

2744 5661 3049 5729 anterior
3103 5654 3482 5747 applicatur
3552 5657 3946 5726 extremitas
4017 5653 4193 5723 sicut
4241 5649 4310 5716 in

2738 5766 3062 5859 piscibus.
3116 5762 3194 5831 ln
3243 5762 3395 5831 aliis
3435 5771 3665 5833 autem
3712 5761 4132 5860 animalibua
4186 5757 4314 5825 ista
