4919 6371
551 403 678 468 318

542 580 681 638 tem
730 569 973 636 melius
1024 566 1427 631 auferuntur
1474 569 1660 629 testae
1707 586 1745 629 a
1795 563 1978 640 flore,
2033 571 2089 629 et

544 690 702 748 tunc
729 683 1080 766 separatur
1110 673 1364 741 collum
1397 696 1433 739 a
1465 672 1774 740 membro
1809 696 2100 763 sequeu-

538 789 614 866 ti,
654 782 841 873 quod
871 780 1126 870 experti
1167 780 1529 848 mackolon
1566 780 1792 850 Graece
1824 787 2090 856 vocant,

539 914 618 958 eo
679 888 861 979 quod
920 887 1045 955 ssos
1103 895 1205 955 est
1259 891 1436 956 inter
1500 888 1645 956 haec
1704 888 1837 955 duo
1897 909 2096 976 super

537 995 925 1063 membrum
957 996 1137 1087 quod
1168 996 1519 1064 communi
1562 997 1838 1063 nomine
1874 1002 2094 1060 venter

536 1105 678 1171 sive
705 1106 1096 1173 stomachus
1126 1104 1529 1195 appellatur.
1566 1099 1951 1189 Murileguli
1981 1122 2094 1165 au-

535 1221 676 1281 tem
706 1213 982 1281 student
1010 1221 1081 1279 ut
1112 1218 1470 1279 conterant
1498 1231 1615 1276 eas
1649 1208 1835 1273 vivas
1873 1229 1887 1272 :
1922 1227 2089 1295 quo-

534 1323 719 1390 niam
759 1324 811 1390 si
845 1322 1367 1411 praemoriantur
1396 1324 1551 1383 ante
1582 1315 2086 1383 contritionem.

533 1430 811 1520 ejiciunt
859 1429 1124 1502 florem,
1189 1433 1256 1492 et
1297 1424 1448 1492 ideo
1495 1430 1915 1514 praeservant
1962 1419 2087 1488 hoc

532 1533 978 1605 custodiendo
1011 1532 1427 1624 murileguli.
1491 1532 1655 1600 Ilaec
1695 1532 1903 1621 igitur
1936 1538 2089 1597 sunt

531 1642 903 1712 accidentia
958 1652 1024 1711 et
1066 1644 1338 1733 proprie
1396 1641 1875 1709 convenientia
1935 1639 2091 1704 bar-

529 1749 752 1820 choroe
828 1759 889 1818 et
968 1749 1238 1818 halzum
1310 1749 1761 1816 marinorum.
1843 1745 2088 1813 Omnia

528 1860 710 1926 enim
768 1858 914 1927 hoec
962 1882 1215 1950 genera
1273 1855 1779 1947 coopertorium
1838 1853 2085 1921 habent

524 1974 816 2036 testeum
856 1990 895 2035 a
944 1966 1326 2047 nativitate,
1361 1973 1431 2033 et
1464 1971 1838 2055 pascuntur
1885 1962 2087 2029 emit-

522 2077 729 2144 tentia
763 2074 1041 2142 inlerius
1072 2072 1197 2142 sub
1226 2072 1656 2162 coopertorio
1698 2069 2081 2138 membrum

522 2182 867 2273 quoddam
908 2181 1091 2272 quod
1124 2188 1223 2249 est
1257 2181 1325 2246 in
1358 2181 1456 2247 eis
1486 2178 1637 2247 loco
1680 2177 1955 2268 lingum.
2002 2176 2084 2244 Et

521 2288 653 2358 hoc
683 2288 1068 2356 membrum
1112 2289 1178 2354 in
1210 2285 1543 2354 barchora
1592 2288 1735 2353 sive
1784 2306 2081 2374 purpura

522 2405 622 2466 est
679 2397 902 2486 majus
950 2396 1162 2486 digito
1203 2394 1532 2473 hominis,
1586 2399 1650 2458 et
1700 2416 1820 2485 per
1858 2393 2079 2482 ipsum

517 2503 815 2593 pascitur
850 2525 866 2572 :
900 2511 966 2572 et
1006 2502 1137 2571 hoc
1168 2510 1270 2570 est
1310 2500 1698 2569 membrum
1741 2499 1909 2572 adeo
1950 2499 2081 2566 ‹lu-

516 2635 694 2686 rum‚
731 2611 913 2702 quod
951 2635 1072 2703 per
1100 2610 1264 2678 illud
1306 2609 1602 2700 perforat
1636 2615 1881 2676 testam
1926 2604 2079 2674 hal-

516 2741 669 2786 zum
710 2719 853 2786 sive
902 2720 1109 2797 coeci,
1155 2727 1221 2786 et
1285 2715 1583 2785 comedit
1642 2738 1825 2783 eum.
1909 2714 2075 2783 Bar-

515 2825 719 2895 chora
750 2836 979 2893 autem
1012 2833 1076 2893 et
1117 2824 1388 2892 lialzum
1431 2824 1568 2890 sere
1600 2823 1843 2889 durant
1880 2825 1946 2888 in
1980 2823 2078 2887 vi-

516 2957 678 3024 gore
730 2957 851 3023 per
895 2955 1012 3000 sex
1063 2955 1303 3000 annos,
1343 2931 1457 2998 Est
1516 2940 1746 2998 autem
1787 2938 1848 2995 et
1888 2928 2069 2996 aliud

512 3049 813 3110 ostreum
845 3041 1027 3133 quod
1068 3041 1297 3108 Graece
1336 3048 1624 3107 vocatur
1661 3061 1897 3105 moron
1927 3040 2067 3105 sive

508 3149 793 3240 niolym,
830 3160 900 3218 ut
957 3150 1235 3240 quidam
1276 3148 1532 3225 dicunt,
1579 3158 1643 3217 et
1703 3146 1831 3216 hoc
1881 3156 2065 3237 parat

505 3258 635 3326 sibi
666 3258 910 3327 domos
940 3260 1110 3325 sicut
1154 3264 1313 3325 suut
1338 3256 1587 3323 domus
1625 3279 1823 3323 cerer.

591 3364 952 3444 Quoddam
982 3372 1211 3431 autem
1244 3363 1429 3431 aliud
1451 3386 1670 3453 genus
1692 3371 1790 3432 est
1832 3364 2064 3447 ostrei,

502 3467 685 3558 quod
728 3467 1111 3537 labe'mmne
1150 3476 1455 3544 vocatur,
1510 3476 1577 3536 et
1626 3466 1753 3535 lioc
1793 3477 2066 3534 susten-

500 3583 685 3644 tatur
716 3577 781 3642 in
804 3574 1110 3667 quolibet
1140 3574 1318 3653 loc0,
1352 3574 1467 3642 ubi
1501 3582 1603 3642 est
1634 3573 1838 3640 limus·
1869 3584 1929 3641 et
1966 3575 2065 3641 lu-

500 3690 647 3750 tum
682 3704 697 3750 ε
736 3684 892 3773 quia
924 3685 1131 3751 etiam
1160 3705 1249 3751 ex
1280 3682 1448 3749 limo
1479 3691 1546 3749 et
1576 3680 1722 3748 luto
1753 3691 1848 3749 est
1880 3684 2061 3773 prin·

497 3788 753 3880 cipium
811 3812 948 3857 sum
1006 3789 1494 3882 generationiS,
1564 3798 1627 3858 et
1688 3789 1819 3858 hoc
1880 3790 2057 3881 apud

496 3919 623 3964 nos
661 3898 931 3988 proprie
965 3897 1191 3966 Ιίηιω·
1236 3904 1545 3966 vocatur.
1598 3897 1891 3967 Conchoe
1930 3922 2060 3967 au-

496 4012 633 4072 tem
694 4028 849 4097 qua*
917 4005 1112 4096 colye
1166 4015 1503 4074 vocantur
1548 4014 1617 4073 et
1657 4007 1942 4074 chimem
1992 4015 2053 4073 et

491 4110 780 4181 solinem
812 4121 879 4182 et
906 4115 1293 4193 leae-tarnem,
1326 4115 1580 4182 suntin
1613 4113 1780 4182 locis
1809 4136 2054 4182 arena-

494 4242 673 4299 rum,
707 4243 791 4289 ex
829 4221 1079 4313 quibus
1118 4243 1258 4290 suae
1295 4221 1761 4311 generationis
1804 4218 2053 4288 habent

490 4327 927 4418 principium.
975 4324 1269 4396 Conrhae
1305 4335 1535 4394 autem
1586 4323 1903 4417 qua-dam
1944 4327 2055 4395 vi-

492 4432 673 4501 rides
720 4455 871 4526 quae
915 4433 1470 4521 lule-vocantur,
1507 4442 1922 4524 generantur
1967 4458 2051 4503 ex

490 4538 813 4633 lanugine
862 4542 1156 4635 quadam
1196 4541 1425 4625 viridi,
1487 4565 1642 4635 quae
1682 4539 2050 4634 aliquando

487 4650 557 4719 in
596 4647 766 4719 locis
788 4652 1132 4719 invenitur
1162 4650 1492 4719 arenosis.
1533 4649 1615 4718 Et
1647 4650 1773 4719 iate
1805 4652 2049 4720 modus

485 4756 802 4825 animalis
850 4764 949 4824 est
1004 4754 1257 4824 animal
1315 4754 1512 4824 valdo
1577 4780 1894 4848 parvum.
1964 4759 2047 4829 de

485 4885 623 4954 quo
662 4861 909 4931 dicitur
958 4860 1142 4952 quod
1199 4861 1495 4930 custodit
1551 4862 1684 4932 alia
1733 4865 2045 4958 quaedam

483 4977 707 5039 ostrea
727 4965 974 5060 quibus
994 4966 1315 5058 adhaeret.
1350 4967 1432 5037 Et
1460 4969 1743 5060 quidam
1782 4971 2038 5051 dicunt,

483 5075 669 5171 quod
697 5075 831 5146 hoc
859 5084 959 5146 cst
1007 5074 1192 5168 quod
1230 5084 1520 5145 vocatur
1567 5075 1935 5159 bart-otim,
1975 5089 2041 5150 et

479 5182 713 5250 dicunt
743 5182 925 5276 quod
957 5191 1057 5251 est
1085 5181 1171 5250 de
1210 5203 1463 5275 genere
1512 5185 1739 5251 cancri
1782 5189 1972 5277 parvi
2018 5208 2035 5254 ε

480 5297 546 5358 et
574 5290 631 5357 si
670 5298 892 5359 ostrea
933 5289 1183 5382 quibus
1212 5288 1537 5369 adhaeret,
1581 5291 1886 5361 amiserit
1931 5295 2042 5386 ip-

479 5421 661 5479 sum,
691 5397 827 5467 cito
868 5407 1423 5491 corrumpuntur.
1462 5397 1544 5467 Et
1583 5402 1882 5469 narravit
1916 5402 2039 5470 mi·

477 5504 550 5575 hi
590 5525 766 5573 unus
795 5502 881 5574 de
917 5507 1215 5596 expertis
1262 5507 1329 5574 in
1379 5505 1655 5589 talibus,
1707 5509 1893 5601 quod
1938 5520 2039 5580 eat

476 5636 720 5682 cancer
769 5611 1097 5705 parvulus
1151 5613 1349 5683 valde
1407 5636 1530 5707 per
1581 5612 2035 5707 ligamentum

476 5720 819 5813 quoddam
844 5717 1199 5811 alligatum
1222 5717 1650 5791 ostreo'inter
1666 5724 2027 5805 concham,

1551 391 1634 457 Ι).
1689 390 1887 459 ALB.
1940 387 2152 455 MAG.

2207 389 2409 458 ORD.
2467 393 2763 460 PRAED.

2204 573 2262 629 et
2306 575 2429 631 stat
2478 589 2681 655 supra
2730 562 3085 634 concham.
3138 564 3408 653 quando
3465 567 3759 654 pascitur

2203 682 2499 739 ostreum
2551 696 2973 762 praeservans
3023 697 3105 739 ne
3165 673 3441 763 aliquod
3499 673 3750 739 animal

2202 782 2456 847 intrans
2489 781 2821 847 concham
2870 780 3148 847 devoret
3187 790 3522 848 ostreum.
3571 781 3755 848 Can-

2202 909 2308 952 cer
2338 890 2517 952 enim
2544 887 2781 954 videns
2803 889 3033 955 venire
3058 887 3331 977 aliquod
3355 890 3589 955 talium
3613 891 3755 955 ani-

2204 993 2485 1059 malium
2517 994 2686 1059 redit
2717 996 2785 1059 in
2815 993 3147 1061 concham
3181 1004 3423 1062 ettunc
3447 1006 3749 1063 ostreum

2197 1098 2437 1166 claudit
2475 1100 2845 1167 concham:
2883 1112 3246 1189 praeservat
3290 1113 3515 1170 autem
3576 1127 3751 1193 prae-

2196 1209 2386 1296 cipue
2418 1231 2455 1274 a
2487 1208 2741 1299 polipo.
2789 1208 3071 1298 Polipus
3114 1219 3341 1277 autem
3383 1214 3748 1301 sagacitate

2196 1316 2481 1383 mirabili
2516 1318 2680 1407 pede
2724 1318 3044 1385 anteriori
3078 1317 3547 1408 complectitur
3587 1320 3750 1408 lapi·

2194 1424 2371 1505 dem,
2407 1435 2471 1493 et
2514 1434 2690 1493 retro
2719 1425 2910 1492 illum
2942 1435 3330 1494 contractus
3381 1427 3747 1493 abscondi-

2194 1541 2323 1608 tur,
2386 1555 2587 1621 quem
2646 1556 2802 1599 cum
2869 1531 3126 1600 concha
3180 1537 3503 1623 aperitur,
3569 1537 3743 1601 intra

2192 1638 2519 1706 concham
2562 1639 2778 1727 ponit,
2822 1661 2907 1706 ne
2954 1638 3173 1706 claudi
3218 1643 3455 1730 possit,
3491 1652 3556 1708 et
3584 1650 3745 1708 tunc

2194 1746 2391 1811 intrat
2422 1753 2490 1812 et
2517 1744 2797 1811 devorat
2829 1753 3155 1812 ostreum.

2277 1852 2759 1920 l'niversaliter
2786 1862 3015 1921 autem
3049 1853 3398 1921 sciendum
3432 1864 3532 1920 est
3586 1878 3743 1920 om-

2191 1983 2271 2026 ne
2301 1960 2484 2029 ‹lurae
2517 1970 2702 2029 testae
2733 1962 2984 2029 animal
3018 1987 3139 2051 per
3168 1986 3237 2029 se
3269 1964 3523 2053 absque
3556 1967 3739 2031 coitu

2186 2071 2488 2156 generari
2524 2071 2591 2134 in
2623 2070 2790 2136 limo
2831 2068 2936 2136 vel
2977 2071 3227 2149 areniS,
3263 2078 3327 2136 et
3359 2071 3741 2137 diversatur

2186 2177 2552 2244 secuudum
2588 2177 2732 2244 limi
2774 2201 2857 2244 ex
2889 2202 3026 2268 quo
3057 2188 3473 2267 generantur
3514 2178 3738 2246 diver-

2183 2286 2444 2352 sitatem
2486 2294 2548 2353 et
2605 2308 2964 2353 arenarum
3021 2308 3036 2351 ε
3087 2296 3146 2354 et
3208 2287 3387 2377 quod
3442 2309 3524 2354 ex
3572 2287 3735 2353 limo

2182 2402 2562 2480 generatur,
2599 2395 2843 2462 dicitur
2870 2395 3168 2486 generali
3200 2397 3478 2464 nomine
3516 2397 3738 2464 liasti-

2182 2525 2307 2567 me.
2369 2501 2563 2580 Quod
2624 2512 2853 2569 autem
2919 2512 3286 2591 generatur
3341 2527 3424 2571 ex
3482 2507 3728 2580 arenis,

2180 2613 2524 2678 communi
2561 2612 2835 2678 omnine
2867 2635 2991 2678 suo
3024 2622 3310 2679 vocatur
3339 2615 3562 2679 urtica
3593 2637 3736 2677 ma-

2178 2719 2294 2783 ris.
2332 2720 2524 2797 Quod
2561 2743 2721 2786 vero
2754 2720 2837 2787 de
2869 2744 3113 2810 genere
3157 2721 3574 2788 concharum
3624 2723 3733 2787 in-

2179 2831 2443 2895 venitur
2473 2831 2539 2895 iu
2572 2830 2830 2896 tissuris
2862 2830 3190 2919 lapidum.
3227 2833 3574 2898 communi
3613 2857 3733 2898 no-

2176 2938 2355 3004 mine
2403 2946 2685 3005 vocatur
2739 2961 2940 3004 ruma
3019 2949 3081 3005 et
3134 2939 3459 3029 palcano.
3531 2939 3728 3017 Quod

2177 3054 2365 3113 sonat
2399 3043 2691 3112 conchas
2740 3054 2804 3113 et
2836 3046 3232 3116 testudines,
3270 3056 3334 3115 et
3378 3047 3561 3138 quod
3604 3071 3730 3114 na-

2175 3159 2264 3218 tat
2295 3174 2499 3241 super
2525 3175 2760 3242 aquas,
2823 3154 3170 3220 rouununi
3230 3155 3507 3220 munim·
3558 3154 3728 3221 diri-

2172 3267 2280 3326 tur
2308 3269 2599 3326 ostreum
2647 3258 3012 3338 Iadomem,
3050 3258 3178 3328 hoc
3208 3269 3333 3338 est,
3367 3268 3631 3350 pecten,
3662 3270 3723 3327 et

2170 3388 2206 3432 a
2238 3365 2638 3455 quibusdam
2670 3373 2953 3434 vocatur
2982 3367 3175 3432 villa.
3215 3364 3295 3433 Et
3337 3390 3575 3433 omues
3617 3368 3721 3434 isti

2170 3473 2349 3539 modi
2392 3482 2713 3540 testarum
2744 3482 3053 3541 crescunt
3086 3474 3245 3550 cito,
3282 3482 3346 3541 et
3389 3475 3723 3565 praeeipm·

2166 3577 2492 3647 barchora
2522 3582 2664 3647 sive
2702 3603 3027 3672 purpura,
3062 3587 3128 3648 et
3180 3581 3244 3648 id
3291 3581 3472 3671 quod
3514 3603 3725 3648 voca-

2166 3698 2278 3756 tur
2309 3689 2662 3756 lmrtacom
2703 3711 2725 3754 .·
2784 3686 2928 3758 haec
2991 3690 3176 3756 enim
3234 3687 3617 3779 completur
3653 3691 3721 3755 in

2166 3820 2301 3866 uno
2331 3820 2536 3865 anno·

2251 3904 2564 3995 Amplius
2591 3911 2817 3972 autem
2859 3906 3085 3974 cancri
3117 3901 3252 3971 albi
3301 3913 3721 3994 generantur

2162 4011 2334 4078 intra
2381 4020 2622 4078 testam
2671 4010 2984 4079 animalis
3023 4010 3206 4103 (prod
3248 4021 3348 4080 est
3390 4012 3577 4078 dura·
3611 4020 3717 4078 te·

2159 4127 2301 4194 stae.
2345 4126 2408 4184 et
2458 4119 2754 4186 maxime
2806 4120 2873 4187 in
2913 4127 3143 4186 ostreo
3193 4118 3378 4211 quod
3426 4126 3711 4185 vocatur

2159 4225 2440 4314 niolym.
2478 4224 2551 4291 ln
2600 4232 2827 4293 ostreo
2876 4247 3039 4292 vero
3080 4226 3264 4318 quod
3315 4225 3458 4292 hice
3497 4249 3708 4294 voca-

2158 4339 2290 4410 tur,
2322 4339 2682 4421 generatur
2711 4330 2774 4400 id
2806 4332 2991 4425 quod
3037 4332 3286 4402 dicitur
3329 4332 3609 4412 ce‘obe‘ta,
3647 4341 3711 4402 et

2156 4447 2314 4508 sunt
2367 4438 2732 4531 aliquando
2772 4444 2842 4509 in
2885 4466 2968 4511 eo
3017 4441 3203 4533 quod
3257 4442 3510 4511 dicitur
3544 4444 3713 4509 lem·-

2154 4546 2454 4626 thubam,
2484 4556 2546 4617 et
2577 4550 2648 4616 in
2676 4572 2761 4618 eo
2790 4550 2974 4642 quod
3010 4550 3277 4619 lustum·
3303 4559 3610 4628 vocatur,
3647 4559 3709 4619 et

2154 4678 2290 4725 non
2328 4665 2634 4726 crescunt
2691 4659 3003 4740 omnino,
3035 4657 3155 4726 sed
3196 4669 3547 4727 remanent
3597 4684 3710 4727 ae-

2152 4766 2446 4833 cundum
2477 4789 2684 4836 unam
2716 4790 2858 4835 suae
2890 4769 3289 4861 quantitatis
3317 4767 3705 4860 dispositio·

2155 4895 2307 4939 nem
2371 4894 2387 4941 ε
2431 4881 2498 4942 et
2536 4876 2795 4966 experti
2841 4882 3202 4944 venatores
3248 4875 3490 4945 talium
3551 4877 3707 4965 opi-

2152 4988 2399 5049 nantur
2425 4981 2557 5053 hoc
2586 5005 2741 5051 cum
2774 4984 2921 5076 ipso
2951 4983 3232 5054 animali
3274 4984 3610 5076 generari.

2236 5090 2500 5159 Animal
2530 5114 2694 5161 vero
2725 5094 2930 5162 ostrei
2953 5092 3140 5185 quod
3168 5093 3417 5161 dicitur
3444 5092 3707 5160 elmele-

2148 5220 2325 5277 uem,
2358 5220 2494 5266 uno
2532 5206 2838 5290 tempore
2865 5197 3029 5269 latet
3077 5201 3145 5269 in
3189 5222 3421 5277 arena,
3455 5205 3520 5265 et
3562 5221 3701 5266 nou

2146 5315 2422 5399 apparet
2450 5308 2623 5376 sicut
2666 5308 2988 5379 animalia
3035 5334 3189 5403 qua·
3230 5334 3303 5378 se
3350 5331 3474 5400 per
3521 5317 3701 5378 tem-

2142 5435 2271 5503 pus
2298 5411 2638 5504 quoddam
2686 5416 3048 5485 occultant.
3091 5417 3414 5507 Astaq'm
3469 5424 3696 5484 autem

2139 5525 2570 5609 generantur,
2613 5520 2788 5589 sicut
2814 5520 3113 5592 diximus
3149 5545 3164 5591 :
3197 5520 3315 5591 sed
3346 5544 3431 5592 ex
3471 5522 3695 5613 specie

2136 5624 2285 5714 ejus
2312 5632 2411 5693 est
2440 5624 2723 5718 quidam
2752 5628 2998 5699 modus
3029 5631 3101 5698 in
3130 5626 3403 5722 pelage,
3448 5636 3516 5698 et
3548 5629 3696 5718 qui·

2135 5728 2294 5800 dam
2333 5731 2504 5803 alins
2535 5732 2781 5803 modus
2812 5735 3117 5826 ejusdem
3157 5744 3258 5807 eat
3297 5739 3369 5806 in
3416 5733 3589 5827 ripn,
3623 5743 3693 5803 ⁰1
