4919 6371
2042 378 2224 446 LIB:
2265 376 2327 443 ΙΙ
2374 373 2494 440 DE
2539 369 3129 455 ANIMALIBUS,
3178 370 3490 440 TRACT.
3544 370 3571 437 I

1189 571 1288 626 ra,
1323 555 1440 614 aut
1470 546 1727 637 digitos
1758 546 2009 616 habent
2049 549 2301 615 divisos
2342 554 2406 611 et
2445 545 2743 610 aduncos

1191 678 1485 746 ungueS.
1863 720 1868 726 .

1276 762 1597 852 Amplius
1659 774 1889 834 autem
1947 763 2200 831 habent
2263 785 2500 830 omnes
2557 763 2741 830 modi

1186 872 1568 961 specierum
1596 874 1983 941 volatilium
2033 870 2299 961 linguas
2335 872 2532 940 valdo
2562 873 2743 938 divi-

1184 1001 1292 1045 sas
1335 980 1405 1048 in
1461 984 1871 1072 quantitate,
1904 987 1972 1045 et
2011 977 2251 1068 figura,
2295 988 2362 1048 et
2405 979 2742 1068 composi-

1183 1089 1396 1156 tione.
1433 1088 1765 1168 Quaedam
1813 1088 1999 1153 enim
2043 1085 2298 1156 habent
2332 1087 2529 1155 valde
2587 1085 2743 1151 lon-

1182 1219 1327 1288 gas,
1363 1197 1540 1265 sicut
1568 1198 1716 1262 avis
1763 1217 1915 1285 quae
1960 1217 2210 1287 sueppe
2242 1203 2525 1262 vocatur
2561 1192 2740 1282 apud

1182 1327 1333 1384 nos,
1372 1304 1610 1369 Latine
1660 1309 1891 1370 autem
1948 1303 2294 1370 vis-cedula
2342 1323 2356 1370 ε
2398 1299 2505 1367 hae
2552 1302 2737 1367 enim

1181 1419 1341 1479 'sunt
1387 1431 1550 1477 aves
1588 1432 1743 1501 quae
1789 1434 1861 1478 se
1899 1418 2167 1502 ponunt
2215 1412 2284 1476 in
2338 1407 2639 1498 pulvere,
2675 1416 2741 1474 et

1179 1520 1385 1608 longe
1433 1518 1813 1586 extendunt
1868 1519 2202 1608 linguam,
2263 1523 2332 1585 et
2392 1516 2742 1615 attrahunt

1177 1648 1474 1705 vermes,
1509 1636 1579 1696 et
1645 1627 1960 1717 quaedam
2017 1624 2272 1695 habent
2321 1626 2516 1694 valde
2572 1625 2740 1692 latas

1180 1735 1695 1827 comparatione
1726 1735 2032 1826 corporis
2061 1735 2192 1815 sui,
2225 1736 2397 1803 sieut
2425 1729 2735 1814 'sturnuS,

1180 1851 1248 1910 et
1285 1841 1644 1934 psittacus,
1707 1851 1775 1910 et
1798 1844 1952 1933 pica
1984 1865 1999 1909 :
2032 1851 2101 1911 et
2127 1841 2433 1933 quaedam
2482 1839 2736 1909 habent

1174 1952 1631 2040 compositam
1687 1947 1993 2040 linguam
2040 1958 2219 2016 retro
2273 1971 2359 2015 ex
2384 1970 2608 2025 carne,
2667 1955 2734 2015 et

1174 2066 1335 2127 ante
1372 2081 1459 2126 ex
1495 2080 1714 2126 cornu
1743 2059 2165 2143 acutissimo,
2198 2059 2372 2126 sicut
2398 2059 2589 2148 picus
2625 2059 2740 2124 ni·-

1173 2192 1318 2260 ger‚
1352 2168 1470 2258 qui
1501 2168 1724 2258 intigit
1754 2166 2008 2258 lingam
2051 2168 2120 2235 in
2151 2167 2437 2258 lignum,
2473 2175 2540 2235 et
2565 2190 2736 2257 pun-

1174 2276 1398 2367 gendo
1429 2273 1709 2343 attrahit
1737 2299 1780 2342 v
1784 2298 2003 2343 ermes
2027 2278 2130 2342 siv
2134 2300 2169 2342 e
2196 2275 2529 2343 teredines
2566 2274 2736 2366 ligni

1171 2377 1258 2450 ad
1288 2383 1543 2451 cibum.
1581 2382 1912 2463 Quoedam
1959 2385 2165 2450 etiam
2218 2385 2288 2450 in
2328 2405 2454 2450 usu
2483 2381 2733 2473 linguae

1172 2489 1496 2557 differunt
1552 2488 1641 2557 ab
1707 2487 1859 2557 aliis
1911 2512 1928 2557 t
1980 2490 2305 2582 qnoniam
2382 2488 2514 2556 illae
2580 2510 2731 2579 quae

1165 2604 1333 2662 sunt
1403 2597 2026 2675 rememorationis,
2098 2603 2164 2663 et
2225 2595 2376 2663 latae
2448 2594 2727 2686 linguae,

1172 2701 1472 2770 formant
1542 2723 1786 2769 vocem
1853 2703 1922 2769 in
1991 2695 2334 2794 loquelam
2398 2700 2724 2780 hominis,
2828 2743 2833 2748 -

1166 2809 1345 2877 sicut
1383 2808 1737 2899 psittacus,
1765 2817 1834 2876 et
1892 2816 2191 2888 sturnus,
2225 2816 2291 2879 et
2342 2807 2558 2875 multa
2594 2807 2728 2876 alia

1165 2937 1419 3006 genera
1486 2917 1744 2983 avium.
1799 2914 2081 2983 Nullum
2152 2923 2379 2983 autem
2437 2915 2722 2995 omnino

1161 3044 1382 3113 genus
1416 3021 1653 3090 avium
1702 3020 1912 3091 habet
1953 3020 2420 3113 epiglottidem
2472 3023 2723 3113 promi-

1160 3136 1465 3209 nentem,
1508 3132 1606 3198 ita
1636 3129 1822 3222 quod
1859 3129 2060 3199 iaciat
2085 3128 2346 3199 nodum
2375 3129 2445 3198 in
2492 3135 2719 3220 guttu-

1158 3260 1258 3315 re,
1297 3238 1479 3306 sicut
1522 3244 1628 3305 est
1669 3234 1896 3306 nodus
1946 3238 2020 3305 in
2067 3244 2340 3328 gutture
2391 3235 2718 3305 hominis.

1163 3344 1299 3413 Sed
1338 3355 1571 3413 tamen
1602 3344 2001 3435 epiglottide
2037 3347 2440 3436 constringit
2469 3355 2537 3415 et
2564 3368 2721 3436 ape-

1164 3456 1251 3522 rit
1307 3453 1491 3521 viam
1545 3476 1783 3522 canna·
1834 3477 1990 3522 cum
2047 3453 2305 3545 aliquid
2355 3451 2488 3521 cibi
2544 3455 2722 3527 intra

1162 3583 1237 3630 se
1266 3558 1532 3652 recipit,
1572 3560 1753 3631 sicut
1779 3559 2079 3631 diximus
2106 3560 2190 3629 de
2237 3558 2537 3630 hominis
2570 3569 2723 3653 gut·

1171 3675 1352 3737 ture.

1255 3769 1575 3864 Amplius
1603 3779 1838 3843 antem
1877 3771 2191 3864 quiedam
2219 3793 2467 3862 genera
2486 3773 2718 3841 avium

1163 3903 1319 3972 quie
1358 3901 1502 3949 non
1530 3877 1791 3948 habent
1825 3901 2115 3971 magnos
2149 3900 2441 3971 ungues,
2466 3877 2720 3953 habent

1161 3992 1231 4057 in
1270 4010 1468 4056 crure
1519 4008 1648 4054 suo
1692 3986 2039 4078 quoddam
2079 3987 2496 4078 prominens,
2542 3989 2720 4059 sicut

1157 4096 1246 4164 sit
1273 4095 1534 4184 digitus
1569 4093 1852 4185 quidam
1899 4115 2208 4169 carneus,
2248 4092 2424 4161 sient
2466 4091 2713 4183 gallus,

1156 4211 1226 4271 et
1262 4200 1521 4294 gallina
1546 4200 1758 4270 habet
1782 4200 1991 4271 etiam
2015 4200 2290 4292 signum
2318 4200 2514 4269 istius
2546 4224 2563 4270 ε
2594 4202 2716 4272 sed

1158 4330 1299 4376 non
1329 4315 1435 4377 est
1462 4305 1868 4399 perfectum,
1899 4328 1983 4375 eo
2010 4305 2197 4398 quod
2219 4305 2359 4374 iere
2396 4308 2467 4374 in
2495 4308 2716 4376 omni-

1160 4415 1287 4483 bus
1333 4411 1562 4486 deficit
1595 4434 1802 4482 nexus
1849 4411 2268 4498 immininus,
2299 4435 2454 4504 quas
2493 4413 2714 4506 perfe-

1153 4532 1263 4593 cta
1297 4522 1562 4591 suntin
1601 4519 1933 4593 masculo.
1966 4518 2245 4589 Nullum
2291 4522 2474 4591 enim
2507 4520 2711 4591 vola-

1156 4626 1274 4698 tile
1340 4650 1753 4719 magnorum
1819 4636 1888 4697 et
1953 4649 2321 4696 curvorum
2374 4629 2709 4720 unguium

1151 4736 1622 4804 communicat
1664 4758 1823 4803 cum
1864 4732 2329 4804 additamento
2380 4757 2396 4801 ε
2437 4736 2600 4827 quia
2636 4736 2707 4804 in

1151 4841 1288 4912 illis
1353 4841 1601 4912 avibus
1676 4841 1960 4910 materia
2013 4841 2210 4912 istius
2266 4841 2705 4913 additamenti

1152 4950 1397 5019 transit
1445 4950 1517 5018 in
1565 4972 1856 5041 ungues.
1903 4946 2195 5019 Vol-tile
2237 4957 2463 5018 nutem
2513 4953 2705 5021 curvi

1149 5057 1430 5149 unguis,
1499 5054 1667 5125 boni
1738 5063 1844 5125 est
1904 5053 2173 5139 volatus
2223 5078 2242 5124 ε
2291 5066 2361 5126 et
2427 5055 2705 5128 volatile

1148 5164 1338 5255 quod
1362 5162 1772 5256 predictum
1801 5161 2007 5233 habet
2031 5162 2519 5244 addimentum,
2552 5188 2704 5257 gra·

1148 5273 1253 5340 vis
1280 5281 1383 5342 est
1419 5271 1722 5352 volatus,
1760 5272 1936 5341 sicut
1962 5270 2286 5352 fasianus,
2328 5280 2399 5341 et
2435 5274 2698 5364 perdix,

1146 5387 1214 5447 et
1240 5379 1493 5471 gallus,
1524 5388 1596 5450 et
1617 5379 1854 5448 omnia
1884 5377 2069 5457 talia,
2102 5401 2255 5471 qnae
2290 5388 2409 5449 aut
2449 5379 2704 5452 habent

1144 5486 1402 5556 dictum
1470 5487 2045 5567 additamentum,
2101 5494 2224 5556 aut
2271 5487 2549 5580 signum
2600 5489 2703 5581 ip·

1144 5594 1479 5771 aiuthuc
1513 5712 1747 5774 autem
1805 5624 2142 5795 quedam
2111 5632 2432 5792 genera²
2463 5703 2697 5773 avium

4297 374 4423 442 183

2851 541 3109 612 habent
3139 546 3208 610 in
3257 541 3590 630 capitibus
3620 543 3764 607 suis
3811 545 4188 621 coronalia,
4225 547 4421 636 quasi

2848 651 3007 717 sint,
3048 650 3357 739 galeata:
3393 656 3458 714 et
3520 646 3655 714 hoc
3720 647 4091 738 aliquando
4160 659 4262 717 est
4335 674 4420 719 ex

2848 752 3105 849 pluma3
3158 757 3331 823 sicut
3380 757 3450 822 in
3505 778 3774 846 pavone
3823 766 3890 824 et
3946 780 4204 848 upupa.
4266 759 4422 827 Ali-

2842 864 3120 955 quando
3178 874 3406 932 autem
3474 874 3575 933 est
3633 888 3719 933 ex
3774 864 3947 932 dura
4003 868 4411 946 substantia,

2848 996 2999 1064 quae
3043 975 3267 1042 media
3308 984 3412 1043 est
3442 977 3617 1041 inter
3652 997 3929 1042 carnem
3981 983 4047 1043 et
4076 976 4418 1068 cartilagi-

2846 1106 3030 1162 nem,
3065 1085 3237 1151 sicut
3267 1084 3336 1149 in
3366 1083 3583 1171 capite
3616 1079 3777 1171 galli
3808 1090 3877 1149 et
3906 1081 4210 1172 gallinae,
4247 1093 4317 1152 et
4343 1086 4414 1151 in

2844 1193 3061 1282 capite
3105 1193 3253 1281 ejus
3301 1190 3484 1281 quod
3524 1197 3809 1257 vocatur
3849 1190 4103 1281 pullus
4157 1213 4408 1283 aquae:

2845 1305 2912 1365 et
2939 1306 3042 1364 est
3090 1299 3362 1387 nigrum
3410 1294 3672 1362 habens
3720 1294 3991 1384 galeam
4040 1295 4270 1364 albam
4301 1296 4417 1385 ja-

2845 1412 3111 1472 centem
3158 1425 3364 1493 supra
3419 1402 3745 1469 verticem
3810 1403 4053 1492 capitis
4100 1406 4208 1472 sui
4273 1425 4417 1483 non

2842 1519 3164 1580 erectam.
4401 1584 4408 1591 ⁸

2932 1618 3095 1686 Haec
3124 1618 3330 1709 igitur
3357 1626 3425 1686 et
3452 1617 3559 1684 his
3601 1616 3859 1685 similia
3889 1626 4052 1685 sunt
4100 1616 4414 1685 membra

2843 1725 3200 1793 manifesta
3236 1725 3499 1793 avium.

3260 2717 3267 2724 ·
3376 2691 3674 2761 CAPUT
3718 2689 3877 2758 vll.

2832 3460 2935 3526 De
2989 3460 3381 3548 manifestis
3413 3460 3722 3551 piscium
3761 3458 4089 3527 membris
4138 3481 4391 3529 secun-

2915 3563 3086 3632 dum
3127 3566 3783 3633 communicantium
3832 3576 3901 3634 et
3925 3565 4392 3658 differentiam

2915 3668 3385 3737 omuideratis.
3506 3730 3519 3743 ,

2909 4520 3011 4590 De
3049 4520 3338 4612 piscium
3393 4529 3624 4588 autem
3674 4518 4009 4589 membris
4041 4541 4388 4613 exseque-

2820 4654 2977 4700 mur
3019 4631 3262 4700 eodem
3312 4629 3544 4699 modo.
3590 4630 3825 4698 Genus
3869 4653 4035 4722 ergo
4089 4631 4385 4722 piscium

2819 4736 3025 4807 habet
3053 4738 3316 4828 species
3358 4735 3558 4806 valde
3605 4736 3938 4816 diversas,
3967 4744 4038 4806 et
4073 4735 4389 4807 diversa-

2814 4867 2972 4916 rum
3034 4841 3235 4912 valde
3272 4844 3675 4936 figurarum.
3711 4843 3851 4912 Sed
3899 4865 4144 4912 omnes
4190 4843 4383 4911 modi

2818 4952 3194 5044 specierum
3223 4952 3514 5044 piscium
3562 4952 3987 5019 conveniunt
4024 4951 4096 5019 in
4125 4948 4384 5020 hainen-

2813 5061 2904 5129 do
2932 5068 3140 5153 caput
3182 5068 3250 5128 et
3286 5058 3599 5128 membra
3638 5061 3984 5127 anteriora
4032 5067 4101 5128 et
4137 5067 4381 5150 poste-

2816 5168 3023 5252 riora,
3054 5174 3124 5237 et
3157 5167 3230 5236 in
3273 5164 3596 5238 habendo
3631 5165 3925 5243 caudam
3983 5187 4120 5258 qus
4146 5168 4380 5258 pinne

2814 5297 2957 5344 non
3002 5284 3161 5344 sunt
3205 5283 3559 5367 separatae.
3603 5274 3725 5343 sed
3774 5272 4197 5344 coherentes
4240 5275 4378 5344 tela

2814 5381 3110 5475 quadam
3144 5404 3163 5450 ε
3196 5380 3315 5450 sed
3343 5380 3576 5450 caudae
3615 5402 3860 5449 eorum
3886 5391 4052 5451 sunt
4087 5382 4378 5452 diversa

2807 5490 3048 5560 forma
3080 5499 3153 5559 et
3184 5489 3447 5581 tigurae.

2779 5670 2789 5679 ,
2902 5595 3144 5665 Adhuc
3186 5604 3417 5665 autem
3456 5597 3527 5664 in
3570 5596 3879 5665 carentia
3914 5594 4378 5689 quorumdam

2811 5707 3323 5776 communicant
3367 5701 3867 5776 membrorum.
3904 5700 4153 5775 Nullus
4188 5705 4379 5781 enim
