4919 6371
637 357 767 423 446

630 522 858 590 labore
904 544 918 586 :
952 540 1125 608 saepe
1157 517 1340 584 enim
1373 518 1531 592 coit,
1568 523 1633 582 et
1671 514 1955 582 faciliter
2003 516 2186 583 nidi-

630 630 803 695 ficat.
840 625 1154 692 Nidificat
1184 632 1412 691 autem
1447 646 1648 713 super
1676 624 1955 693 arbores
1988 627 2056 690 in
2087 626 2186 692 lo-

625 737 719 801 cis
757 733 1159 811 nemorosis,
1214 732 1328 799 ubi
1388 741 1546 801 sunt
1601 732 1788 800 lacus
1856 733 2051 800 multi
2119 740 2186 800 et

627 865 840 934 aquae.
896 842 1016 910 Est
1061 851 1289 911 autem
1343 842 1528 911 aliud
1575 843 1917 933 quoddam
1967 863 2183 932 genus

623 949 707 1018 ab
729 951 1017 1019 inductis
1039 949 1329 1031 duobuS,
1353 950 1538 1041 quod
1557 957 1838 1017 vocatur
1866 950 2176 1026 astutiae,

623 1059 705 1128 de
755 1083 889 1152 quo
921 1058 1360 1151 proverbium
1401 1066 1503 1126 est
1546 1055 1826 1146 vulgare
1866 1058 1936 1123 in
1975 1054 2180 1122 fabu-

622 1167 726 1248 lis,
771 1168 955 1259 quod
984 1165 1350 1258 aliquando
1383 1165 1507 1230 fuit
1543 1185 1780 1230 servus
1825 1162 2020 1251 piger
2067 1160 2178 1228 di-

622 1277 838 1367 ligens
868 1278 1192 1367 quietem,
1237 1274 1353 1363 qui
1402 1277 1700 1337 mutatus
1741 1276 1842 1335 est
1878 1290 1917 1334 a
1947 1267 2075 1334 diis
2105 1268 2175 1333 in

620 1408 814 1453 avem
879 1407 894 1451 ε
958 1390 1235 1473 propter
1301 1377 1489 1469 quod
1554 1375 1775 1444 adhuc
1826 1376 1974 1466 ipsa
2030 1379 2176 1444 avis

621 1493 800 1559 iners
838 1496 1035 1559 estet
1066 1490 1204 1556 otio
1238 1485 1556 1562 resoluta.
1595 1485 1754 1552 Hoee
1793 1484 2000 1574 igitur
2049 1483 2175 1551 tria

620 1619 868 1690 genera
898 1597 966 1663 in
996 1595 1349 1664 communi
1376 1599 1710 1663 vocantur
1747 1590 2168 1670 artadatom,

622 1714 688 1775 et
716 1707 823 1773 isti
864 1713 1022 1773 sunt
1059 1726 1286 1772 mores
1332 1702 1579 1771 horum
1610 1722 1942 1792 generum
2000 1722 2173 1790 quos

623 1815 944 1883 diximus.

707 1923 874 1990 Avis
904 1928 1130 1989 autem
1170 1919 1497 1996 fraudius,
1548 1918 1631 1986 de
1670 1939 1806 2007 qua
1843 1916 2166 1996 diximuS,

619 2029 750 2098 hoc
776 2028 981 2097 habet
1008 2028 1386 2119 proprium,
1422 2025 1605 2115 quod
1633 2022 1924 2093 libenter
1950 2046 2171 2092 come·

618 2140 715 2206 dit
753 2138 986 2206 oculos
1024 2136 1280 2214 avium,
1316 2141 1382 2201 et
1410 2133 1563 2201 ideo
1591 2140 1847 2223 pugnat
1881 2133 2016 2200 acri
2048 2155 2173 2221 pu-

616 2268 749 2337 gna
779 2268 935 2314 cum
975 2265 1099 2312 ave
1131 2264 1279 2333 quae
1307 2242 1460 2309 arki
1486 2248 1793 2307 vocatur.
1833 2238 1970 2307 Sed
2012 2261 2172 2307 mo—

615 2376 720 2422 res
749 2353 897 2442 ejus
935 2353 1006 2420 in
1036 2352 1186 2420 aliis
1215 2349 1520 2439 ejusdem
1551 2349 1697 2415 avis
1729 2348 2036 2415 moribus
2066 2369 2172 2414 as-

614 2459 1020 2529 similantur.
1081 2458 1251 2526 Avis
1297 2464 1526 2525 autem
1574 2458 1849 2546 socoton
1894 2461 2161 2531 vocata,

613 2571 904 2639 duorum
963 2577 1065 2638 est
1116 2589 1468 2658 generum.
1539 2564 1763 2634 Unum
1820 2572 1921 2634 est
1968 2562 2166 2631 valde

612 2681 908 2769 nigrum,
951 2684 1018 2744 et
1063 2675 1352 2743 alterum
1392 2682 1488 2741 est
1537 2672 1733 2740 valde
1783 2670 2042 2748 album,
2102 2677 2169 2738 et

611 2795 768 2856 sunt
797 2788 997 2853 unius
1035 2785 1431 2875 quantitatis
1461 2790 1525 2849 et
1555 2781 1797 2849 sinistis
1826 2782 2014 2848 vocis
2050 2802 2064 2846 :
2101 2787 2169 2848 et

609 2896 871 2964 mansio
915 2916 1149 2961 earum
1197 2899 1298 2960 est
1337 2892 1406 2958 in
1451 2893 1724 2980 regione
1764 2912 1917 2980 quae
1962 2891 2166 2977 Kay-

608 3027 771 3071 mem
802 3010 1088 3070 vocatur
1125 3024 1140 3069 ε
1169 3022 1294 3068 nec
1317 3020 1645 3088 umquam
1677 2997 1973 3066 iuventa>
2003 3002 2163 3064 sunt

609 3111 679 3178 in
717 3109 883 3178 locis
914 3107 1087 3175 aliis.
1124 3106 1242 3174 Est
1271 3114 1499 3174 autem
1530 3106 1675 3172 avis
1703 3104 1880 3172 dicta
1915 3103 2159 3185 lenem,

609 3240 757 3308 quae
795 3215 1035 3284 similis
1073 3223 1173 3284 est
1204 3213 1472 3282 cuidam
1504 3214 1612 3281 avi
1654 3219 1911 3281 vocatae
1939 3211 2166 3298 chyri-

605 3347 713 3392 cos
743 3324 958 3413 nigra,
1002 3322 1119 3389 sed
1162 3328 1263 3389 est
1302 3320 1583 3387 minoris
1628 3319 2051 3410 quantitatis,
2094 3325 2162 3385 et

605 3437 833 3500 manet
880 3431 947 3496 in
978 3427 1348 3504 montanis,
1383 3436 1449 3493 et
1482 3433 1776 3494 rostrum
1829 3425 1980 3514 ejus
2019 3445 2156 3492 non

602 3543 704 3603 est
750 3532 1033 3601 rubeum
1064 3533 1236 3601 sicut
1276 3538 1570 3599 rostrum
1603 3527 1936 3620 chyricos,
1974 3527 2159 3620 quod

603 3650 703 3711 est
723 3639 1090 3709 monedula
1125 3646 1474 3707 montana.
1512 3637 1771 3707 Leneos
1799 3644 2029 3706 autem
2055 3645 2160 3705 est

603 3751 806 3818 etiam
829 3748 1086 3840 species
1116 3744 1502 3816 monedula·
1533 3766 1685 3836 quae
1707 3744 1914 3835 pedes
1950 3753 2017 3813 et
2049 3765 2158 3811 ro·

594 3867 808 3927 strum
851 3858 1049 3948 nigra
1089 3854 1320 3925 habet.

681 3964 924 4033 Adhuc
960 3972 1191 4033 autem
1238 3964 1385 4032 avis
1430 3961 1605 4032 dicta
1651 3961 1901 4052 chyali,
1945 3959 2151 4028 habet

591 4082 727 4142 tres
760 4072 1003 4141 modos
1029 4073 1436 4162 specierum,
1470 4092 1767 4162 quorum
1816 4091 1995 4137 unus
2039 4068 2154 4135 di-

590 4181 766 4248 citur
816 4180 1193 4248 harduinus
1237 4202 1276 4246 a
1324 4178 1548 4246 resina
1591 4198 1743 4268 quaa
1783 4177 2153 4245 lmrclu’uos

589 4295 894 4365 vocatur,
944 4309 1028 4355 eo
1066 4284 1253 4376 quod
1290 4306 1429 4353 non
1475 4284 1770 4352 comedit
1807 4284 1935 4350 nisi
1975 4284 2151 4352 resi-

591 4418 749 4464 nam
805 4392 1128 4462 arborum
1180 4390 1650 4484 abiegnarum.
1715 4391 1867 4460 Alia
1915 4401 2145 4461 autem

588 4503 845 4595 species
874 4501 1120 4571 dicitur
1150 4500 1444 4570 multum
1475 4499 1813 4592 plumosa,
1845 4522 1928 4569 eo
1959 4499 2146 4591 quod

588 4606 790 4680 habet
819 4610 1107 4679 multam
1138 4609 1469 4701 plumam,
1503 4618 1571 4678 et
1620 4618 1725 4679 est
1760 4619 1973 4678 acutae
2010 4632 2145 4678 vo-

587 4720 705 4796 cis,
749 4728 816 4788 et
863 4726 963 4789 est
1003 4720 1072 4786 in
1120 4719 1496 4809 quantitate
1551 4716 1831 4809 oequalis
1878 4718 1938 4788 ei
1990 4739 2143 4809 quae

588 4832 870 4895 vocatur
920 4823 1251 4913 cleyricos.
1312 4822 1537 4891 Tertia
1595 4831 1825 4891 autem
1880 4824 2143 4913 species

587 4932 831 5001 dicitur
857 4929 1269 5021 dalyhadre,
1304 4935 1371 4998 et
1399 4936 1499 4997 est
1530 4929 1843 5019 quoedam
1882 4932 2143 5021 species

586 5038 887 5116 turturis,
922 5045 990 5106 et
1014 5044 1116 5105 est
1146 5038 1373 5105 minor
1399 5034 1898 5127 aliquantulum
1929 5060 2138 5128 quam

586 5146 730 5214 avis
758 5144 935 5213 dicta
965 5142 1284 5235 plumosa
1317 5164 1335 5213 ε
1367 5151 1432 5212 et
1460 5142 1610 5213 haec
1651 5151 1752 5212 est
1800 5145 2138 5214 maculata

585 5253 814 5343 parvis
842 5250 1154 5321 maculis.

672 5358 915 5431 Adhuc
945 5368 1174 5431 autem
1200 5360 1384 5431 aliud
1412 5382 1629 5454 genus
1667 5360 1814 5429 avis
1862 5361 2140 5431 inveni-

585 5476 696 5536 tur
722 5476 1040 5538 vocatum
1080 5490 1455 5547 mor-amus,
1507 5467 1691 5561 quod
1728 5477 2037 5538 moratur
2063 5472 2136 5539 in

579 5575 939 5668 lapidibus,
990 5582 1059 5645 et
1115 5576 1187 5644 in
1244 5577 1490 5666 majori
1549 5583 1740 5667 parte
1788 5576 2138 5648 invenitur

579 5684 648 5754 in
678 5684 845 5755 locis
872 5704 1027 5777 quae
1057 5681 1379 5752 dicuntur
1402 5684 1720 5766 Netaom,
1754 5693 1821 5756 et
1849 5692 1954 5756 est
1981 5709 2138 5756 ma-

1632 345 1716 415 D.
1768 344 1968 412 ALB.
2022 344 2240 416 MAG.
2293 343 2500 413 ORD.
2555 343 2852 411 PRAED.

2282 517 2452 605 joris
2503 517 2896 608 quantitatis
2943 538 3148 605 quam
3190 514 3430 606 chyc0,
3479 525 3545 583 et
3595 528 3694 584 est
3742 523 3853 586 ni-

2288 648 2568 715 grorum
2626 627 2902 715 pedum,
2968 633 3033 691 et
3089 625 3280 693 color
3335 627 3639 714 corporis
3705 629 3848 714 ejus

2288 742 2389 800 est
2427 734 2741 810 coelestis,
2778 743 2842 802 et
2892 742 3188 800 rostrum
3247 734 3397 822 ejus
3427 741 3528 801 est
3564 733 3848 823 longum

2285 839 2558 929 gracile,
2603 847 2669 907 et
2706 865 2903 908 crura
2929 849 3086 907 sunt
3117 841 3422 930 gracilia,
3475 848 3542 908 et
3571 843 3842 908 assimi-

2284 947 2511 1015 lantur
2538 949 2845 1015 cruribus
2886 950 3030 1016 avis
3062 972 3213 1039 quae
3251 951 3458 1039 cleyco
3488 958 3793 1018 vocatur.

2370 1056 2538 1121 Avis
2566 1062 2795 1122 autem
2834 1062 3076 1123 vocata
3105 1053 3423 1134 haledon,
3459 1056 3666 1126 habet
3694 1080 3843 1126 cor-

2279 1184 2407 1251 pus
2434 1162 2675 1243 viride,
2719 1170 2787 1228 et
2824 1184 2962 1229 non
2993 1169 3273 1252 apparet
3302 1163 3376 1229 in
3431 1162 3682 1242 hieme,
3719 1165 3835 1232 sed

2280 1270 2458 1361 apud
2517 1271 2983 1338 ascensionem
3031 1269 3454 1347 Arkatoron,
3491 1292 3694 1360 quam
3724 1294 3846 1361 pu-

2279 1386 2349 1445 to
2379 1398 2527 1446 esse
2566 1378 2650 1445 ad
2680 1379 3147 1445 ascensionem
3171 1376 3561 1446 Aldebaran
3578 1385 3647 1447 et
3661 1378 3844 1446 Tau-

2279 1488 2359 1564 ri,
2396 1485 2669 1576 quando
2712 1485 3129 1553 incalescunt
3157 1486 3325 1564 dies,
3364 1494 3431 1554 et
3470 1494 3573 1554 est
3619 1509 3847 1577 quan-

2278 1594 2487 1661 titatis
2518 1593 2820 1661 turturis.
2856 1593 3025 1661 Avis
3053 1601 3282 1662 autem
3322 1602 3567 1663 vocata
3608 1594 3847 1663 mala-

2277 1701 2617 1790 tlaeoselem,
2679 1722 2950 1791 semper
3007 1710 3238 1769 manet
3285 1702 3354 1768 in
3407 1701 3653 1770 eodem
3691 1702 3840 1770 loco

2275 1809 2501 1879 hieme
2548 1818 2616 1879 et
2647 1819 2902 1889 aestate,
2937 1818 3004 1878 et
3043 1813 3111 1877 in
3155 1810 3272 1879 illo
3326 1810 3479 1880 loco
3520 1820 3833 1892 venatur,

2277 1927 2344 1989 et
2380 1918 2632 1987 ibidem
2663 1921 2867 1987 etiam
2897 1920 3161 2009 capitur
3191 1921 3277 1988 ab
3308 1919 3730 2000 hominibuS,
3767 1928 3837 1989 et

2273 2024 2483 2095 habet
2515 2026 2713 2094 valde
2750 2048 3079 2117 magnum
3106 2034 3312 2116 caput
3340 2048 3356 2092 ε
3392 2034 3461 2095 et
3483 2029 3828 2117 quantitas

2275 2135 2422 2223 ejus
2479 2141 2578 2202 est
2636 2134 2863 2201 minor
2915 2132 3322 2224 vulvakym,
3385 2143 3451 2203 et
3494 2134 3831 2203 orificium

2274 2243 2419 2330 ejus
2458 2250 2561 2310 est
2597 2242 2966 2309 rotundum
3032 2264 3323 2332 parvum
3392 2250 3458 2310 et
3511 2242 3708 2320 forte,
3767 2250 3838 2311 et

2272 2348 2464 2418 color
2490 2350 2793 2438 corporis
2822 2349 2968 2437 ejus
2998 2358 3098 2417 est
3136 2350 3474 2428 cinereus»,
3528 2358 3595 2418 et
3633 2348 3836 2417 babet

2271 2458 2478 2550 pedes
2517 2481 2804 2551 magnos
2834 2466 2901 2527 et
2938 2457 3080 2527 alas
3119 2483 3434 2551 magnas,
3467 2468 3536 2528 et
3576 2460 3644 2528 in
3684 2482 3836 2527 ma-

2262 2569 2393 2659 jori
2452 2576 2642 2658 parte
2697 2565 3229 2657 deprehenditur
3277 2590 3400 2658 per
3455 2566 3827 2646 bubonem,

2271 2684 2337 2744 et
2390 2676 2653 2744 corium
2710 2675 2905 2766 pellis
2963 2677 3107 2764 ejus
3162 2674 3586 2744 assimilatur
3642 2677 3827 2742 corio

2269 2781 2593 2872 leopardi,
2627 2790 2694 2849 et
2742 2805 3012 2873 semper
3050 2790 3150 2850 est
3199 2784 3268 2849 in
3298 2806 3506 2873 grege
3537 2804 3831 2872 congre-

2269 2899 2449 2981 gata.

2358 2999 2708 3069 Invenitur
2762 3001 2966 3068 etiam
3033 3000 3259 3069 adhuc
3316 2998 3635 3091 quaedam
3694 2996 3828 3065 alia

2264 3108 2434 3187 avis,
2484 3130 2636 3201 quae
2668 3108 2932 3198 salet-os
2968 3116 3278 3189 vocatur,
3333 3107 3587 3177 coloris
3637 3107 3830 3174 cine-

2266 3217 2385 3296 rei,
2427 3217 2687 3286 habens
2716 3217 2919 3308 pedes
2950 3240 3254 3308 asperOS,
3288 3216 3445 3284 altae
3478 3212 3676 3285 valde
3699 3236 3830 3283 vo-

2263 3328 2383 3406 cis,
2426 3326 2546 3394 sed
2586 3326 2804 3394 exilis.

2347 3433 2591 3502 Adhuc
2673 3442 2902 3503 autem
2964 3435 3110 3502 avis
3165 3432 3344 3502 dicta
3407 3431 3821 3523 solikyrion,

2262 3564 2413 3633 quae
2449 3540 2690 3611 similis
2735 3549 2840 3609 est
2895 3540 3167 3609 cuidam
3214 3540 3483 3608 ketaros
3532 3545 3823 3614 vocatae,

2260 3656 2708 3740 preterquam
2756 3648 2828 3716 in
2887 3646 3117 3717 colore
3173 3647 3505 3738 corporis,
3568 3648 3639 3715 in
3694 3645 3830 3715 hoc

2259 3757 2441 3826 enim
2472 3754 2714 3824 similis
2751 3763 2853 3823 est
2890 3754 3229 3846 praedictis
3260 3753 3528 3823 avibus.
3564 3753 3642 3821 ln
3672 3775 3827 3822 ma-

2247 3863 2386 3954 jori
2422 3871 2651 3933 autem
2683 3870 2871 3953 parte
2910 3860 3057 3932 ha‘c
3104 3862 3251 3930 avis
3289 3860 3820 3953 deprehenditur

2255 3970 2324 4038 in
2367 3969 2614 4039 hieme.

2346 4076 2524 4146 Sunt
2550 4084 2779 4145 autem
2811 4084 3054 4166 praeter
3092 4074 3402 4145 inductas
3430 4098 3592 4145 aves
3632 4074 3817 4143 mul-

2256 4191 2340 4253 1ae
2369 4206 2523 4276 quae
2569 4183 2637 4252 in
2683 4182 3075 4251 civitatibus
3118 4205 3394 4251 manere
3432 4203 3817 4252 consueve-

2252 4299 2433 4370 runt,
2468 4314 2594 4361 nec
2621 4298 2890 4360 mutant
2919 4291 3071 4359 loca
3097 4312 3246 4370 sua,
3280 4313 3501 4382 neque
3531 4288 3818 4359 abscon·

2251 4400 2507 4492 duntur
2543 4400 2613 4467 in
2643 4399 2927 4479 fissuris,
2974 4398 3093 4467 sed
3152 4406 3431 4468 manent
3478 4396 3705 4467 hieme
3748 4406 3812 4466 et

2247 4499 2536 4578 oestato‘:
2581 4517 2647 4578 et
2683 4508 2854 4577 dixit
2885 4506 3052 4576 mihi
3085 4506 3303 4578 tidelis
3331 4516 3398 4578 et
3440 4505 3806 4585 veridicus,

2248 4616 2434 4709 quod
2453 4616 2591 4685 duo
2608 4618 2856 4685 cervia
2888 4613 3313 4707 temporibus
3342 4637 3636 4707 quorum
3668 4636 3808 4682 non

2248 4734 2469 4796 exstat
2515 4726 2869 4802 memoria,
2917 4723 3049 4795 hoc
3086 4733 3211 4802 est,
3258 4724 3414 4815 plus
3440 4746 3649 4815 quam
3687 4745 3808 4814 per

2245 4842 2520 4905 centum
2558 4856 2800 4911 annos,
2836 4834 2905 4901 in
2946 4832 3114 4900 turri
3172 4831 3471 4924 quadam
3527 4852 3808 4901 manse-

2246 4949 2404 5012 runt
2443 4939 2625 5032 apud
2670 4940 3013 5007 civitatem
3063 4937 3301 5007 Gallim
3340 4959 3493 5028 quoe
3543 4937 3805 5006 Corvo-

2245 5058 2395 5117 tum
2430 5055 2738 5127 vocatur,
2785 5052 2853 5115 et
2893 5048 3083 5116 omni
3133 5068 3317 5114 anno
3367 5045 3704 5125 nutriunt,
3737 5052 3805 5112 et

2243 5155 2411 5248 pulli
2458 5175 2696 5224 eorum
2743 5153 3032 5245 singulis
3068 5155 3271 5222 annis
3320 5152 3724 5221 auferuntur
3781 5174 3799 5221 ε

2243 5272 2311 5333 et
2339 5272 2563 5331 tamen
2596 5283 2735 5330 non
2764 5270 3042 5353 propter
3068 5260 3203 5329 hoc
3231 5259 3464 5328 locum
3486 5268 3806 5329 mutave-

2242 5379 2428 5441 runt.
