4919 6371
692 330 816 397 128
1682 329 1765 396 D.
1817 326 2016 394 ALB.
2068 326 2283 393 MAG.
2338 326 2545 396 om).
2597 328 2892 397 PRAED.

687 500 915 590 gentia
960 506 1026 568 et
1070 498 1383 568 formalia
1413 500 1484 565 in
1530 497 1809 565 homine
1852 496 2233 584 diriguntur
2336 504 2492 585 post
2553 500 2774 587 ipsum
2823 508 3058 590 gustus
3110 499 3483 567 secundum
3549 499 3735 592 quod
3789 510 3890 569 est

686 607 1057 676 secundum
1104 609 1308 674 situm
1361 606 1445 672 ad
1497 603 1806 692 superius
1855 600 2115 679 mundi,
2168 607 2231 686 et
2334 601 2607 689 quidam
2666 612 2905 670 tactus.
2973 606 3102 671 Alii
3163 614 3390 673 autem
3467 630 3708 676 sensus
3768 608 3887 698 qui

679 715 1125 806 intelligentia
1174 719 1408 780 movet
1462 719 1531 778 et
1567 708 1740 798 regit
1785 708 1855 773 in
1894 708 2013 787 eiS,
2057 706 2230 774 sicut
2330 708 2890 797 complexionem⁸
2916 732 3054 777 non
3086 712 3414 790 indicant,
3450 723 3610 782 sunt
3649 716 3720 781 in
3751 714 3888 782 ho-

677 822 836 889 facit
862 821 1216 919 superiora
1253 813 1491 883 mundi
1534 836 1549 880 :
1584 820 1651 879 et
1677 812 1822 881 haec
1851 813 2227 904 intelligen-
2328 816 2512 884 mine
2550 814 2930 884 hebetiores
2978 820 3241 884 caeteris
3291 820 3527 887 multis
3559 822 3886 890 animali-

676 930 771 998 tia
815 952 957 997 non
995 935 1099 996 est
1136 924 1425 1013 alicujus
1464 923 1768 1012 corporis
1798 932 2010 1002 actuS‚
2054 924 2226 991 sicut
2327 922 2478 990 bus.

674 1061 798 1106 nee
843 1034 1291 1124 intelligentia
1340 1053 1494 1121 quie
1544 1040 1776 1100 movet
1822 1041 1887 1100 et
1939 1033 2109 1123 regit
2154 1032 2222 1099 id
2412 1030 2545 1098 lste
2577 1032 2780 1124 igitur
2808 1038 2910 1099 est
2936 1032 3103 1099 situs
3143 1033 3616 1102 membrorum
3662 1039 3878 1104 mani-

662 1145 851 1237 quod
879 1150 982 1210 est
1009 1141 1324 1231 superius
1367 1141 1632 1219 mundi,
1669 1149 1736 1210 et
1782 1141 1912 1209 hoc
1940 1163 2080 1209 non
2121 1147 2221 1208 est
2319 1137 2553 1216 festus,
2597 1141 2712 1229 qui
2743 1142 2911 1207 situs
2950 1149 3050 1207 est
3085 1142 3154 1207 in
3205 1143 3301 1209 eis
3347 1143 3724 1210 secundum
3758 1166 3878 1212 or·-

653 1251 749 1317 ita
777 1252 848 1316 in
880 1246 1029 1315 aliis
1060 1246 1471 1316 animalibus
1505 1270 1521 1315 :
1559 1247 1871 1339 quoedam
1893 1249 2073 1315 enim
2097 1269 2219 1313 eo-
2321 1243 2547 1312 dinem
2577 1246 2933 1335 positionis
2959 1248 3286 1314 naturalis
3324 1273 3339 1316 :
3374 1257 3437 1316 et
3472 1249 3617 1318 haec
3648 1273 3869 1319 mem-

656 1350 807 1424 ruin
883 1355 1280 1446 imperfecta
1334 1363 1518 1433 sunt,
1593 1377 1719 1423 nec
1783 1354 2016 1420 omnia
2089 1354 2217 1420 ista
2317 1349 2438 1417 bra
2479 1359 2638 1418 sunt
2684 1355 2955 1444 cognita
2999 1354 3372 1422 secundum
3430 1357 3873 1427 consuetudi-

655 1463 965 1532 membra
991 1463 1267 1533 habent.
1306 1460 1640 1543 Quaedam
1670 1469 1898 1529 autem
1929 1458 2203 1539 habent,
2315 1479 2474 1526 nem
2514 1481 2719 1549 quam
2760 1469 2942 1529 tenet
2989 1469 3232 1529 natura
3281 1462 3351 1529 in
3391 1464 3865 1534 membrorum

647 1570 768 1640 sed
820 1595 963 1641 non
1020 1571 1396 1642 secundum
1453 1570 1667 1638 situm
1734 1565 1999 1654 mundi,
2039 1569 2212 1634 sicut
2311 1566 2648 1655 positione
2690 1590 2706 1634 :
2751 1576 2820 1636 et
2862 1569 2917 1636 si
2947 1567 3140 1637 aliter
3178 1571 3290 1650 sit,
3323 1571 3662 1662 contingit
3701 1595 3868 1640 casu

650 1677 860 1749 homo
894 1702 912 1748 ε
946 1678 1243 1749 hominis
1275 1679 1460 1746 enini
1517 1685 1720 1768 caput
1772 1676 1841 1744 in
1880 1698 2016 1767 quo
2051 1681 2211 1743 sunt
2311 1681 2375 1742 et
2399 1699 2521 1766 per
2559 1698 2886 1745 errorem.
2923 1676 3184 1746 Horum
3236 1687 3466 1746 autem
3506 1681 3866 1750 membro-

644 1789 934 1857 virtutes
962 1785 1457 1857 intellectuales
1500 1795 1571 1856 et
1619 1784 1972 1864 animaleS,
2017 1785 2208 1876 posi·
2310 1806 2462 1852 rum
2499 1783 3023 1878 physiognomia
3053 1787 3381 1878 accipitur
3410 1810 3449 1856 a
3481 1788 3864 1858 Palemone

643 1902 790 1963 tum
819 1901 921 1963 est
952 1915 1160 1986 supra
1206 1900 1433 1962 totum
1482 1915 1730 1985 corpus
1760 1892 2093 1983 regimine
2140 1900 2207 1960 et
2307 1897 2373 1959 et
2453 1914 2493 1960 a
2567 1892 2756 1963 Loxe
2822 1892 3283 1986 Philosophis,
3346 1896 3462 1987 qui
3540 1896 3862 1965 subtilius

642 2001 773 2070 situ
810 2002 1186 2072 secundum
1221 2003 1641 2070 creationem
1670 2008 1738 2069 et
1767 2001 1976 2068 situm
2009 2022 2204 2067 mun·

640 2108 708 2175 di
735 2109 969 2188 totiuS,
1001 2110 1175 2177 sicut
1205 2130 1413 2200 supra
1451 2105 1775 2176 diximus.
1811 2104 2049 2197 Capita
2074 2128 2203 2174 ve-

636 2239 714 2286 ro
766 2216 1064 2286 aliorum
1093 2216 1496 2285 animalium
1526 2237 1736 2307 supra
1764 2237 2011 2306 corpus
2042 2213 2200 2306 qui-

639 2322 795 2392 dem
825 2334 985 2393 sunt
1023 2324 1381 2417 regimine,
1426 2322 1545 2393 sed
1587 2345 1727 2392 non
1771 2325 1905 2391 situ
1939 2343 1956 2390 ε
1990 2321 2198 2390 decli·

636 2439 800 2499 nant
832 2431 1017 2500 enim
1068 2430 1372 2500 anterius
1410 2452 1626 2522 prona
1683 2430 1755 2497 in
1803 2431 2078 2508 terram,
2132 2436 2198 2497 et

636 2562 776 2608 non
803 2547 963 2609 sunt
1010 2547 1234 2609 erecta
1269 2562 1285 2608 ε
1320 2539 1441 2608 sed
1480 2540 1552 2607 in
1600 2537 1733 2608 hoc
1779 2540 2196 2607 conveniunt

640 2646 827 2740 quod
875 2646 1128 2717 habent
1158 2645 1529 2740 quemdam
1568 2644 1877 2715 ordinem
1918 2646 2196 2737 positio-

635 2757 744 2824 nis
773 2756 1243 2824 membrorum
1273 2777 1431 2825 cum
1461 2753 1743 2823 homine
1769 2755 1840 2822 in
1886 2755 2194 2845 corpori-

630 2860 758 2930 bus
797 2863 964 2940 suis,
998 2861 1117 2930 sed
1147 2883 1287 2930 non
1328 2861 1397 2929 in
1437 2861 1573 2929 situ
1612 2860 1876 2940 mundi,
1911 2862 2079 2953 ‚quia
2121 2861 2189 2927 in

631 2967 952 3038 omnibus
988 2969 1089 3038 eis
1127 2976 1279 3060 post
1309 2975 1515 3060 caput
1552 2976 1653 3037 est
1689 2965 1944 3037 collum
1974 2969 2033 3037 si
2061 2966 2180 3036 ha-

627 3073 791 3145 bent
830 3074 1110 3155 collum,
1154 3082 1274 3144 aut
1310 3075 1380 3143 id
1410 3072 1598 3167 quod
1635 3082 1739 3145 est
1765 3072 1915 3144 loco
1944 3073 2100 3144 colli
2129 3074 2185 3143 si

628 3181 880 3252 collum
938 3205 1078 3253 non
1141 3179 1425 3263 habent,
1466 3191 1535 3253 et
1589 3191 1747 3275 post
1793 3181 2045 3253 collum
2085 3190 2186 3252 est

624 3297 862 3383 pectus
891 3299 959 3359 et
1003 3289 1283 3360 dorsum
1329 3310 1346 3359 z
1391 3296 1628 3382 pectus
1665 3288 1943 3382 quidem
1991 3298 2183 3360 ante-

625 3399 792 3484 rius,
831 3398 1112 3469 dorsum
1143 3406 1373 3468 autem
1419 3397 1759 3490 posterius
1792 3406 1901 3467 :et
1944 3406 2182 3468 venter

621 3509 724 3572 est
748 3510 907 3594 post
933 3510 1195 3595 pectus,
1229 3509 1297 3572 et
1325 3508 1565 3595 postea
1616 3510 1778 3572 sunt
1813 3500 2177 3583 anchoe,·et

618 3630 839 3691 coxoe,
872 3633 1097 3697 crura,
1136 3619 1207 3681 et
1252 3609 1493 3703 pedes,
1541 3610 1720 3681 sicut
1762 3609 2064 3681 diximus
2104 3611 2178 3681 iu

617 3713 1050 3788 antehabitis.
1086 3714 1227 3786 Sed
1255 3716 1429 3786 situs
1461 3719 1535 3786 iu
1561 3713 1714 3784 aliis
1737 3714 2170 3796 animalibus,

624 3822 1025 3893 differentiis
1068 3826 1242 3893 situs
1281 3822 1520 3892 mundi
1569 3846 1711 3893 non
1767 3822 2177 3916 respondent

622 3929 897 4002 directe.

574 4038 581 4045 ’
708 4035 967 4106 Sensus
999 4057 1170 4105 vero
1216 4056 1478 4129 organa
1515 4057 1600 4105 ex
1637 4036 1939 4105 maxima
1982 4042 2172 4127 parte

605 4144 680 4215 in
702 4141 1161 4225 animalibus,
1202 4141 1381 4212 sicut
1445 4141 1654 4224 oculi,
1709 4150 1778 4213 et
1826 4164 2051 4228 nares,
2106 4150 2173 4212 et

611 4251 872 4345 lingua,
905 4259 1064 4320 sunt
1091 4251 1315 4343 posita
1344 4251 1653 4320 anterius
1680 4250 1752 4319 in
1778 4249 1973 4328 facie,
2006 4273 2173 4344 prae·

613 4366 716 4430 ter
767 4358 992 4430 solum
1047 4358 1583 4428 instrumentum
1640 4358 1936 4440 auditus,
1987 4356 2170 4451 quod

612 4468 1074 4561 compositum
1103 4473 1208 4538 est
1255 4468 1327 4537 in
1374 4464 1702 4538 lateribus
1726 4466 1966 4559 capitis
1998 4489 2015 4537 ε
2048 4489 2172 4535 cu-

600 4577 718 4667 jus
772 4598 1051 4645 causam
1103 4576 1254 4666 jam
1310 4574 1625 4667 superius
1673 4576 2169 4669 assignavimus

609 4682 681 4752 in
719 4682 1080 4753 anatomia
1135 4683 1423 4751 auriam
1453 4702 1474 4751 ε
1508 4679 1628 4751 sed
1675 4681 1927 4752 directe
1963 4683 2172 4774 respi-

608 4790 797 4859 ciunt
826 4787 1065 4859 oculos
1092 4786 1472 4858 secundum
1511 4785 1964 4858 altitudinem.
1992 4788 2170 4859 Ocu·

608 4896 656 4967 li
687 4905 917 4967 autem
956 4893 1260 4965 hominis
1315 4895 1539 4987 magis
1580 4894 1970 4964 vicinantur
2002 4919 2170 4989 pro-

603 5007 925 5099 portione
987 5003 1391 5100 quantitatis
1453 5004 1561 5074 sui
1633 5003 1897 5097 capitis,
1955 5021 2163 5098 quam

603 5111 783 5182 oculi
842 5111 1138 5182 aliorum
1205 5110 1637 5183 animalium.
1698 5110 1883 5181 luter
1930 5113 2164 5182 oculos

603 5238 905 5311 namque
942 5218 1235 5289 aliorum
1285 5227 1390 5290 est
1443 5217 1732 5288 latitudo
1774 5218 2017 5289 frontis
2056 5221 2165 5313 ip—

603 5348 865 5407 sorum,
908 5328 1026 5396 sed
1058 5349 1198 5396 non
1235 5335 1339 5396 est
1376 5327 1556 5396 iuter
1599 5325 1836 5397 oculos
1862 5323 2160 5398 hominis

603 5432 736 5504 nisi
774 5455 1063 5505 acumen
1109 5434 1288 5506 nasi.
1318 5432 1407 5503 Et
1451 5455 1693 5504 sensus
1739 5432 2015 5527 quidem
2050 5443 2159 5504 ta-

2306 2020 2513 2090 quam
2533 1998 2645 2068 alii
2676 2009 2834 2069 sunt
2862 2023 3009 2069 eam
3050 2002 3299 2070 rimati.

2391 2105 2803 2197 Incipiamus
2848 2109 3054 2199 igitur
3099 2131 3138 2176 a
3185 2110 3682 2199 superioribuS,
3748 2110 3861 2178 di-

2301 2220 2528 2282 centes
2556 2214 2928 2283 secundum
2958 2214 3432 2294 Polemonem,
3479 2218 3667 2308 quod
3706 2217 3860 2310 qui·

2300 2318 2453 2387 dem
2492 2321 2698 2389 crassi
2746 2321 2863 2389 sed
2906 2321 3100 2389 solidi
3151 2324 3479 2392 virtutem
3523 2324 3852 2405 indicant,

2298 2422 2433 2491 laxi
2472 2431 2701 2494 autem
2739 2425 3202 2496 infirmitatem
3239 2428 3452 2496 animi
3491 2437 3559 2498 et
3600 2429 3861 2498 timidi·

2294 2535 2504 2600 tatem
2550 2532 2935 2601 ostendunt.
2982 2533 3269 2603 Ilumeri
3297 2542 3528 2604 autem
3578 2544 3848 2616 tenum,

2295 2644 2362 2705 et
2399 2640 2517 2729 qui
2547 2639 2618 2706 in
2647 2640 3189 2721 acumineererti
3219 2652 3404 2720 sunt,
3441 2644 3851 2713 insidiosum

2293 2746 2592 2816 indicant
2637 2745 3012 2816 hominem.
3061 2747 3194 2829 Qui
3241 2758 3469 2817 autem
3517 2752 3850 2821 discretos

2291 2851 2544 2923 habent
2582 2854 2903 2924 articulos
2940 2864 3006 2925 et
3058 2857 3304 2938 nodos,
3340 2857 3425 2925 ad
3481 2858 3846 2927 stultitiam

2290 2961 2695 3032 referuntur.
2745 2964 2911 3033 Tota
2957 2973 3184 3034 autem
3220 2966 3547 3056 junctura
3578 2968 3850 3058 adjuto·

2289 3070 2368 3137 rii
2407 3078 2475 3139 et
2526 3068 2786 3141 brachii
2835 3080 2901 3142 et
2939 3096 3206 3154 manus,
3249 3073 3526 3166 quando
3576 3075 3648 3144 in
3696 3083 3847 3144 tan·

2284 3183 2432 3245 tum
2495 3176 2903 3270 prolixitatis
2974 3181 3388 3263 extenditur,
3465 3191 3541 3252 ut
3600 3191 3841 3254 erecto

2282 3307 2565 3376 corpore
2613 3290 2999 3357 extremitas
3054 3289 3263 3358 medii
3316 3289 3515 3382 digiti
3572 3313 3837 3383 appro-

2278 3392 2563 3484 pinquet
2608 3393 2694 3462 ad
2734 3416 2937 3487 genu,
2968 3395 3123 3465 licet
3167 3418 3491 3467 mensura
3539 3407 3841 3490 quatuor

2279 3497 2551 3568 deliciet
2590 3498 2982 3593 digitorum,
3027 3501 3325 3572 humiles
3366 3503 3670 3573 ostendit
3717 3502 3843 3576 ho·

2277 3607 2498 3677 mines
2541 3616 2610 3678 et
2658 3608 2892 3680 fortes.
2940 3608 3114 3680 Cum
3167 3621 3404 3681 autem
3472 3612 3838 3706 prolixitas

2276 3711 2426 3784 hoec
2461 3713 2548 3785 ad
2599 3715 2823 3787 femur
2879 3715 3126 3788 desiuit
3177 3719 3286 3788 vel
3340 3743 3588 3813 parum
3644 3730 3829 3801 ante,

2277 3819 2652 3891 malevolos
2694 3821 2986 3892 declarat
3046 3821 3361 3893 homines
3416 3826 3618 3894 malis
3661 3825 3832 3895 alie·

2272 3926 2380 3995 nis
2407 3926 2805 4020 gaudentes,
2836 3930 2951 4021 qui
3010 3930 3231 3999 invidi
3263 3940 3622 4001 vocantur.
3648 3931 3833 4013 Qui-

2275 4056 2568 4127 cumque
2629 4044 2857 4106 autem
2927 4038 3154 4106 cibum
3196 4060 3354 4108 cum
3414 4038 3829 4110 discretione

2273 4152 2435 4212 sunt
2503 4152 2876 4239 sumentes,
2940 4144 3368 4238 pra-tendunt
3443 4154 3512 4215 et
3587 4154 3834 4218 exten·

2273 4248 2442 4317 dunt
2506 4271 2587 4319 os
2638 4271 2856 4342 usque
2899 4257 2975 4319 ut
3017 4259 3319 4319 occurrat
3364 4252 3627 4329 manui,
3669 4252 3832 4321 bre-

2268 4355 2384 4426 via
2435 4363 2506 4426 et
2555 4354 2917 4427 decurvata
2963 4356 3215 4427 habeut
3264 4379 3516 4428 manus
3551 4368 3621 4430 et
3665 4360 3832 4431 bra-

2270 4462 2449 4544 chia,
2518 4472 2589 4536 et
2648 4473 2809 4535 sunt
2858 4467 3172 4536 similiter
3244 4466 3566 4538 malevoli
3608 4475 3678 4539 et
3722 4468 3830 4538 in·

2266 4574 2408 4644 vidi
2447 4572 2824 4668 gaudentes
2870 4576 2943 4645 in
2998 4576 3195 4646 malis
3242 4577 3513 4648 alienis.
3552 4578 3826 4648 Tenues

2266 4691 2496 4752 autem
2524 4682 2759 4762 cubiti,
2799 4684 3148 4753 autetiam
3185 4685 3399 4777 pleni,
3430 4685 3550 4754 sed
3590 4684 3821 4753 imbe-

2265 4788 2477 4874 cilles,
2534 4789 2919 4882 significant
2968 4810 3090 4861 eos
3126 4793 3244 4884 qui
3292 4800 3450 4861 sunt
3479 4790 3820 4861 indociles

2263 4903 2331 4967 et
2360 4895 2586 4966 rudes.
2618 4896 2932 4988 Amplius
2966 4897 3258 4968 nimium
3288 4898 3532 4968 breves
3560 4905 3630 4969 et
3657 4901 3817 4970 exi-

2263 5003 2408 5096 gui,
2437 5001 2647 5073 tortos
2682 5000 3146 5074 demonstrant
3175 5013 3243 5075 et
3276 5003 3451 5075 bene
3496 5025 3812 5098 sagaces.

2264 5107 2524 5180 Crasso
2548 5116 2780 5180 autem
2805 5131 3052 5181 manus
3077 5113 3136 5181 si
3164 5111 3418 5204 digitos
3440 5111 3688 5189 breves
3715 5111 3821 5179 ul·

2262 5224 2369 5289 tra
2403 5217 2689 5289 modum
2723 5216 3040 5299 habeant,
3080 5218 3425 5290 declarant
3472 5220 3818 5314 tergiver-

2262 5347 2488 5395 sorem
2534 5331 2602 5395 et
2656 5326 3056 5396 insidiosum
3112 5335 3180 5397 et
3240 5326 3488 5399 iurem.
3563 5326 3815 5398 Manus

2261 5441 2491 5506 autem
2529 5433 2798 5503 intortas
2834 5441 2902 5503 et
2924 5442 3163 5505 tenues
3190 5434 3551 5528 loquacem
3593 5437 3821 5529 signi-

594 5542 748 5610 'ctus
791 5539 908 5636 qui
947 5539 1136 5611 solus
1171 5540 1431 5613 indicat
1484 5534 1979 5634 complexionis
2027 5540 2157 5612 bo-
2257 5543 2466 5613 fleant
2493 5546 2563 5612 et
2588 5561 2930 5612 voracem.
2977 5566 2980 5571 ·
3059 5562 3062 5567 ⁴

592 5646 898 5730 nitatem,
940 5654 1045 5719 est
1086 5648 1161 5717 iu
1195 5645 1485 5719 homine
1527 5646 1795 5718 subtilis
1820 5647 2051 5730 valde,
2080 5657 2153 5721 et

2345 5650 2617 5743 Digitos
2679 5656 2907 5720 autem
2987 5650 3232 5744 longos
3303 5652 3810 5746 longitudinem
