4919 6371
605 422 734 489 472

609 590 840 656 volare
907 604 1046 649 non
1095 586 1344 668 potest.
1420 575 1768 642 Invenitur
1825 571 2027 638 etiam
2090 568 2158 633 in

609 690 951 785 profundo
984 687 1275 754 alvearis
1304 685 1558 753 vermis
1598 705 1869 773 parvus,
1911 679 1991 746 de
2023 697 2159 767 quo

616 799 925 887 superius
955 796 1276 870 diximus,
1323 794 1439 885 qui
1496 794 1728 861 crescit
1775 793 1841 857 in
1880 786 2162 855 modum

619 927 906 986 araneae,
967 913 1031 971 et
1105 905 1270 970 texit
1330 905 1399 970 in
1467 901 1741 978 alveari,
1777 907 1842 966 et
1883 894 2166 962 destruit

620 1013 757 1081 mel
800 1035 814 1078 :
888 1020 951 1080 et
1015 1020 1176 1080 tunc
1233 1033 1394 1102 apes
1467 1010 1927 1077 destruuntur.
1994 1001 2165 1067 Atiae

621 1124 824 1189 etiam
855 1122 1281 1188 infirmitates
1314 1118 1555 1207 apibus
1587 1115 1896 1182 accidunt
1927 1133 2011 1177 ex
2041 1107 2171 1174 foe-

622 1239 770 1297 tore
835 1237 903 1295 et
1008 1226 1447 1315 corruptione
1531 1221 2010 1292 alveariorum,
2110 1220 2175 1278 et

625 1336 896 1428 quando
926 1334 1131 1401 nimis
1161 1333 1540 1420 quiescunt,
1585 1334 1648 1392 et
1681 1347 1823 1391 non
1864 1326 2179 1390 exercent

624 1467 695 1511 se
752 1465 873 1532 per
926 1439 1238 1506 volatum
1275 1460 1290 1503 :
1356 1444 1516 1502 tunc
1546 1434 1726 1502 enim
1767 1426 2178 1499 contrahunt

627 1546 1124 1637 superfluitates
1154 1552 1221 1611 et
1257 1543 1710 1610 infirmantur.
1747 1540 1997 1608 Contra
2025 1557 2182 1602 om-

630 1678 749 1724 nes
778 1662 1006 1721 autem
1034 1653 1196 1720 istas
1229 1651 1663 1719 infirmitates
1702 1655 1988 1715 utuntur
2016 1644 2182 1710 flore

635 1762 894 1853 origani
946 1760 1255 1851 agrestiS,
1308 1758 1493 1851 quod
1522 1759 1717 1825 leasse
1761 1754 1973 1822 Graeci
2033 1772 2186 1817 me-

641 1870 770 1937 dici
807 1876 1079 1936 vocant.
1117 1865 1317 1946 Quod
1345 1874 1574 1933 autem
1613 1863 1856 1931 melius
1887 1859 2188 1928 medica-

642 1986 755 2044 tur
802 1978 898 2044 eis
947 1977 1015 2042 in
1063 1996 1312 2065 genere
1358 1973 1647 2062 origani,
1694 1979 1789 2036 est
1841 1966 2024 2059 qnod
2057 1965 2188 2031 flo-

650 2107 793 2150 rem
857 2081 1062 2150 habet
1138 2080 1494 2156 albiorem,
1538 2077 1669 2145 hoc
1727 2077 1908 2144 enim
1949 2071 2192 2140 melius

649 2199 747 2257 est
779 2191 974 2279 nigro
999 2186 1107 2255 vel
1148 2187 1385 2255 rubeo.
1431 2184 1507 2252 ln
1539 2184 1764 2252 hieme
1806 2191 2030 2250 autem
2059 2202 2191 2247 no·-

647 2307 750 2364 cet
780 2297 967 2364 locus
998 2295 1239 2384 apibus
1271 2293 1569 2361 multum
1601 2291 1907 2381 frigidm,
1943 2297 2010 2356 et
2037 2311 2194 2355 con-

644 2405 830 2470 venit
862 2404 957 2469 eis
994 2402 1186 2468 locus
1224 2399 1508 2478 caliduS,
1543 2407 1610 2466 et
1648 2401 1715 2464 in
1763 2403 1993 2464 aestate
2024 2417 2196 2462 con-

645 2513 831 2579 venit
869 2513 965 2579 eis
995 2511 1183 2579 locus
1232 2516 1622 2598 temperatae
1676 2504 2086 2597 frigiditatis,
2129 2510 2191 2568 et

645 2630 845 2687 nocet
865 2620 961 2686 eis
990 2618 1180 2686 locus
1210 2617 1498 2685 calidus.

734 2724 977 2792 Adhuc
1034 2731 1262 2790 autem
1320 2745 1406 2789 ex
1455 2720 1561 2788 his
1592 2744 1739 2812 qnae
1768 2726 2011 2788 nocent
2043 2718 2198 2808 api-

644 2832 797 2909 buS,
860 2839 960 2898 est
1005 2838 1250 2898 ventus
1298 2828 1492 2897 fortis
1545 2836 2068 2918 tempestuosus,
2124 2834 2186 2893 et

646 2942 980 3030 praecipue
1020 2939 1366 3006 austrinus
1395 2947 1462 3006 et
1518 2935 1989 3005 occidentalis:
2027 2957 2194 3025 pro-

647 3056 796 3140 pter
823 3047 1005 3138 qnod
1044 3047 1160 3114 tali
1199 3054 1520 3138 surgente
1555 3054 1763 3113 vento
1793 3053 2004 3135 portae
2035 3066 2202 3111 exa-

651 3157 914 3224 minum
962 3178 999 3224 a
1042 3154 1439 3224 custodibus
1471 3153 1902 3231 clauduntur,
1928 3175 2012 3220 ne
2038 3174 2202 3220 ven-

650 3276 761 3333 tus
798 3264 1021 3333 valeat
1058 3264 1465 3331 subintrare.
1500 3264 1699 3354 Aqua
1727 3265 1931 3331 etiam
1975 3263 2197 3352 putri-

653 3374 740 3441 da
776 3382 841 3441 et
871 3376 1136 3463 impura
1168 3381 1230 3440 et
1262 3381 1580 3462 corrupta
1608 3373 1662 3439 si
1694 3394 1903 3464 prope
1935 3372 2202 3439 alveare

654 3479 877 3549 fuerit.
913 3502 1125 3547 unum
1166 3488 1265 3547 est
1295 3479 1379 3547 de
1417 3478 1840 3553 nocentibus,
1875 3480 2202 3569 quoniam

656 3610 816 3677 apes
871 3593 1371 3655 consueverunt
1443 3585 1526 3654 de
1625 3584 2204 3676 propinquissimo

657 3696 868 3762 fluvio
908 3701 1169 3784 potare,
1204 3701 1271 3763 et
1309 3693 1697 3762 desiderant
1732 3713 1979 3783 aquam
2039 3690 2202 3759 lim-

658 3802 889 3893 pidam
922 3808 986 3869 et
1014 3809 1378 3877 recentem,
1423 3823 1547 3891 per
1575 3822 1780 3892 quam
1819 3799 1954 3868 niel
2006 3800 2208 3867 recti-

662 3912 864 3977 lieent
908 3933 924 3977 :
967 3917 1034 3977 et
1072 3910 1125 3976 si
1166 3908 1372 3976 talem
1413 3909 1699 3975 fluvium
1730 3930 1940 3998 prope
1978 3930 2049 3975 se
2082 3906 2207 3974 lia-

660 4016 847 4087 bent.
915 4024 1152 4107 potant
1198 4039 1358 4084 enm
1393 4038 1409 4082 τ
1463 4016 1604 4083 etsi
1645 4037 1853 4105 prope
1892 4037 1963 4082 se
2001 4013 2205 4081 talem

662 4144 800 4190 non
840 4122 1115 4198 liabent,
1152 4128 1467 4213 qua-runt
1516 4144 1672 4189 euni
1724 4118 2020 4210 longius,
2081 4142 2207 4188 nec

660 4237 899 4320 potant
950 4230 1301 4297 venientes
1353 4228 1436 4295 de
1513 4227 1998 4317 negotiatione,
2077 4228 2206 4293 nisi

660 4335 849 4425 prius
902 4334 1340 4424 deposuerint
1412 4333 1748 4402 sarcinam
1807 4355 2012 4423 qnam
2043 4355 2208 4423 por-

660 4449 830 4518 tant,
864 4449 931 4508 et
977 4439 1483 4531 aliquantulum
1533 4439 2033 4531 refrigerentur.
2072 4438 2211 4506 ne-

660 4558 923 4640 ponunt
997 4548 1205 4640 igitur
1260 4549 1328 4616 id
1384 4548 1570 4640 quod
1641 4549 1862 4616 ferunt
1910 4549 1977 4616 in
2019 4570 2208 4615 casas

660 4680 818 4725 suas
857 4679 1206 4748 exagonas
1237 4679 1512 4747 parvas,
1546 4663 1615 4724 et
1643 4664 1803 4724 tunc
1839 4663 2100 4746 potant,
2145 4663 2212 4722 et

661 4772 1094 4832 revertuntur
1129 4763 1214 4831 ad
1244 4766 1701 4855 operationes.

751 4871 1125 4938 Maximum
1182 4879 1414 4939 autem
1446 4870 1631 4962 quod
1680 4871 2120 4961 negotiantur
2146 4880 2210 4939 et

662 4988 1051 5069 operantur,
1113 4988 1210 5046 est
1260 4979 1326 5046 in
1389 5002 1549 5047 vere
1610 4988 1676 5046 et
1708 4980 1774 5045 in
1814 4989 2146 5047 autumno
2190 5001 2206 5046 :

661 5087 776 5154 sed
801 5094 1032 5155 tamen
1072 5086 1206 5154 mel
1236 5087 1420 5155 veris
1450 5093 1553 5154 est
1573 5084 1837 5153 dulcius
1875 5096 1942 5155 et
1970 5085 2213 5154 melius

660 5200 728 5260 et
767 5193 1087 5260 mundius
1130 5215 1145 5260 :
1186 5192 1675 5261 universaliter
1709 5193 1890 5258 enim
1921 5190 2215 5282 loquen-

663 5298 750 5364 do
790 5299 1036 5367 melius
1073 5308 1170 5366 est
1203 5298 1336 5367 mel
1369 5321 1661 5367 vernum
1695 5319 1900 5388 quam
1932 5307 2214 5365 autum-

664 5401 842 5481 nale,
875 5403 1030 5472 licet
1058 5404 1229 5472 forte
1260 5406 1328 5472 in
1370 5403 1758 5495 particulari
1791 5402 1917 5470 hoc
1948 5413 2216 5471 autum·

661 5510 817 5581 nale
847 5512 933 5579 sit
964 5511 1211 5580 melius
1242 5513 1373 5580 isto
1430 5511 1736 5580 vernali:
1788 5512 2047 5580 bonum
2102 5521 2215 5580 ta-

663 5642 822 5690 men
860 5617 993 5688 mel
1025 5625 1124 5686 est
1163 5641 1251 5686 ex
1287 5641 1442 5688 cera
1469 5640 1652 5688 nova
1695 5618 2097 5711 eliquatum,
2147 5627 2216 5688 et

666 5730 735 5799 in
766 5729 911 5823 ipsa
943 5732 1367 5798 contentum.
1402 5723 1606 5807 Quod
1634 5734 1863 5796 autem
1889 5727 2081 5796 estin
2107 5749 2216 5797 ce·

1604 399 1690 469 1).
1740 396 1940 467 ALB.
1992 392 2214 464 MAG.
2266 385 2472 460 ORD.
2524 385 2817 458 PRAED.

2275 586 2350 631 ra
2378 564 2657 653 antiqua
2703 570 2802 629 est
2857 559 3168 638 rubeum,
3205 563 3268 623 et
3315 551 3557 620 accidit
3587 548 3817 639 aliqua

2273 673 2615 761 corruptio
2647 693 2729 737 ex
2757 692 2938 747 vase,
2982 669 3153 734 sicut
3191 667 3395 730 etiam
3426 658 3662 748 ginfieit
3709 659 3821 722 vi-

2276 800 2440 845 num
2486 779 2827 868 corruptio
2887 777 3054 842 utris
3109 775 3178 839 in
3210 794 3344 862 quo
3377 777 3517 837 est:
3565 773 3631 834 et
3662 763 3817 831 ideo

2279 885 2461 975 quod
2519 907 2600 951 ex
2657 907 2807 952 cera
2863 884 3139 971 antiqua
3197 880 3553 968 excipitur,
3596 876 3818 966 primo

2281 1001 2381 1059 est
2417 990 2887 1059 exsiccandum
2920 998 3280 1076 antequam
3313 985 3717 1052 exhibeatur
3738 979 3822 1047 ad

2284 1122 2508 1167 usum.
2555 1100 2820 1165 Bonum
2854 1105 3074 1163 autem
3111 1104 3208 1161 est
3251 1093 3416 1159 illud
3445 1091 3630 1181 quod
3661 1088 3828 1156 sub-

2284 1207 2397 1275 tile
2431 1215 2498 1274 et
2537 1206 2868 1272 uniforme
2900 1211 3022 1280 est,
3075 1210 3139 1268 et
3194 1198 3414 1266 simile
3454 1220 3623 1264 auro
3655 1217 3825 1285 puro

2288 1314 2493 1380 fusili.
2554 1313 2805 1380 Album
2843 1319 3068 1379 autem
3109 1308 3241 1376 mel
3282 1307 3515 1373 dicunt
3548 1302 3828 1394 quidam

2287 1441 2432 1487 esse
2490 1441 2573 1486 ex
2636 1419 2913 1485 floribus
2971 1417 3231 1506 origani
3274 1413 3451 1481 albi:
3499 1410 3685 1502 quod
3722 1418 3832 1475 ta-

2288 1549 2448 1593 men
2478 1547 2616 1592 non
2655 1524 3103 1592 necessarium
3137 1543 3282 1588 esse
3319 1519 3612 1597 videtur,
3649 1537 3832 1607 quo-

2290 1634 2473 1702 niam
2524 1656 2607 1701 ex
2646 1632 2876 1700 multis
2921 1631 3139 1699 causis
3187 1628 3488 1696 albescit.
3535 1624 3827 1704 Quando

2294 1749 2521 1810 autem
2547 1740 2802 1808 bonum
2842 1747 2938 1805 est
2969 1738 3128 1819 mel,
3163 1737 3447 1804 exituris
3487 1742 3554 1801 et
3595 1731 3838 1800 oculo-

2297 1871 2450 1916 rum
2497 1846 3008 1938 aegritudinibus
3049 1843 3461 1911 medicatur:
3507 1841 3670 1931 quia
3736 1844 3838 1904 est

2296 1955 2470 2024 bene
2517 1954 3138 2022 mundificativum:
3199 1960 3263 2018 et
3324 1948 3454 2017 hoc
3513 1944 3840 2036 estquod

2298 2071 2401 2130 est
2427 2060 2756 2129 mundum
2788 2059 3086 2136 inferius,
3124 2059 3192 2123 in
3228 2057 3421 2144 eujus
3453 2052 3668 2121 fundo
3700 2074 3843 2118 non

2298 2176 2456 2235 sunt
2492 2167 2728 2235 faeces:
2772 2167 2913 2233 lioec
2958 2165 3139 2232 enini
3212 2172 3312 2230 est
3349 2168 3592 2228 natura
3621 2155 3843 2226 mellis

2300 2275 2571 2366 quando
2625 2274 2880 2341 bonum
2954 2281 3077 2349 est,
3112 2270 3292 2361 quod
3363 2267 3712 2359 limpidius
3746 2271 3847 2331 est

2300 2384 2583 2452 inferius
2637 2407 2840 2474 quam
2894 2381 3227 2470 superius,
3281 2402 3361 2445 eo
3411 2376 3597 2466 quod
3645 2373 3846 2441 faeces

2302 2492 2448 2580 ejus
2515 2500 2672 2559 sunt
2731 2513 2887 2558 cum
2942 2510 3094 2556 cera
3128 2489 3195 2553 in
3226 2483 3606 2574 superficie.
3655 2478 3850 2548 Sicut

2302 2606 2530 2666 autem
2553 2599 2696 2688 jam
2736 2597 3051 2671 diximuS,
3086 2616 3241 2661 cum
3280 2597 3610 2680 apparent
3646 2588 3850 2654 flores

2301 2707 2371 2774 in
2435 2705 2766 2795 principio
2811 2705 3016 2779 veris,
3082 2700 3308 2767 statim
3350 2695 3484 2764 mel
3517 2694 3851 2784 incipiunt

2300 2814 2518 2881 facere
2584 2834 2768 2902 apes,
2818 2819 2883 2877 et
2939 2808 3089 2876 ideo
3120 2802 3641 2874 convenientius
3689 2811 3852 2869 tunc

2304 2920 2388 2988 ab
2463 2918 2842 2988 alvearibus
2889 2912 3286 2991 extrahitur,
3338 2935 3419 2980 eo
3473 2910 3661 3002 quod
3693 2918 3852 2977 tunc

2305 3050 2466 3117 apes
2520 3025 2940 3094 sollicitiores
3007 3029 3209 3090 erunt
3271 3020 3356 3087 ad
3434 3038 3852 3108 recuperan-

2304 3135 2492 3205 dum.

2395 3261 2637 3331 llerbae
2685 3269 2911 3329 autem
2949 3282 2988 3327 a
3036 3257 3285 3350 quibus
3315 3256 3658 3345 accipiunt
3687 3275 3855 3343 apes

2307 3371 2461 3461 plus
2505 3368 2723 3437 mellis
2763 3376 2823 3434 et
2876 3388 3043 3435 cerae
3079 3372 3283 3455 prout
3329 3361 3590 3452 antiqui
3632 3360 3849 3428 Graeci

2310 3477 2951 3552 determinaverunt,
2993 3480 3152 3540 sunt
3188 3468 3558 3537 erraficnlis
3595 3487 3852 3536 corona

2311 3585 2517 3674 regis,
2561 3604 2767 3673 quam
2805 3579 2900 3648 illi
2951 3580 3244 3671 ipat-ileu
3282 3582 3556 3652 vocant,
3603 3573 3857 3642 afl'era-

2311 3689 2507 3767 dilas,
2567 3695 2847 3779 myrtus,
2898 3686 3116 3777 agiOS,
3168 3682 3350 3775 quod
3389 3681 3525 3750 alio
3572 3680 3857 3747 nomine

2311 3793 2681 3888 pentafilon
2734 3795 2876 3862 sive
2934 3793 3235 3883 quinque
3301 3788 3462 3857 folia
3529 3795 3846 3862 vocatur,

2313 3902 2726 3987 cetliaricon,
2748 3903 2889 3969 sive
2909 3901 3324 3970 ceduarinm.
3359 3895 3710 3963 Avicenna
3742 3916 3861 3961 au·

2313 4021 2449 4079 tem
2498 4009 2682 4087 dicit,
2742 4008 2924 4100 quod
2973 4013 3132 4074 sunt
3160 4004 3356 4081 faboe,
3399 4009 3466 4070 et
3498 4001 3750 4092 melga.
3795 4006 3866 4068 et

2311 4114 2752 4191 sisimbrium,
2796 4122 3081 4206 myrtus,
3123 4132 3442 4202 papaver,
3475 4107 3859 4186 balaustiae,

2312 4231 2381 4292 et
2410 4223 2559 4291 alioe
2613 4221 2859 4313 planta·
2915 4219 3168 4287 multae.
3218 4216 3292 4284 ln
3338 4217 3592 4283 nostris
3621 4223 3854 4283 autem

2311 4329 2701 4398 climatibus
2728 4327 2878 4419 plus
2915 4328 3216 4416 accipere
3283 4346 3398 4391 eas
3451 4324 3771 4392 videmus
3816 4345 3860 4390 a

2313 4437 2456 4506 tilia
2497 4446 2561 4505 et
2590 4436 2676 4505 ab
2704 4436 2884 4503 oliva
2913 4431 3333 4507 florentibus,
3384 4439 3452 4499 et
3488 4453 3530 4497 a
3594 4430 3859 4506 mirica,

2314 4552 2382 4612 et
2443 4565 2802 4635 papavere,
2843 4549 2907 4609 et
2971 4538 3055 4607 ab
3110 4538 3481 4630 amigdala,
3535 4560 3747 4629 quam
3778 4535 3864 4603 ab

2313 4652 2466 4721 aliis
2491 4651 2762 4744 plantis.

2404 4758 2592 4828 Sicut
2623 4766 2849 4827 autem
2874 4754 3192 4833 diximus,
3238 4775 3480 4822 omnes
3529 4773 3693 4842 apes
3739 4772 3869 4819 ex-

2309 4864 2586 4934 trahunt
2614 4874 2870 4932 stercus
2897 4860 3216 4937 volando,
3259 4867 3377 4928 aut
3413 4881 3569 4928 raro
3601 4858 3872 4949 eligunt

2312 4974 2440 5042 sibi
2501 4995 2709 5041 unam
2765 4970 3061 5060 aliquam
3115 4990 3339 5037 casam
3392 4965 3502 5034 vel
3548 4965 3721 5033 duas
3748 4962 3862 5032 vel

2314 5089 2475 5160 tres,
2528 5078 2776 5171 quibus
2821 5076 3023 5167 longe
3068 5076 3306 5167 positis
3362 5076 3432 5142 in
3489 5072 3745 5141 alveari
3778 5070 3866 5139 ab

2316 5188 2467 5256 aliis
2494 5193 2779 5255 utuntur
2804 5207 2928 5275 pro
2956 5184 3240 5252 cameris
3272 5185 3337 5249 in
3389 5204 3562 5272 quas
3604 5187 3868 5248 sterco-

2316 5296 2571 5373 rizant;
2639 5293 2755 5362 sed
2808 5291 2940 5362 boc
2987 5292 3240 5360 faciunt
3288 5311 3466 5366 rare,
3500 5311 3642 5357 non
3675 5291 3861 5356 enim

2316 5403 2594 5480 faciunt,
2638 5402 2763 5469 nisi
2804 5400 2973 5469 forte
3003 5399 3168 5491 pulli
3200 5405 3317 5464 aut
3347 5394 3606 5465 debiles
3639 5396 3873 5487 apicu-

2316 5509 2400 5577 lae
2431 5516 2500 5577 et
2526 5508 2761 5588 aniles,
2798 5529 2946 5600 quae
2974 5505 3207 5574 volare
3234 5525 3375 5571 non
3413 5511 3726 5594 possunt.

2402 5618 2589 5708 Apes
2643 5622 2867 5683 autem
2915 5634 3066 5705 quoe
3099 5609 3553 5702 expeditiores
3598 5616 3764 5679 sunt
3799 5615 3866 5677 et

2316 5724 2600 5815 majoris
2629 5722 2904 5801 laboris,
2951 5727 3106 5788 sunt
3143 5740 3370 5811 parva:
3418 5717 3627 5787 fuscas
3667 5715 3866 5809 quasi
