4919 6371
2019 338 2187 406 LlB.
2241 338 2301 404 11
2349 337 2468 402 DE
2514 335 3102 421 ANIMALIBUS,
3150 336 3464 408 TRACT.
3520 340 3547 405 I
4265 351 4392 417 165

1166 531 1319 576 nem
1354 518 1583 575 autem
1616 508 1892 598 poplitis
1931 499 2385 598 post’eriorum
2416 507 2710 571 crurium
2820 515 2919 573 est
2995 507 3289 576 multum
3331 533 3602 600 magna:
3652 514 4075 601 quantitatis
4127 515 4393 583 Simili-

1163 622 1568 682 couverlunt
1601 614 1688 680 ad
1717 615 2024 681 dextram
2064 619 2455 691 retrorsum,
2491 621 2564 677 et¹
2592 635 2715 701 pe-
2819 623 2919 681 ter
2963 623 3191 682 autem
3261 617 3517 682 animal
3588 620 3772 708 quod
3841 622 4087 689 dicitur
4122 624 4389 691 haraba

1164 723 1318 789 dem
1349 731 1638 788 curvant
1668 723 1751 789 ad
1776 722 2094 789 interiora
2117 741 2349 785 versus
2380 729 2706 787 ventrem.
2814 721 3129 799 Arabico,
3168 721 3372 788 habet
3439 745 3678 791 omnes
3745 730 3953 816 pedes
4011 732 4384 799 anteriores

1162 828 1379 896 Aliter
1410 830 1594 896 enim
1636 837 1930 918 quatuor
1957 824 2242 914 pedibus
2272 829 2532 894 moveri
2570 850 2710 893 non
2815 828 3080 911 breveS,
3116 836 3181 894 ct
3210 827 3519 895 cubitum
3553 833 3833 921 quidem
3869 847 4108 905 curvat
4137 839 4221 906 ad
4271 842 4385 907 in-

1161 946 1485 1026 possent:
1532 936 1692 1026 quia
1735 933 2142 1024 posteriores
2189 933 2390 1024 pedes
2420 934 2705 1024 longum
2814 935 3022 1000 terius
3078 936 3446 1023 posteriuS‚
3507 937 3625 1004 sed
3694 939 3921 1029 pedes·
3955 946 4248 1034 porrigit
4313 955 4381 1014 et

1159 1042 1349 1131 pedis
1388 1047 1794 1110 convertunt
1829 1039 2133 1118 interius,
2205 1042 2321 1131 qui
2358 1041 2514 1107 facti
2553 1047 2710 1106 sunt
2814 1040 3018 1108 llectit
3048 1041 3133 1108 ad
3152 1044 3456 1110 anterius
3486 1054 3717 1114 extra:
3775 1048 3936 1138 quia
3979 1049 4108 1118 ista
4172 1052 4377 1120 flexio

1159 1150 1244 1219 ad
1275 1147 1794 1240 impingendum
1824 1149 2204 1237 posterius:
2250 1157 2317 1216 et
2354 1148 2507 1215 ideo
2562 1169 2707 1214 cur·
2811 1149 3136 1238 competit
3235 1153 3566 1220 notationi
3659 1164 3725 1224 et
3811 1157 4369 1247 apprehensioni,

1156 1268 1396 1326 vatura
1424 1256 1702 1346 poplitis
1750 1264 2031 1325 curvata
2067 1266 2167 1325 est
2223 1265 2413 1323 extra
2476 1264 2709 1344 poste-
2809 1258 2982 1323 sicut
3010 1267 3077 1345 et
3107 1258 3178 1352 in
3207 1255 3491 1325 homine
3541 1266 3642 1324 est
3674 1258 3880 1325 flexio
3929 1259 4371 1332 brachiorum

1155 1368 1316 1434 rius,
1362 1366 1761 1433 Anteriores
1791 1375 2021 1435 autem
2052 1365 2137 1433 ad
2167 1362 2552 1432 vehendum
2591 1387 2707 1433 an·
2808 1373 2874 1431 ct
2904 1353 3258 1432 manuum.
3301 1363 3665 1431 Declinaut
3706 1373 3934 1431 autem
3967 1369 4198 1435 omnia
4249 1369 4377 1438 ista

1151 1474 1361 1541 terius
1393 1474 1464 1538 in
1512 1481 1730 1551 motu,
1786 1481 1853 1542 et
1880 1472 2031 1540 ideo
2089 1478 2490 1539 convertunt
2553 1470 2703 1537 lon·
2804 1470 3010 1560 pedes
3032 1493 3194 1538 suos
3225 1471 3575 1544 modicum
3606 1481 3800 1539 extra
3828 1472 3915 1539 ad
3944 1473 4122 1542 latus
4164 1499 4378 1567 prop-

1151 1602 1316 1668 gum
1355 1579 1548 1670 pedis
1587 1583 1913 1658 anteriuS,
1975 1587 2042 1646 et
2099 1586 2529 1647 curvaturam
2582 1601 2703 1668 po·
2805 1587 2906 1646 tcr
2934 1579 3203 1669 pondus
3233 1581 3528 1669 pectoris
3559 1587 3627 1648 et
3674 1581 3959 1663 ventris,
4018 1584 4203 1672 quod
4269 1594 4374 1656 est

1150 1689 1333 1778 plitis
1364 1689 1701 1759 similiter.
1737 1688 1912 1769 Quia
1941 1689 2011 1754 in
2041 1686 2154 1754 illa
2184 1695 2284 1755 est
2311 1689 2523 1756 virtus
2550 1711 2704 1778 pro-

1149 1797 1411 1867 cessiva
1448 1796 1683 1888 pedis:
1726 1803 1792 1864 et
1827 1794 2032 1885 hujus
2061 1794 2280 1863 simile
2314 1804 2413 1863 est
2444 1797 2515 1862 in
2542 1796 2697 1862 navi
2749 1805 2753 1809 “

1149 1914 1216 1975 et
1245 1906 1454 1973 remis
1483 1910 1551 1972 et
1585 1901 2071 1994 gubernaculo.
2107 1902 2301 1970 Remi
2367 1903 2548 1971 enim
2587 1901 2699 1969 ul-

1149 2014 1482 2084 teriorant
1511 2035 1761 2080 navem
1793 2021 1859 2080 et
1888 2019 2356 2080 transmoveat
2394 2032 2543 2078 eam
2572 2033 2699 2079 an-

1145 2122 1356 2191 terius
1382 2121 1452 2188 in
1484 2121 1683 2188 navi:
1729 2119 1848 2187 scd
1896 2117 2426 2210 gubernaculum
2469 2127 2698 2208 poste-

1143 2230 1284 2298 rius
1313 2238 1591 2319 proptcr
1635 2250 1837 2296 usum
1894 2213 2317 2318 gubernandi
2382 2227 2696 2318 impingit

1142 2337 1501 2427 posterius·
1568 2334 1683 2405 Sic
1756 2335 1939 2403 enim
2017 2336 2269 2426 optime
2337 2335 2413 2403 fit
2470 2342 2695 2403 motus

1142 2445 1621 2536 quadrupedis
1659 2445 1883 2511 Homo
1913 2453 2140 2512 autem
2169 2444 2374 2511 flectit
2425 2443 2691 2512 cubitos

1144 2552 1226 2621 ad
1259 2555 1596 2644 posterius
1626 2562 1691 2621 ct
1734 2554 2052 2629 exterius,
2127 2562 2185 2618 ct
2258 2562 2484 2618 curvat
2546 2552 2692 2617 bra-

1141 2658 1373 2729 chium
1411 2658 1497 2727 ad
1536 2659 1835 2728 anterius
1866 2666 1933 2727 et
1964 2658 2243 2727 interius
2277 2681 2514 2726 versus
2570 2680 2692 2747 pe-

1143 2774 1332 2838 ctus:
1366 2768 1528 2858 quia
1565 2765 1694 2835 hoc
1750 2769 2077 2858 competit
2110 2765 2483 2858 operationi
2541 2788 2689 2857 quae

1142 2881 1282 2945 tota
1323 2882 1426 2943 est
1453 2898 1692 2944 versus
1720 2876 2022 2944 anterius
2047 2873 2369 2953 hominis,
2431 2882 2495 2942 ct
2532 2898 2691 2943 ver-

1140 3003 1255 3049 sus
1293 2981 1580 3050 interius
1616 2981 1764 3070 ejus
1804 2980 1891 3050 ad
1927 3000 2005 3050 'os
2044 2990 2109 3050 et
2143 2989 2400 3073 pectus.
2452 2980 2692 3072 Popli-

1139 3097 1276 3157 tem
1307 3097 1538 3159 autem
1579 3099 1817 3159 curvat
1854 3089 1941 3159 ad
1980 3090 2307 3173 anterius,
2339 3098 2404 3159 et
2422 3113 2574 3158 crus
2603 3090 2687 3158 ad

1133 3199 1472 3289 posterius
1514 3219 1531 3265 ε
1594 3200 1755 3290 quia
1816 3196 1951 3267 hoc
2006 3199 2324 3266 convenit
2374 3197 2688 3265 ambula-

1135 3305 1326 3382 tioni,
1362 3304 1540 3373 sicut
1576 3313 1761 3396 patet
1788 3327 1871 3373 ex
1908 3303 2018 3373 his
2056 3327 2205 3397 quae
2242 3305 2311 3372 in
2340 3306 2561 3396 primo
2601 3305 2688 3371 li-

1136 3410 1257 3480 bro
1296 3411 1380 3479 de
1421 3412 1728 3481 utilitate
1754 3422 1821 3480 et
1848 3414 2208 3482 anatomia
2231 3411 2684 3481 membrorum

1137 3519 1314 3590 dicta
1344 3528 1529 3589 suut.

1222 3627 1520 3721 Elephas
1546 3637 1781 3699 autem
1809 3652 1951 3700 noa
1976 3629 2183 3701 habet
2210 3629 2505 3723 aliquem
2529 3631 2686 3698 isto-

1138 3759 1293 3805 rum
1322 3734 1729 3805 modorum:
1771 3737 1960 3807 sedet
1988 3736 2174 3806 enim
2202 3744 2268 3805 et
2311 3737 2518 3805 flectit
2561 3759 2676 3828 pe·

1141 3843 1258 3912 des
1307 3843 1682 3912 anteriores
1736 3843 1874 3913 fere
1931 3844 2103 3913 sicut
2166 3843 2486 3912 animalia
2525 3866 2686 3934 qua·

1139 3949 1467 4042 ‹lrupedia
1493 3975 1511 4019 :
1539 3951 1656 4019 sed
1687 3952 1897 4044 pedes
1923 3952 2260 4043 posterius
2299 3952 2434 4021 fere
2483 3953 2683 4021 llectit

1136 4059 1311 4126 sicut
1346 4055 1602 4127 homo:
1650 4058 1775 4127 sed
1844 4058 2050 4127 simul
2116 4061 2351 4151 nequit
2413 4058 2680 4126 flectere

1135 4187 1374 4235 omnes
1401 4167 1866 4236 extremitates
1920 4172 2197 4258 propter
2257 4163 2525 4258 pondus
2577 4162 2682 4230 sui

1135 4274 1467 4363 corporis.
1523 4271 1643 4341 sed
1679 4294 1805 4364 pro
1866 4272 2252 4342 diversitate
2297 4279 2682 4363 temporum

1134 4379 1410 4447 fulcitur
1435 4402 1642 4472 super
1673 4380 1849 4449 latus
1877 4379 2187 4449 dextrum
2210 4388 2277 4449 et
2303 4380 2678 4456 sinistrum,

1135 4484 1541 4577 appodiatus
1575 4488 1818 4578 parieti
1846 4494 1966 4556 aut
1990 4485 2217 4555 arbori
2262 4484 2445 4566 forti,
2485 4495 2552 4555 et
2589 4486 2683 4555 sic

1136 4593 1425 4684 quiescit
1470 4601 1537 4663 et
1592 4592 1845 4665 dormit
1898 4601 2120 4664 stante
2173 4615 2498 4686 corpore:
2560 4616 2683 4662 nec

1133 4701 1577 4773 offenduntur
1619 4704 1689 4773 in
1717 4701 1852 4775 hoc
1879 4724 2075 4775 crura
2111 4725 2260 4796 quae
2316 4700 2683 4772 fortissima

1132 4811 1304 4881 facta
1342 4817 1502 4879 suut
1531 4810 1618 4879 ad
1644 4810 2145 4892 sustinendum,
2185 4811 2359 4879 sicut
2387 4808 2682 4878 diximus

1132 4921 1203 4991 ia
1233 4916 1676 4988 antehabitis.

1225 5031 1376 5101 Alia
1404 5036 1638 5101 autem
1668 5027 2140 5122 quadrupedia
2167 5051 2306 5097 non
2336 5051 2419 5096 cx
2487 5036 2679 5096 utero

1132 5138 1535 5232 generantia
1563 5136 1690 5206 sibi
1739 5137 2017 5220 similia,
2059 5135 2178 5204 sed
2214 5138 2512 5210 ovantia,
2546 5135 2683 5203 sic·

1132 5260 1209 5318 ut
1232 5250 1508 5329 lacerta,
1552 5255 1621 5317 et
1646 5269 1865 5339 genus
1890 5245 2210 5317 crocodili
2235 5244 2419 5337 quod
2447 5245 2678 5315 Graeee

1136 5356 1397 5427 bordon
1436 5363 1742 5436 vocatur,
1776 5362 1846 5423 et
1874 5351 2077 5423 habet
2104 5354 2177 5423 in
2231 5361 2378 5422 toto
2424 5377 2678 5431 conve-

1133 5466 1462 5535 nientiam
1492 5486 1650 5535 cum
1689 5461 1910 5554 figura
1946 5459 2234 5543 lacertae,
2300 5462 2426 5529 nisi
2495 5460 2675 5552 quod

1129 5571 1419 5647 caudam
1457 5594 1600 5642 aon
1628 5570 1836 5641 habet
1870 5571 2153 5641 omniuo
2194 5569 2576 5650 rotundam,
2610 5580 2671 5639 ct

1132 5680 1339 5753 babet
1358 5677 1688 5772 pinnulas
1715 5679 1786 5748 in
1810 5677 2031 5767 cauda
2056 5678 2144 5748 ad
2171 5675 2568 5760 natandum,
2607 5686 2675 5747 et

2804 1687 2874 1753 in
2912 1686 3141 1754 medio
3180 1679 3400 1755 latum
3431 1696 3499 1756 et
3528 1688 4020 1778 ponderosum.
4052 1721 4057 1726 ·

2891 1792 3092 1861 Hunc
3130 1802 3362 1862 autem
3431 1794 3715 1863 modum
3785 1796 4101 1865 flexionis
4159 1820 4367 1868 omne

2801 1899 3053 1969 animal
3088 1901 3410 1992 multipes
3467 1902 3798 1987 imitatur,
3849 1905 4027 1972 sicut
4062 1905 4237 1995 apiS,
4299 1913 4367 1974 et

2801 2031 3062 2088 musca,
3102 2018 3171 2077 et
3200 2010 3483 2088 inauris,
3518 2018 3586 2079 et
3613 2010 3831 2078 multa
3874 2010 4009 2078 alia
4082 2022 4365 2104 propter

2799 2119 3108 2185 camdem
3141 2142 3445 2187 causam.
3482 2118 3731 2188 Omnia
3762 2123 3946 2188 enim
3981 2121 4143 2189 talia
4162 2122 4363 2191 malae

2796 2231 2956 2292 sunt
2993 2224 3505 2294 ambulationis.
3545 2224 3619 2293 Si
3651 2248 3785 2317 qua
3818 2234 4049 2295 autem
4117 2227 4360 2296 talium

2797 2342 2955 2400 sunt
2985 2333 3279 2401 multum
3318 2332 3608 2413 velocia,
3641 2340 3718 2401 ut
3750 2333 4063 2415 formica,
4092 2341 4160 2402 et
4202 2357 4365 2403 ara-

2796 2461 2924 2504 nea
2948 2438 3155 2528 pedes
3175 2438 3436 2507 liabens
3466 2439 3592 2506 sub
3623 2447 3899 2529 pectore
3930 2441 4359 2529 conjunctos,

2796 2551 2983 2636 quasi
3017 2549 3095 2611 :ul
3135 2548 3444 2613 valnclvm
3486 2548 3804 2637 pyxidem
3838 2573 3850 2614 :
3898 2559 3964 2615 et
4009 2549 4160 2616 ideo
4200 2557 4363 2618 sunt

2793 2654 3164 2737 velociora,
3196 2654 3318 2723 sed
3355 2678 3513 2723 cum
3534 2654 3665 2724 hoc
3695 2658 3992 2724 flexuras
4021 2656 4360 2748 poplitum

2793 2788 3078 2833 suorum
3117 2764 3204 2833 ad
3254 2764 3566 2834 silvestre
3628 2764 3862 2833 lateris
3918 2773 4355 2838 convertunt.

2794 2871 3020 2938 llomo
3053 2878 3283 2939 autem
3326 2880 3465 2940 tam
3507 2893 3754 2940 manus
3785 2894 3995 2963 quam
4055 2872 4261 2961 pedes
4318 2895 4360 2939 a

2790 2979 3022 3049 cubito
3062 2987 3127 3048 et
3167 2977 3452 3049 articulo
3495 2988 3768 3048 rascetae
3800 2980 4080 3071 quidem
4105 2982 4175 3048 in
4206 3002 4361 3048 ma-

2792 3088 3019 3168 nibus,
3062 3096 3127 3157 et
3166 3110 3207 3157 a
3244 3086 3477 3156 taloin
3508 3087 3824 3179 pedibuS,
3853 3088 4065 3157 flectit
4103 3088 4188 3156 ad
4230 3111 4364 3157 an-

2791 3197 3027 3266 terius.
3071 3195 3145 3264 ln
3180 3198 3475 3266 tlexione
3506 3206 3737 3266 autem
3768 3219 4105 3265 manuum
4135 3195 4222 3266 ad
4239 3220 4365 3265 an·

2790 3305 3023 3381 terius,
3061 3303 3412 3372 modicum
3452 3303 3748 3374 declinat
3795 3326 4037 3372 versus
4091 3312 4357 3396 pectus,

2790 3414 2985 3504 cujus
3012 3436 3290 3481 causam
3322 3420 3389 3482 et
3417 3412 3704 3481 modum
3725 3413 3875 3502 jam
3910 3413 3979 3480 in
4008 3414 4233 3504 primo
4264 3413 4355 3481 li-

2790 3519 2914 3588 bro
2944 3520 3473 3613 assignavimus.
3507 3518 3793 3587 Nullum
3816 3529 4046 3589 autem
4068 3521 4356 3590 omnino

2790 3627 3043 3696 animal
3074 3636 3202 3708 est,
3246 3626 3432 3719 quod
3460 3626 3838 3696 anteriores
3875 3633 3943 3694 et
4003 3627 4354 3720 posterio-

2791 3760 2899 3805 res
2922 3734 3389 3805 extremitates
3428 3734 3652 3803 ssectat
3681 3732 3766 3802 ad
3794 3733 4161 3824 posterius,
4194 3735 4353 3826 quia

2791 3865 2912 3933 per
2950 3843 3150 3909 istam
3179 3842 3546 3909 flexionem
3578 3838 3972 3931 proveniret
3990 3861 4188 3907 casus
4209 3839 4357 3907 ani-

2790 3951 3016 4033 malis,
3057 3959 3124 4019 et
3153 3973 3295 4019 non
3322 3956 3573 4017 motus.
3609 3948 3858 4018 Flavio
3879 3956 4111 4017 autem
4140 3948 4355 4040 adju-

2790 4058 2954 4125 toria·
2980 4057 3232 4125 «licitur
3259 4080 3409 4149 quae
3439 4065 3542 4125 est
3573 4057 3981 4146 injunctura
4006 4054 4220 4126 cubiti
4285 4066 4354 4128 et

2789 4164 3023 4257 pedis:
3066 4161 3281 4233 homo
3310 4164 3493 4232 enim
3570 4161 3694 4232 has
3758 4162 3930 4232 duas
3993 4164 4353 4254 juncturas

2790 4271 2998 4341 flectit
3061 4294 3184 4364 per
3242 4270 3660 4341 contrarium
3727 4270 4013 4340 modum
4071 4271 4349 4341 ssexioni

2791 4381 3083 4450 aliorum
3144 4380 3637 4451 membrorum.
3702 4379 3755 4446 F
3756 4379 3937 4448 lexio
4002 4378 4188 4448 enim
4238 4401 4354 4448 cu·

2789 4489 2910 4559 biti
2943 4507 3043 4557 est
3082 4490 3165 4557 ml
3222 4491 3588 4581 posterius,
3647 4497 3709 4557 et
3768 4488 4083 4557 similiter
4143 4487 4350 4561 flexio

2790 4622 2980 4669 coxoe
3017 4620 3169 4691 quae
3190 4606 3293 4667 est
3332 4598 3402 4665 in
3449 4620 3602 4666 osse
3660 4596 3985 4666 femoris:
4055 4595 4179 4667 sed
4216 4617 4351 4689 po-

2788 4705 3026 4798 plitem
3057 4707 3266 4775 ssectit
3292 4706 3467 4774 sicut
3495 4704 3938 4795 adjutorium.
3990 4703 4353 4773 Generali-

2793 4825 2893 4883 ter
2921 4822 3150 4884 autcm
3189 4837 3397 4883 omne
3435 4814 3691 4883 animal
3746 4811 4009 4883 habens
4059 4815 4352 4904 junctu-

2789 4949 2899 4995 ras
2929 4927 3118 4995 laxas
3146 4924 3469 5015 adjutorii
3507 4925 3692 5018 apud
3721 4924 4073 5006 humeros,
4143 4923 4352 4993 flectit

2789 5033 3211 5125 adjutorium
3250 5034 3592 5101 contrario
3624 5031 3833 5101 modo
3865 5031 4019 5100 aliis
4055 5031 4355 5122 coujun-

2787 5141 2998 5209 cturis
3035 5139 3549 5208 extremitatum
3578 5159 3906 5207 suarum:
3941 5145 4010 5206 et
4044 5134 4178 5208 hoc
4231 5158 4351 5206 se-

2788 5248 3092 5315 cundum
3120 5244 3643 5314 similitudinem
3674 5243 3870 5313 estin
3919 5246 4108 5313 omni
4158 5241 4352 5312 vola-

2789 5356 2918 5441 tili,
2952 5354 3136 5447 quod
3168 5356 3502 5425 flexuram
3544 5352 3822 5446 poplitis
3865 5353 4058 5446 pedis
4111 5360 4351 5422 curvat

2788 5463 2871 5531 ad
2941 5463 3307 5554 posterius,
3339 5471 3406 5532 et
3447 5460 3867 5552 adjutorium
3898 5459 4023 5529 alae
4066 5481 4219 5553 quae
4247 5465 4348 5529 est

2789 5571 2940 5640 loco
2980 5594 3340 5650 mamuum,
3383 5577 3622 5639 curvat
3650 5566 3740 5638 ad
3775 5569 4080 5637 anterius
4122 5567 4192 5635 in
4247 5587 4353 5634 as-

2780 5678 2984 5749 cella.
