4919 6371
882 454 1019 525 564

1477 1538 1786 1610 CAPUT
1821 1537 1910 1608 ll.

867 2319 1277 2391 Secundum
1330 2343 1541 2413 quem
1591 2319 1918 2389 ordinem
1969 2315 2488 2414 procedendum

957 2442 1059 2503 est
1108 2434 1512 2503 inscientia
1561 2456 1808 2502 eorum
1853 2456 2013 2527 qua:
2053 2428 2493 2502 animalibus

958 2546 1469 2617 attribuuntur
1496 2545 1539 2618 ‚⁹

942 3449 1397 3522 Manifestum
1452 3459 1559 3520 est
1589 3459 1857 3532 autem,
1904 3448 2093 3545 quod
2153 3450 2212 3519 si
2255 3473 2480 3543 pona-

848 3586 1007 3633 mus
1059 3562 1376 3632 studium
1441 3569 1767 3632 nostrum
1820 3561 1908 3631 ad
1962 3561 2335 3632 dicendum
2396 3586 2475 3629 ea

848 3698 1007 3770 quoe
1050 3673 1340 3746 cuilibet
1396 3673 1688 3744 animali
1759 3698 1885 3769 per
1952 3699 2027 3744 se
2090 3673 2476 3746 secundum

846 3811 1051 3857 suam
1085 3786 1392 3857 formam
1434 3787 1876 3858 conveniunt
1924 3796 1992 3858 et
2042 3787 2374 3881 speciem,
2410 3794 2477 3856 et

848 3899 949 3970 sic
980 3922 1268 3969 narrare
1320 3899 1714 3970 accidentia
1758 3900 2005 3993 ipsius,
2072 3898 2208 3970 boc
2257 3896 2471 3969 modo

847 4009 1168 4081 dicemus
1199 4011 1591 4082 accidentia
1621 4010 2041 4082 animalium
2083 4010 2468 4090 multoties,

845 4145 931 4192 eo
965 4121 1157 4218 quod
1191 4122 1378 4194 idem
1412 4122 1739 4194 accidens
1762 4121 2084 4217 pluribus
2116 4127 2469 4206 convenit,

843 4243 911 4306 et
953 4234 1176 4307 multa
1206 4235 1595 4308 accidentia
1627 4244 1793 4307 sunt
1824 4235 1910 4307 «le
1954 4232 2065 4305 bis
2115 4260 2269 4331 quae
2311 4261 2474 4308 om-

840 4347 909 4416 ni
947 4347 1263 4443 quidem,
1299 4349 1425 4419 sed
1485 4373 1630 4420 non
1686 4348 1822 4418 soli
1881 4352 2312 4421 conveniunt
2350 4374 2365 4419 :
2403 4360 2466 4421 et

835 4463 937 4531 sic
1019 4460 1410 4532 redibimus
1490 4464 1561 4533 in
1642 4462 1979 4534 eumdem
2067 4488 2467 4535 sermonem

835 4571 1254 4646 multoties:
1303 4600 1389 4646 eo
1446 4575 1641 4670 quod
1684 4577 1825 4648 sere
1869 4575 2232 4674 quodlibet
2284 4580 2471 4649 arei-

832 4686 1154 4759 dentium
1188 4713 1348 4785 qum
1403 4690 1475 4761 in
1518 4688 1933 4784 praebabitis
1986 4691 2188 4763 istius
2235 4695 2469 4764 seien-

833 4800 943 4870 tiae
986 4800 1073 4872 de
1105 4800 1574 4873 Animalibus·
1620 4803 1820 4873 libris
1860 4803 2196 4885 diximus,
2240 4816 2341 4877 est
2392 4808 2462 4875 in

829 4915 1057 5007 equis,
1102 4921 1171 4982 et
1216 4911 1659 4997 bominibus,
1695 4925 1761 4986 et
1806 4917 2126 5002 canibus,
2171 4928 2237 4987 et
2273 4916 2462 4988 mul-

827 5025 915 5095 tis
964 5025 1125 5097 aliis
1177 5026 1611 5098 animalibus
1648 5051 1664 5097 ε
1702 5038 1773 5099 et
1831 5030 1988 5100 ideo
2032 5034 2455 5128 quicumque

821 5139 1130 5212 voluerit
1159 5140 1394 5214 dicere
1436 5141 1830 5214 accidentia
1870 5144 2243 5235 cujuslibet
2284 5148 2458 5217 istn-

820 5275 980 5323 rum
1027 5278 1379 5350 generum
1439 5255 1891 5340 animalium,
1947 5266 2016 5329 et
2073 5259 2453 5332 attribuere

818 5365 1184 5460 quodlibet
1224 5368 1556 5440 accidens
1613 5369 1906 5441 cuilibet
1974 5372 2261 5442 animali
2330 5399 2456 5468 per

816 5502 918 5563 se,
953 5485 1354 5554 necessario
1398 5485 1722 5580 sequitur
1781 5483 1972 5578 quod
2019 5484 2201 5557 dicat
2267 5487 2448 5559 idem

812 5593 1137 5667 accidens
1186 5597 1581 5670 multoties,
1629 5595 1841 5668 Forte
1882 5598 2074 5669 enim
2124 5601 2449 5672 accidunt

811 5703 883 5774 in
916 5707 1212 5779 scientia
1264 5709 1692 5782 animalium
1743 5707 2098 5804 quiedam,
2141 5710 2225 5782 de
2285 5714 2447 5808 qui-

806 5816 941 5888 bus
999 5818 1243 5915 aliqua
1296 5833 1741 5918 quaeruntur,
1796 5845 1949 5894 esse
2010 5824 2221 5893 unius
2276 5850 2445 5920 pro-

802 5930 941 6025 prii
971 5934 1331 6004 sermonis
1373 5933 1733 6007 diffinitivi
1779 5958 1796 6008 :
1846 5959 1930 6006 eo
1981 5937 2175 6031 quod
2206 5938 2443 6010 diver-

1938 437 2027 509 D.
2085 439 2288 510 ALB.
2344 435 2568 509 MAG.
2627 435 2838 506 ORD.
2897 436 3207 507 PRAED.

2622 618 3033 711 speciticatae
3067 618 3156 687 al)
3191 618 3525 687 omnibus
3568 620 3725 689 aliis
3764 645 3778 689 :
3816 622 3993 690 sicut
4046 629 4148 690 est
4183 622 4254 688 in

2617 731 2997 821 generibus
3053 731 3408 814 animalis,
3446 756 3604 826 quae
3654 735 3753 803 sic
3801 733 3888 802 ab
3945 733 4252 802 invicem

2617 841 3183 914 diversificantur
3222 845 3292 913 in
3327 843 3623 916 modum
3671 846 4250 917 subalternorum

2613 977 2954 1047 generum
3016 978 3161 1024 non
3218 955 3760 1028 subalternatim
3811 960 4247 1053 positorum,

2615 1065 2895 1160 quando
2943 1066 3281 1137 dividitur
3331 1068 3594 1137 animal
3637 1094 3764 1163 per
3822 1070 4142 1159 volatile,
4180 1080 4250 1141 ct

2613 1180 2921 1261 natatile,
2997 1189 3067 1250 et
3142 1180 3537 1276 gressibile,
3603 1193 3670 1252 et
3735 1184 4124 1278 reptibile:
4178 1192 4249 1255 et

2612 1295 2930 1388 quaedam
2983 1296 3487 1367 attributorum
3546 1323 3842 1368 suorum
3913 1306 4078 1369 sunt
4146 1298 4248 1367 di-

2608 1431 2836 1490 versa,
2911 1419 2976 1480 et
3049 1409 3376 1504 quaedam
3448 1410 3720 1482 eadem.
3785 1410 3971 1494 Quia
4051 1414 4244 1482 enim

2610 1522 2930 1614 quaedam
2976 1525 3383 1594 communia
3438 1534 3601 1594 sunt
3663 1528 3736 1594 in
3777 1525 4238 1605 animalibus,

2610 1645 2677 1706 et
2709 1636 3031 1732 quaedam
3066 1639 3354 1732 propria
3386 1646 3452 1707 et
3485 1639 3904 1733 singularia,
3953 1664 4099 1710 non
4131 1639 4244 1709 la-

2608 1757 2749 1819 teat
2791 1773 2918 1820 nos
2952 1750 3315 1845 quomodo
3351 1759 3536 1821 recte
3579 1752 3971 1823 seeundum
4018 1756 4244 1824 scien-

2609 1864 2777 1932 tiam
2849 1873 2918 1936 et
2984 1864 3308 1935 ordinem
3381 1866 3777 1937 intellectus
3837 1868 4240 1961 proceden-

2607 1976 2774 2045 dum
2808 1979 2896 2047 sit
2928 1977 3135 2048 nobis
3160 1978 3505 2049 tradendo
3557 1980 3957 2051 doctrinam
3990 1981 4076 2052 de
4119 1982 4238 2076 ip-

2608 2114 2726 2158 818.

2698 2200 3116 2284 Quaeramus
3175 2227 3371 2297 ergo,
3436 2213 3678 2274 utrum
3730 2229 3819 2275 ex
3878 2205 4236 2299 prioribus

2608 2323 2858 2385 natura
2888 2315 3433 2410 procedentibus
3472 2319 3670 2412 prius
3719 2319 4236 2390 consideranda

2606 2428 2993 2500 accidentia
3023 2431 3516 2501 communium
3555 2456 3898 2526 generum
3952 2435 4237 2503 anima-

2598 2541 2798 2625 lium,
2854 2553 3050 2615 etex
3099 2544 3236 2615 illis
3295 2544 3808 2616 consideranda
3870 2546 4011 2617 sint
4074 2571 4237 2642 pro-

2596 2658 2744 2751 pria
2780 2657 3159 2751 cujuslibet
3186 2661 3491 2753 generis,
3526 2670 3649 2730 aut
3682 2684 3718 2730 e
3752 2684 4101 2732 converso
4145 2685 4234 2732 ex

2598 2771 2950 2864 prioribus
3003 2771 3238 2865 quoad
3282 2796 3412 2841 nos
3460 2772 3927 2864 procedentes
3979 2771 4235 2843 debea-

2598 2907 2755 2952 mus
2791 2883 3096 2977 incipere
3148 2906 3433 2953 narrare
3493 2894 3782 2954 naturas
3832 2885 3946 2955 vel
3992 2886 4231 2979 dispo-

2596 2997 2885 3067 sitiones
2955 2997 3425 3068 accidentium
3500 2999 3985 3092 propriormn,
4071 3023 4228 3094 quae

2593 3111 2879 3182 cuilibet
2904 3112 3192 3181 animali
3228 3113 3619 3183 seeundum
3654 3136 3857 3182 suam
3894 3122 4225 3183 naturam

2596 3225 2950 3318 propriam
3005 3226 3464 3297 conveniunt.
3514 3226 3667 3297 lloe
3709 3236 3949 3297 autem
4006 3226 4223 3298 modo

2594 3361 2733 3406 non
2769 3338 3242 3410 determinant
3302 3348 3372 3411 et
3424 3338 3676 3410 nolunt
3706 3337 4094 3410 certificare
4136 3339 4223 3410 de

2593 3451 2760 3543 ipsis
2798 3451 3018 3545 :quia
3078 3449 3217 3521 hoc
3274 3449 3522 3545 etl'ugit
3600 3460 3917 3521 nostram
3999 3451 4227 3521 scien-

2588 3562 2757 3631 tiam
2799 3570 3090 3656 propter
3120 3561 3650 3634 multitudinem
3682 3572 3752 3633 et
3794 3561 4221 3632 intinitatem

2587 3697 2742 3768 quae
2792 3682 2893 3743 est
2928 3674 3002 3744 in
3034 3672 3321 3744 talibus.
3363 3672 3438 3743 Si
3492 3683 3731 3745 autem
3783 3672 3870 3744 de
3924 3672 4035 3744 bis
4067 3683 4221 3745 tra-

2585 3785 2892 3856 dendum
2929 3795 2999 3858 et
3030 3785 3408 3858 dicendum
3439 3785 3871 3882 generaliter
3910 3795 3978 3857 et
4009 3811 4219 3857 eom-

2584 3902 2917 3981 muniter,
2961 3908 3132 3973 tunc
3171 3908 3450 3995 oportet
3501 3901 3764 3996 inquiri
3815 3910 4058 3972 utrum
4094 3924 4218 3971 na-

2586 4007 2916 4079 turalium
2947 4010 3037 4080 sit
3070 4006 3541 4080 consideratio
3592 4011 3771 4081 sicut
3802 4018 3904 4080 est
3940 4008 4216 4080 matbe-

2584 4122 3002 4192 maticorum
3033 4130 3155 4193 aut
3186 4121 3740 4215 astrologorum,
3776 4145 3934 4216 qum
3988 4121 4058 4191 in
4100 4118 4214 4190 al-

2582 4242 2727 4303 tera
2758 4243 2954 4328 parte
3002 4235 3459 4328 conjungitur
3489 4232 3825 4330 physicae,
3857 4235 4040 4304 sicut
4090 4258 4217 4301 os-

2581 4358 2857 4418 tensum
2891 4357 2996 4418 est
3040 4348 3110 4418 in
3144 4347 3455 4419 secundo
3489 4357 3899 4418 nostrorum
3944 4347 4219 4440 I’laeyse‘-

2577 4482 2844 4529 corum.
2885 4457 2973 4528 lli
3006 4460 3198 4529 enim
3231 4460 3462 4553 primo
3496 4467 3769 4553 ponunt
3802 4484 3883 4528 ea
3927 4457 4014 4529 de
4053 4458 4219 4553 qui-

2578 4569 2708 4640 bus
2739 4570 3146 4666 inquiritur,
3182 4572 3360 4643 sicut
3398 4570 3583 4642 tunm
3625 4579 3748 4643 aut
3789 4568 3962 4640 solis
4015 4569 4213 4640 dete·

2576 4694 2792 4766 etum,
2840 4692 2961 4756 aut
3010 4683 3447 4781 triangulum
3499 4683 3762 4756 habere
3833 4694 3975 4755 tres
4035 4682 4210 4754 duo·

2581 4794 2710 4866 bus
2752 4797 2961 4869 rectis
2990 4796 3301 4892 mquales
3331 4797 3663 4891 angulos,
3709 4805 3772 4867 et
3811 4805 4060 4891 postea
4091 4795 4215 4866 ad-

2576 4914 2887 5007 jungunt
2928 4938 3181 4985 causas
3238 4915 3537 4985 istorum
3586 4938 3743 5009 qum
3775 4924 3942 4984 sunt
3973 4911 4212 4983 media

2580 5026 3296 5098 demonstrationum.
3366 5026 3483 5097 Sic
3537 5027 3752 5120 igitur
3811 5033 4203 5120 qua-ratur,

2571 5151 2809 5210 utrum
2843 5138 3179 5235 physicus
3236 5138 3322 5209 de
3358 5139 3867 5211 communibus
3918 5139 4207 5209 anima-

2568 5252 2739 5324 lium
2774 5252 3102 5348 loquens,
3149 5251 3352 5322 debet
3405 5251 3854 5325 considerare
3905 5276 4018 5322 res
4076 5275 4205 5322 na-

2567 5363 2826 5436 turales
2855 5373 2923 5435 et
2972 5365 3383 5435 manifestas
3422 5366 3873 5462 operationes
3905 5371 3975 5435 et
4024 5386 4200 5458 pas-

2563 5477 2799 5546 siones
2828 5477 3326 5547 communium
3361 5475 3741 5547 modorum
3793 5475 4192 5570 specierum

2561 5587 3007 5671 animalium,
3073 5598 3141 5660 et
3221 5599 3468 5686 postea
3537 5589 3749 5660 debet
3828 5591 4197 5684 assignare

2558 5727 2807 5775 causas
2839 5702 2925 5773 de
2968 5702 3095 5784 eis,
3142 5728 3232 5773 an
3266 5728 3303 5774 e
3336 5728 3684 5775 converso
3725 5703 3815 5773 sit
3844 5701 3979 5773 sibi
4021 5726 4201 5799 pro-

2556 5815 2948 5891 cedendum
3022 5817 3092 5886 in
3168 5815 3375 5887 rebus
3418 5843 3596 5914 quas
3677 5818 4130 5889 narravimus
4158 5817 4198 5887 ⁸?

2557 5934 3064 6032 Supponamus
3091 5938 3332 6002 autem
3368 5957 3456 6005 ex
3482 5935 3822 6005 omnibus
3846 5931 4185 6014 induetiS,

801 6068 882 6117 aa
948 6055 1115 6119 sunt
1184 6048 1582 6120 secundum
1653 6049 2125 6122 differentiam
2196 6051 2437 6125 tormoe
2551 6044 2743 6145 quod
2789 6043 2988 6140 prius
3042 6045 3391 6116 narranda
3444 6057 3611 6119 sunt
3659 6070 3744 6119 ea
3793 6069 3956 6142 quae
4015 6052 4188 6116 sunt
