4919 6371
651 387 782 455 512

1169 1429 1457 1499 CAPUT
1522 1430 1613 1496 Vl
1625 1484 1638 1497 .

628 2173 734 2239 De
777 2172 1103 2239 varietate
1134 2172 1458 2262 potentia-2·
1507 2171 1885 2259 qenerandi
1928 2193 2173 2238 secun-

717 2280 883 2347 dum
927 2288 1154 2347 aelales
1216 2289 1279 2346 et
1332 2279 1841 2368 conjunctiones
1897 2281 2171 2348 elalius

714 2387 1184 2478 dispositiones
1228 2388 1637 2454 coeemtium.

705 3240 1128 3308 Menstruum
1161 3245 1388 3305 autem
1440 3244 1659 3304 cessat
1723 3237 1792 3304 in
1849 3235 2157 3326 pluribus

613 3342 1013 3412 mulieribus
1039 3343 1229 3433 quasi
1269 3349 1421 3431 post
1460 3339 1908 3431 quadraginta
1954 3343 2161 3432 quin-

611 3474 743 3542 que
782 3471 1046 3518 annos:
1092 3455 1157 3516 et
1215 3449 1281 3514 iu
1330 3445 1734 3537 quibusdam
1804 3470 2017 3538 usque
2074 3447 2159 3517 ad

609 3558 1106 3650 quinquaginta
1169 3576 1428 3622 annos:
1499 3562 1566 3621 et
1622 3561 1784 3622 tunc
1842 3554 2160 3624 desinunt

608 3668 752 3735 lieri
792 3664 1174 3743 muliebria,
1224 3674 1293 3734 et
1320 3672 1535 3733 cessat
1584 3663 1889 3752 potentia
1946 3687 2161 3754 gene-

607 3774 825 3843 randi.
870 3773 947 3842 ln
975 3776 1138 3842 viris
1166 3781 1393 3841 autem
1421 3771 1729 3863 pluribus
1784 3772 2026 3840 eslii-ax
2055 3781 2158 3842 est

603 3905 838 3951 semen
884 3904 1098 3973 usque
1144 3880 1229 3948 ad
1275 3882 1624 3971 sexaginta
1670 3902 1912 3960 annos,
1965 3889 2034 3949 et
2087 3883 2154 3948 in

605 3989 1012 4083 quibusdam
1046 3990 1274 4081 paucis
1303 4011 1517 4079 usque
1546 3987 1632 4055 ad
1697 3990 2152 4080 septuaginta,

603 4109 671 4168 et
709 4107 873 4167 tunc
919 4098 1163 4166 desinit
1191 4098 1262 4164 in
1289 4098 1453 4164 viris
1483 4096 1784 4186 potentia
1815 4119 2157 4188 generan-

603 4206 671 4273 di
710 4205 887 4274 :visi
918 4211 1074 4272 sunt
1111 4204 1293 4273 enim
1322 4203 1599 4295 quidam
1647 4203 1777 4270 viri
1833 4204 2152 4294 genuisse

603 4313 676 4381 in
718 4312 1219 4404 septuagesimo
1249 4334 1453 4378 anno.

688 4417 1038 4510 Contingit
1106 4418 1311 4486 etiam
1361 4416 1752 4507 aliquandO,
1809 4415 1999 4509 quod
2046 4420 2154 4486 vir

599 4526 846 4618 aliquis
875 4533 943 4593 et
1005 4523 1250 4592 mulier
1309 4523 1538 4614 aliqua
1609 4546 1747 4591 non
1825 4532 2149 4615 generant

598 4633 930 4701 insimul:
993 4640 1059 4698 et
1114 4629 1388 4721 quando
1446 4629 1843 4697 dividuntur
1915 4629 2000 4699 ab
2042 4631 2153 4698 in—

596 4740 847 4818 vicem,
889 4737 1133 4806 mulier
1195 4745 1474 4828 generat
1538 4759 1621 4803 ex
1658 4736 1794 4804 alio
1847 4738 2023 4815 viro,
2084 4747 2152 4805 et

595 4847 706 4916 vir
734 4854 1020 4939 generat
1047 4869 1168 4936 per
1196 4844 1401 4912 aliam
1437 4842 1790 4910 mulierem
1838 4867 1852 4910 ε
1899 4854 1965 4912 et
2021 4842 2152 4914 hoc

597 4952 934 5043 contingit
962 4974 1046 5020 ex
1075 4949 1305 5020 multis
1361 4951 1604 5029 causis,
1667 4973 1959 5041 quarum
2013 4973 2148 5019 una

597 5067 724 5138 est,
757 5062 917 5151 quia
946 5060 1206 5127 semina
1233 5082 1471 5127 eorum
1504 5082 1642 5126 non
1673 5067 1830 5125 sunt
1861 5081 2152 5149 propor—

594 5167 885 5245 tionata,
927 5165 1041 5234 sed
1075 5165 1243 5234 sorte
1282 5187 1495 5232 unum
1546 5165 1923 5252 corrumpit
1988 5163 2152 5230 reli-

598 5293 839 5363 quum.
883 5272 1024 5341 Aut
1058 5272 1389 5363 contingit
1419 5268 1573 5347 hoc,
1616 5270 1779 5360 quia
1841 5269 2150 5338 membra

595 5380 1053 5470 generationis
1110 5401 1248 5447 non
1303 5375 1557 5445 habent
1604 5376 2145 5466 proportionata,

596 5495 664 5556 et
695 5509 834 5556 non
873 5489 1240 5578 suscipitur
1267 5508 1498 5554 semen
1540 5484 1609 5552 in
1641 5483 1796 5552 loco
1827 5483 2007 5552 unde
2038 5493 2149 5551 at-

596 5592 771 5665 trahi
801 5604 1050 5687 potest.
1107 5594 1247 5662 Aut
1310 5592 1646 5684 contingit
1702 5592 1909 5660 etiam
1986 5592 2149 5683 quia

595 5702 704 5770 vir
730 5710 797 5771 et
844 5702 1088 5771 mulier
1135 5723 1402 5792 semper
1464 5700 1891 5793 inaequaliter
1954 5699 2148 5768 emit-

1626 377 1710 448 D.
1762 380 1964 449 ALB.
2017 377 2238 449 MAG.
2290 376 2497 449 ORD.
2553 378 2850 450 PRAED.

2301 560 2475 631 tunt,
2510 553 2682 620 sicut
2722 555 2777 619 si
2809 553 2914 618 vir
2941 553 3198 620 velocis
3230 576 3499 644 semper
3528 560 3631 621 est
3650 554 3856 620 emis-

2297 660 2531 735 sionis,
2587 667 2654 726 et
2709 659 2959 727 mulier
3015 683 3287 750 semper
3344 660 3576 741 tardae,
3647 669 3764 727 aut
3821 683 3856 726 e

2295 789 2647 834 converso.
2695 767 2778 835 Et
2815 767 3046 858 plures
3111 764 3279 835 sales
3342 775 3632 858 possunt
3705 791 3850 835 esse

2295 894 2516 941 causae
2559 896 2574 939 :
2618 884 2896 965 propter
2923 875 3111 966 quod
3151 875 3263 941 lex
3316 874 3628 942 Romana
3699 874 3846 958 fuit,

2293 1004 2500 1072 quam
2539 1005 2847 1049 summus
2878 983 3313 1050 confirmavit
3340 982 3627 1072 Jupiter,
3665 981 3847 1071 quod

2289 1112 2465 1156 uxor
2494 1113 2631 1157 non
2664 1090 2977 1158 soecunda
3008 1090 3094 1157 ab
3134 1113 3274 1157 uno
3324 1090 3500 1167 vir0,
3568 1089 3853 1156 nuberet

2290 1196 2481 1263 alteri
2516 1220 2532 1263 ε
2577 1205 2643 1264 et
2672 1195 2798 1264 hac
2828 1197 3106 1265 licentia
3143 1197 3397 1264 Marcia
3423 1191 3529 1263 *ad
3584 1205 3850 1285 tempus

2287 1312 2595 1395 separata
2624 1304 2749 1372 fuit
2786 1328 2824 1372 a
2865 1304 3149 1383 Catone,
3205 1314 3271 1372 et
3309 1306 3540 1394 nupsit
3601 1303 3791 1370 alteri
3828 1329 3844 1370 ε

2287 1414 2404 1481 sed
2448 1437 2603 1481 cum
2672 1437 2795 1481 nec
2851 1414 2934 1481 ab
2995 1413 3113 1481 illo
3173 1414 3547 1503 susciperet
3609 1433 3848 1478 conce-

2285 1528 2506 1609 ptum,
2549 1519 2746 1587 rediit
2782 1520 2868 1586 ad
2899 1517 3256 1587 Catonem.

2370 1624 2685 1716 Amplius
2742 1635 2973 1692 autem
3063 1625 3443 1715 saepissime
3500 1623 3740 1691 accidit
3805 1646 3843 1690 a

2281 1734 2463 1799 coitu
2496 1732 2951 1823 quorumdam
2982 1733 3289 1798 virorum
3322 1751 3616 1820 quorum
3646 1752 3843 1819 sper—

2281 1860 2392 1904 ma
2457 1846 2559 1906 est
2613 1837 2909 1905 calidum
2978 1845 3044 1904 et
3101 1838 3422 1927 spissum,
3505 1834 3836 1925 plurimos

2280 1945 2464 2012 nasci
2493 1943 2669 2012 filios
2701 1952 2768 2011 et
2796 1942 3021 2011 nullas
3046 1952 3167 2010 aut
3196 1943 3643 2032 paucissimas
3664 1941 3837 2008 lilias

2278 2077 2361 2122 ex
2427 2053 2770 2144 aliquibus
2838 2051 3292 2120 mulieribus:
3402 2059 3471 2119 et
3520 2072 3603 2118 ex
3659 2052 3841 2118 coitu

2276 2160 2729 2252 quorumdam
2832 2168 3255 2251 generantur
3360 2181 3447 2226 ex
3505 2156 3848 2247 aliquibus

2277 2268 2674 2335 mulieribus
2761 2267 3078 2358 plurimae
3204 2266 3500 2334 foeminae
3588 2265 3841 2355 absque

2274 2375 2454 2454 filiis,
2517 2399 2806 2467 quorum
2871 2397 3143 2466 sperma
3204 2374 3555 2465 oppositas
3639 2371 3840 2440 habet

2273 2483 2631 2573 qualitates
2684 2507 2700 2552 z
2761 2493 2827 2552 et
2917 2483 3196 2575 quando
3277 2489 3678 2573 separantur
3742 2479 3826 2548 ab

2274 2593 2403 2661 illis
2433 2590 2854 2669 mulieribus,
2889 2614 3032 2659 non
3107 2599 3438 2681 generant
3503 2587 3822 2656 eumdem

2267 2722 2506 2768 sexum
2546 2721 2751 2788 quem
2782 2707 3169 2788 genuerunt
3222 2697 3412 2786 prius
3447 2718 3462 2761 ε
3509 2703 3574 2762 et
3616 2692 3816 2783 hujus

2266 2828 2474 2876 causa
2528 2805 2727 2872 estin
2757 2813 3108 2896 promptu.

2357 2913 2599 2981 Adhuc
2627 2921 2855 2981 autem
2885 2911 3136 3003 aliquis
3173 2911 3282 2977 vir
3309 2933 3393 2978 ex
3424 2907 3652 2998 aliqua
3684 2932 3827 2975 mu·

2266 3022 2427 3090 liere
2457 3030 2736 3113 generat
2757 3023 2824 3088 in
2848 3044 2984 3088 una
3004 3028 3200 3088 aetate
3224 3018 3523 3109 aliquem
3555 3040 3821 3093 sexum,

2266 3139 2333 3200 et
2362 3130 2430 3198 in
2463 3129 2596 3198 alia
2622 3136 2818 3197 aetate
2849 3127 3090 3207 alium,
3123 3127 3300 3195 sicut
3353 3127 3422 3193 in
3467 3126 3822 3215 juventute

2266 3237 2436 3305 sorte
2475 3235 2674 3310 filios,
2719 3244 2785 3303 et
2826 3236 2895 3301 in
2951 3240 3302 3302 senectute
3364 3231 3565 3309 filias,
3631 3240 3747 3298 aut
3787 3254 3822 3297 e

2264 3367 2618 3419 converso,
2662 3351 2941 3434 propter
2968 3341 3274 3410 diversas
3312 3340 3671 3431 spermatis
3739 3362 3821 3405 ex

2263 3462 2454 3521 aetate
2504 3452 2937 3528 mutationes,
3006 3473 3162 3542 quae
3249 3458 3428 3517 notae
3501 3456 3661 3517 sunt
3734 3470 3818 3515 ex

2262 3560 2628 3651 praedictis.

2351 3667 2594 3735 Adhuc
2623 3665 2902 3757 quidam
2931 3662 3250 3733 homines
3289 3687 3429 3733 non
3495 3672 3820 3755 generant

2262 3775 2330 3841 in
2353 3774 2736 3863 juventute,
2771 3781 2840 3841 et
2868 3779 3107 3863 postea
3137 3771 3474 3862 incipiunt
3537 3792 3817 3861 genera·

2262 3905 2333 3951 re
2367 3904 2382 3949 τ
2417 3890 2483 3949 et
2512 3880 2791 3973 quidam
2823 3880 3080 3948 faciunt
3114 3904 3150 3949 e
3189 3902 3546 3948 converso.
3579 3879 3659 3946 Et
3691 3881 3823 3969 pri-

2263 3993 2355 4059 mi
2385 3988 2659 4081 quidem
2689 3997 2846 4057 sunt
2877 3987 3080 4057 calidi
3111 3998 3178 4056 et
3206 3988 3364 4056 sicci
3401 4011 3416 4055 :
3457 4011 3608 4078 qua·
3650 4009 3810 4077 qua·

2258 4098 2482 4166 litates
2517 4119 2674 4166 cum
2714 4104 3115 4187 temperatae
3176 4096 3426 4164 luerint
3488 4094 3815 4163 beneficio

2259 4206 2502 4282 aetatis,
2535 4202 3027 4293 temperabitur
3064 4225 3341 4293 sperma
3405 4211 3473 4270 et
3535 4201 3817 4292 accipiet

2254 4311 2577 4379 virtutem
2616 4309 3014 4400 generandi.
3051 4309 3189 4376 Alii
3219 4318 3450 4376 autem
3498 4308 3813 4398 opposito

2254 4416 2462 4486 modo
2492 4425 2650 4484 sunt
2688 4416 3027 4507 dispositi.

2344 4523 2659 4613 Amulius
2688 4534 2916 4592 autem
2967 4524 3285 4615 quaedam
3335 4523 3657 4592 mulieres
3698 4547 3811 4590 ra-

2254 4656 2330 4702 ro
2361 4643 2428 4702 et
2455 4630 2816 4701 dilliculter
2844 4633 3184 4722 recipiunt
3212 4656 3449 4701 semen
3495 4655 3511 4700 z
3562 4641 3810 4700 etcum

2253 4742 2610 4831 recipiunt,
2642 4740 2776 4808 cito
2808 4739 3126 4827 rejiciunt
3162 4762 3177 4807 :
3213 4748 3279 4807 et
3310 4739 3629 4829 quaedam
3680 4738 3815 4805 iui-

2251 4855 2690 4939 praegnantur
2716 4847 2798 4916 de
2831 4846 3036 4923 taciti,
3090 4855 3157 4915 et
3214 4847 3507 4913 retinent
3576 4868 3811 4913 semen

2251 4963 2655 5046 conceptum
2689 4976 2706 5022 z
2741 4963 2808 5024 et
2830 4953 3037 5044 hujus
3066 4953 3435 5022 accidentis
3457 4961 3619 5021 sunt
3645 4951 3805 5042 plu-

2252 5064 2441 5132 rimae
2471 5085 2712 5131 causae.
2748 5064 2887 5130 Aut
2944 5061 3191 5131 debilis
3256 5072 3358 5130 est
3390 5062 3661 5137 matrix,
3696 5068 3812 5127 aut

2252 5169 2420 5238 sorte
2453 5166 2746 5236 multum
2799 5176 3121 5237 movetur
3168 5170 3421 5236 matrix
3478 5167 3547 5233 in
3624 5164 3813 5233 dele·

2249 5276 2546 5346 ctatione
2574 5277 2819 5352 coitus,
2854 5284 2974 5344 aut
3011 5275 3185 5344 l'orte
3234 5274 3456 5343 inlusa
3522 5272 3811 5342 humore

2251 5390 2596 5471 corrupto,
2643 5390 2764 5450 aut
2837 5381 2972 5451 alia
3026 5390 3131 5450 est
3196 5379 3592 5471 hujusmodi
3642 5403 3812 5448 cau-

2250 5510 2350 5556 sa.

2337 5592 2583 5662 Adbuc
2618 5604 2845 5663 autem
2876 5591 3090 5684 aliqui
3128 5595 3460 5686 conjuges
3510 5593 3808 5680 conjun-

2249 5702 2341 5771 cti
2396 5724 2536 5770 non
2591 5710 2919 5794 generant
2974 5702 3108 5770 nisi
3164 5725 3416 5785 mares,
3484 5710 3551 5772 et
3596 5700 3808 5790 aliqui
