4919 6371
601 362 688 429 56
1462 319 1476 329 ’
1606 352 1689 423 ι)·.
1742 351 1941 420 Ate.
1995 351 2213 419 MAG.
2265 352 2472 420 om).
2524 354 2822 423 PnAEn.

599 537 781 603 naris
818 546 885 605 et
943 541 1105 607 oris.
1159 540 1424 608 Accidit
1468 545 1705 605 autc-m
1766 535 2165 600 sternutatio

600 645 880 714 cerebro
928 649 1101 715 sicut
1138 649 1343 714 tussis
1391 639 1737 735 pulmoni,
1795 647 1858 704 et
1891 640 1987 705 eis
2021 662 2169 730 quae

605 753 969 841 conjuncta
997 762 1158 821 sunt
1186 750 1527 842 pulmoni.
1774 825 1791 845 ³

698 857 973 949 Opinati
1011 867 1238 927 autem
1277 866 1439 924 sunt
1486 851 1771 947 quidam
1820 852 2171 919 cerebrum

608 986 750 1032 non
795 971 1196 1039 sternutare,
1260 964 1392 1029 nisi
1437 957 1720 1054 quando
1759 960 2175 1027 convertitur

608 1070 860 1138 humor
895 1071 1179 1137 nocivus
1210 1072 1326 1159 qui
1357 1080 1460 1139 est
1487 1071 1560 1137 in
1600 1065 1905 1143 cerebro,
1951 1067 2021 1131 in
2048 1087 2175 1132 va-

606 1199 846 1268 porem
877 1183 946 1243 et
971 1175 1241 1243 fumum
1271 1200 1551 1247 aereum
1591 1196 1608 1241 ε
1653 1180 1722 1240 et
1758 1180 1921 1240 tunc
1960 1180 2178 1241 extra-

609 1283 710 1350 hit
760 1303 918 1349 eum
957 1289 1022 1349 et
1060 1287 1312 1353 excutit
1350 1309 1510 1354 cum
1549 1302 1710 1349 aere
1757 1280 2038 1348 naribus
2066 1304 2179 1349 ex-

611 1396 847 1456 tracto.
906 1389 1057 1459 Hoc
1103 1400 1335 1460 autem
1384 1415 1527 1460 non
1582 1409 1858 1479 semper
1911 1397 2013 1457 est
2064 1413 2179 1458 ne-

610 1500 1003 1567 cessarium.
1083 1501 1238 1569 Non
1328 1503 1515 1569 enim
1594 1499 1668 1564 in
1733 1500 2175 1568 sternutando

610 1605 869 1697 indiget
897 1628 1075 1684 aere,
1120 1608 1250 1675 nisi
1290 1608 1377 1675 ad
1406 1607 1541 1677 hoc
1568 1611 1650 1671 ut
1677 1626 1926 1693 corpus
1953 1628 1993 1673 a
2040 1629 2175 1697 quo

609 1713 687 1781 lit
714 1716 1051 1793 excussio,
1087 1715 1175 1782 sit
1223 1714 1508 1805 plenum
1548 1734 1736 1789 aere,
1789 1713 1982 1801 cujus
2021 1736 2180 1782 con-

607 1817 801 1885 tinua
827 1820 1141 1887 attractio
1171 1821 1259 1888 sit
1287 1822 1371 1889 ad
1404 1826 1677 1911 partem
1708 1815 2018 1887 humoris
2055 1842 2179 1887 ex-

605 1924 907 1992 cutiendi
960 1947 977 1992 :
1020 1933 1088 1995 et
1130 1948 1291 1994 cum
1341 1926 1760 2018 exprimitur
1824 1931 2008 1992 totus
2063 1926 2176 1996 ille

607 2054 726 2100 aer
751 2041 948 2102 motu
997 2035 1409 2104 lacertorum
1456 2032 1761 2127 pectoris
1798 2040 1866 2099 et
1899 2034 2179 2103 velami-

609 2141 716 2206 nis
751 2138 1122 2219 laborioso,
1176 2151 1243 2210 et
1290 2142 1665 2235 expellitur
1700 2139 1787 2206 ab
1817 2145 2180 2212 anteriori-

607 2245 739 2315 bus
773 2248 859 2315 ad
898 2249 1261 2332 exteriora,
1302 2252 1487 2342 cogit
1525 2254 1759 2342 partes
1814 2270 1973 2316 suas
2021 2249 2179 2319 lon-

609 2354 835 2443 giores
901 2377 987 2424 ex
1039 2364 1313 2447 pectore
1370 2380 1532 2427 cum
1599 2354 2035 2426 festinatione
2092 2361 2174 2428 ad

604 2461 892 2542 exitum,
933 2470 1003 2532 et
1048 2472 1151 2533 est
1187 2465 1272 2533 ad
1329 2467 1512 2534 intra
1566 2462 1655 2530 ad
1702 2463 2173 2553 expulsionem

600 2575 669 2635 et
704 2566 792 2636 ad
827 2569 1191 2640 victoriam
1226 2594 1244 2640 ε
1289 2573 1630 2664 quoniam
1681 2570 1909 2660 ipsum
1957 2577 2178 2643 comi-

599 2682 784 2743 tatur
818 2680 1197 2748 commotio
1236 2680 1415 2748 aeris
1463 2677 1588 2772 qui
1628 2677 1941 2767 sequitur
1982 2702 2166 2767 eum,

594 2789 666 2851 et
694 2782 974 2872 adjuvat
1000 2786 1331 2857 virtutem
1381 2785 1822 2879 expulsivam
1870 2786 1957 2854 ad
2002 2788 2176 2857 inci-

599 2888 900 2960 dendum
940 2897 1304 2964 materiam
1342 2905 1412 2965 et
1459 2891 1950 2986 expellendum
1991 2919 2166 2965 eam.

600 2998 684 3068 Et
712 3000 867 3071 ideo
905 3004 1182 3094 quando
1225 3005 1303 3073 lit
1337 3002 1692 3099 appetitus
1727 3005 2174 3073 sternutatio-

599 3109 732 3192 nis,
773 3111 1005 3180 statim
1035 3113 1348 3207 sequitur
1393 3109 1839 3193 sternutatio,
1895 3114 2168 3204 quando

2275 533 2476 609 aeriS,
2560 542 2624 599 et
2682 537 2920 603 exierit
2960 561 3043 603 ex
3102 541 3466 628 insperato.
3527 541 3825 631 Pingunt

2276 648 2504 706 autem
2554 664 2870 730 augureS,
2925 648 3107 733 quod
3153 652 3553 719 sternutatio
3601 652 3688 717 sit
3741 651 3827 716 si-

2276 767 2490 833 gnum
2520 744 2807 812 duarum
2849 770 3071 815 rerum
3116 774 3131 816 ε
3177 774 3463 842 quarum
3500 778 3639 821 una
3694 765 3819 833 est,

2280 852 2463 939 quod
2526 852 2760 920 dicunt
2806 855 2988 944 quod
3043 857 3129 922 sit
3184 857 3455 947 signum
3519 864 3824 928 veritatis

2280 957 2462 1024 illius
2490 956 2648 1025 dicti
2677 961 2784 1026 cui
2816 961 3178 1030 intervenit
3217 967 3644 1034 sternutatio,
3690 966 3824 1035 Se-

2279 1064 2578 1133 cundum
2643 1071 2873 1133 autem
2938 1076 3061 1146 est,
3137 1070 3319 1159 quod
3384 1073 3470 1139 sit
3550 1075 3821 1163 signum

2281 1172 2623 1239 evasionis
2651 1172 2931 1261 periculi
2970 1179 3210 1263 parati,
3262 1177 3535 1267 quando
3583 1179 3829 1269 aliquis

2281 1278 2568 1344 sustinet
2617 1278 2897 1345 insidias
2943 1279 3027 1345 ab
3078 1281 3239 1365 alio,
3286 1292 3353 1350 et
3397 1288 3732 1375 praecipue
3770 1290 3826 1354 si

2281 1384 2385 1451 bis
2450 1388 2955 1453 sternutaverit.
3025 1387 3173 1457 Hoc
3241 1391 3422 1457 enim
3495 1394 3832 1482 significat

2282 1490 2767 1557 adundantiam
2814 1491 3087 1559 virtutis
3134 1516 3284 1583 quae
3331 1518 3472 1563 non
3520 1506 3719 1575 esset,
3775 1507 3834 1572 si

2282 1592 2492 1664 homo
2521 1596 2634 1665 ille
2670 1596 3057 1665 coelestibus
3104 1608 3266 1668 tunc
3298 1625 3437 1670 non
3473 1604 3837 1694 adjuvare·

2279 1712 2393 1770 tur
2453 1728 2470 1771 :
2541 1707 2715 1772 sicut
2771 1706 2976 1773 etiam
3050 1710 3285 1776 critica
3340 1711 3484 1779 dics
3556 1713 3826 1794 dicitur,

2281 1811 2554 1903 qnando
2585 1820 2828 1880 natura
2855 1834 2895 1878 a
2922 1812 3307 1883 ooelestibus
3329 1818 3711 1906 adjuvatur.
3746 1821 3833 1889 Et

2281 1919 2407 1987 hac
2436 1918 2674 1986 eadem
2713 1918 2793 1986 de
2823 1941 3028 1987 causa
3063 1921 3295 1990 dicunt
3331 1925 3634 1993 veritatis
3670 1928 3829 1996 dicti

2281 2049 2427 2094 esse
2470 2015 2759 2115 ¹signum
2812 2047 2828 2091 ε
2881 2028 3206 2116 quoniam
3264 2032 3479 2098 virtus
3539 2032 3833 2102 coelestis

2278 2134 2623 2223 potentior
2659 2132 2986 2213 existens,
3026 2133 3253 2224 explet
3277 2136 3535 2206 dictum
3564 2148 3632 2207 et
3660 2140 3838 2210 adae-

2282 2248 2445 2329 quat
2474 2239 2700 2328 ipsum
2731 2239 2853 2308 rei.

2369 2345 2900 2413 Convenientior
2929 2355 3155 2414 autem
3197 2356 3298 2415 est
3336 2348 3676 2418 anhelitus
3713 2376 3837 2443 per

2278 2474 2478 2518 nares
2543 2473 2561 2519 ε
2620 2450 2706 2519 ad
2770 2450 2901 2519 hoc
2955 2453 3136 2520 enim
3200 2463 3427 2522 creata
3492 2465 3591 2525 est
3647 2462 3831 2527 naris

2280 2567 2535 2648 aperta.
2612 2557 2976 2627 Anhelitus
3048 2568 3270 2629 autem
3339 2564 3455 2653 qui
3529 2587 3644 2632 ore
3723 2567 3821 2644 tit,

2278 2673 2554 2754 propter
2589 2665 3059 2734 necessitatem
3092 2668 3189 2746 lit,
3232 2689 3382 2758 quae
3412 2680 3514 2737 est
3552 2671 3829 2740 obstru-

2276 2774 2410 2843 ctio
2454 2775 2662 2854 naris,
2715 2782 2784 2844 et
2821 2783 2921 2842 est
2951 2775 3168 2844 foedus
3193 2786 3472 2868 propter
3498 2780 3823 2850 directam

2274 2879 2458 2947 viam
2490 2880 2627 2946 oris
2669 2878 2754 2946 ad
2783 2879 3238 2965 stomachum,
3270 2882 3464 2970 cujus
3498 2904 3826 2975 evapora-

2275 2986 2371 3053 tio
2421 2987 2842 3054 immiscetur
2893 2988 3272 3077 spiramini,
3323 2998 3392 3057 et
3452 2993 3829 3082 corrumpit

2273 3092 2497 3182 ipsum
2553 3113 2571 3159 ε
2614 3101 2682 3160 et
2719 3091 2871 3161 ideo
2919 3102 3022 3162 est
3057 3094 3490 3163 innaturalis.
3533 3096 3663 3164 Via
3710 3121 3828 3165 au·

2270 3208 2410 3268 tem
2441 3223 2484 3268 a
2514 3222 2678 3269 naso
2709 3208 2813 3270 est
2848 3200 2936 3270 ad
2964 3200 3362 3292 pulmonem
3393 3212 3460 3272 et
3502 3203 3588 3272 ad
3633 3228 3828 3275 cerc-

2272 3306 2498 3386 brum,
2530 3328 2686 3398 quae
2714 3315 2874 3374 sunt
2902 3308 3216 3375 membra
3250 3330 3392 3376 non
3445 3312 3823 3380 emittentia

2268 3410 2440 3481 tales
2478 3435 2790 3505 vapores.

600 3217 902 3287 vicissim
940 3223 1496 3313 comprimuntur
1540 3218 1683 3289 cito
1730 3225 1798 3287 et
1856 3218 2171 3290 relaxan-

600 3332 716 3393 tur
741 3349 942 3397 nares
978 3327 1234 3421 digitis.
1277 3329 1453 3399 Cum
1484 3336 1721 3397 autem
1769 3329 2170 3418 comprimi-

598 3440 711 3501 tur
743 3432 1010 3506 tortiter
1044 3438 1338 3529 angulus
1383 3433 1721 3529 trianguli
1769 3434 1918 3503 nasi
1964 3458 2164 3529 supe-

510 3621 515 3626 ,
591 3546 738 3616 rius
773 3546 1356 3639 intersupercilia,
1396 3544 1782 3640 impeditur
1824 3552 2167 3616 sternuta-
2355 3548 2672 3641 Amplius
2714 3557 2944 3620 autem
2997 3570 3205 3619 nasus
3258 3558 3361 3621 est
3422 3553 3808 3623 membrum

584 3654 687 3723 tio
738 3677 758 3724 :
806 3654 969 3746 quia
1004 3662 1169 3725 tunc
1210 3679 1434 3750 vapor
1480 3662 1555 3726 et
1600 3653 1890 3722 materia
1935 3654 2163 3747 expel-
2265 3653 2535 3724 subtilis
2579 3663 2799 3725 tactus
2833 3666 2904 3726 et
2944 3655 3109 3725 boni
3154 3666 3384 3726 motus
3417 3680 3436 3726 τ
3477 3659 3805 3751 quoniam

585 3761 788 3832 lenda
833 3761 1123 3833 redeunt
1149 3764 1235 3833 ad
1278 3765 1642 3835 interiora.
1687 3759 1986 3853 Signum
2034 3788 2162 3831 au-
2262 3766 2399 3834 cito
2437 3766 2729 3834 sentitur
2765 3768 2837 3835 in
2865 3787 2949 3835 eo
2977 3764 3191 3857 frigus
3217 3774 3498 3858 propter
3530 3767 3809 3839 bonita-

580 3878 724 3940 tem
771 3870 945 3962 ejus,
991 3871 1175 3966 quod
1221 3896 1308 3944 ex
1351 3869 1661 3967 pectoris
1708 3870 2156 3942 concussione
2257 3879 2398 3940 tem
2421 3894 2662 3941 sensus
2687 3879 2909 3942 tactus
2936 3874 3007 3942 in
3036 3894 3143 3942 eo.
3184 3871 3526 3944 Dilatatur
3574 3885 3804 3946 autem

575 3980 860 4066 juvetur
883 3985 1319 4064 sternutatio,
1351 3992 1459 4054 est
1482 3980 1900 4052 sternutatio
1926 3983 2155 4072 oegro-
2259 3990 2324 4050 et
2352 3982 2841 4075 constringitur
2865 3991 3143 4075 propter
3168 3981 3545 4053 bonitatem
3575 3993 3805 4056 motus

583 4108 765 4169 rum,
805 4089 1028 4181 capita
1064 4111 1363 4185 quorum
1391 4087 1757 4184 replentur
1781 4088 1982 4156 malis
2012 4112 2155 4158 ma·
2256 4112 2462 4181 quam
2506 4089 2713 4160 habet
2756 4113 2844 4161 ex
2888 4091 3116 4160 nervis
3150 4091 3429 4159 motivis
3462 4092 3808 4163 venienti-

581 4192 767 4262 teriis
795 4201 863 4263 et
899 4193 1329 4266 humoribus.
1374 4196 1454 4265 1u
1486 4192 1648 4264 aliis
1695 4199 1926 4261 autem
1973 4201 2150 4264 ster-
2254 4194 2382 4263 bus
2418 4194 2505 4264 ad
2551 4198 2775 4288 ipsum
2828 4216 2846 4265 ε
2898 4217 3036 4264 non
3086 4195 3270 4264 enim
3317 4203 3421 4265 est
3464 4204 3543 4266 ut
3590 4199 3800 4275 auris,

577 4300 845 4370 nutatio
890 4308 997 4372 est
1033 4301 1312 4393 signum
1362 4294 1798 4372 fortitudinis
1824 4299 2080 4369 cerebri
2126 4325 2145 4371 ε
2250 4323 2407 4393 qua·-
2473 4311 2575 4370 est
2630 4300 3005 4371 immobilis
3047 4301 3118 4370 in
3181 4298 3488 4388 homine,
3537 4310 3607 4372 et
3650 4303 3804 4372 aliis

569 4412 853 4499 propter
882 4407 1070 4500 quod
1108 4410 1224 4502 qui
1281 4410 1420 4478 cito
1474 4403 1801 4477 morituri
1845 4414 2029 4488 sunt,
2079 4417 2147 4478 et
2248 4409 2656 4500 quibusdam
2686 4408 3123 4480 animalibus.
3156 4407 3389 4479 Paries
3419 4419 3646 4481 autem
3677 4416 3797 4506 qui

562 4511 783 4581 virtus
846 4535 1088 4583 eorum
1154 4514 1409 4596 delicit,
1487 4517 1880 4582 sternutare
1951 4513 2143 4583 nullo
2246 4516 2527 4587 inferius
2561 4526 2718 4611 post
2757 4539 2913 4588 ossa
2967 4519 3235 4587 narium
3293 4517 3506 4587 estin
3563 4519 3795 4588 medio

563 4618 773 4688 modo
803 4628 1118 4712 possunt.
1173 4619 1250 4688 Si
1281 4629 1520 4691 autem
1567 4619 2138 4690 sternutationem
2243 4625 2541 4703 narium,
2600 4632 2705 4694 est
2753 4631 3019 4693 creatus
3082 4645 3168 4692 ex
3231 4621 3656 4714 cartilagine,
3721 4633 3798 4693 ut

560 4725 1096 4815 provocantibus
1136 4727 1471 4820 appositis
1509 4721 1720 4794 alicui
1767 4744 2136 4817 aegrorum,
2243 4728 2489 4796 melius
2515 4737 2847 4800 sustentet
2883 4729 3033 4798 nasi
3058 4727 3471 4798 anteriorem
3499 4737 3792 4821 partem,

561 4854 701 4901 non
757 4832 876 4904 flat
921 4837 1356 4917 sternutatio,
1432 4837 1719 4925 signum
1785 4839 1892 4901 est
1954 4836 2138 4926 quod
2240 4857 2395 4926 qua‘
2444 4847 2547 4907 est
2592 4837 2896 4930 grossior
2930 4858 3089 4929 pars
3123 4835 3298 4915 nasi,
3339 4845 3406 4906 et
3456 4837 3662 4907 etiam
3717 4847 3794 4908 ut

559 4956 943 5031 numquam
1085 4938 1600 5009 convalescent.
1710 4933 2134 5007 Sternutatio
2238 4942 2307 5011 in
2338 4946 2487 5035 ipso
2518 4946 2804 5015 tirmiter
2828 4966 3153 5038 suspensa
3183 4944 3614 5014 contineatur
3638 4948 3786 5015 nasi

560 5043 745 5110 enim
792 5042 891 5121 lit,
960 5044 1239 5136 qnando
1284 5044 1698 5136 colligentes
1770 5063 1843 5111 se
1900 5041 2131 5114 lacerti
2234 5073 2391 5142 pars
2420 5054 2742 5132 anterior,
2776 5052 3048 5146 quando
3085 5059 3404 5120 movetur
3438 5051 3786 5122 dilatando

557 5148 853 5238 pectoris
912 5157 980 5218 et
1014 5151 1298 5243 parietis
1334 5159 1402 5221 et
1442 5147 1742 5233 cerebri,
1793 5149 2131 5239 adjutorio
2232 5165 2302 5226 et
2355 5160 2909 5254 constringendo.
2966 5158 3098 5227 Via
3162 5167 3393 5227 autem
3455 5161 3780 5230 transitus

553 5257 730 5325 aeris
774 5258 1042 5329 attracti
1097 5258 1456 5352 expellunt
1518 5263 1945 5328 nocumenta
2008 5281 2131 5348 per
2232 5264 2662 5356 mucilaginis
2698 5270 2766 5332 et
2795 5260 3164 5342 anhelitus,
3206 5268 3308 5330 est
3334 5281 3575 5341 vacua,
3608 5262 3786 5334 sicut

546 5366 1024 5437 excussionem
1055 5368 1189 5437 sui.
2226 5374 2473 5464 soepius
2513 5373 2839 5442 diximus.
2888 5368 3114 5439 Nasus
3155 5392 3321 5440 vero
3373 5366 3778 5461 elephantis,

635 5470 753 5542 Sic
795 5495 962 5566 ergo
1001 5498 1211 5546 nasus
1248 5485 1353 5547 est
1406 5478 1956 5546 instrumentum
2002 5496 2125 5566 per
2226 5480 2343 5569 qui
2386 5478 2736 5571 proboso-is
2781 5483 3086 5554 vocatur,
3128 5483 3231 5545 est
3272 5474 3470 5543 fortis
3520 5481 3585 5544 et
3624 5476 3783 5545 lon-

546 5577 733 5672 quod
758 5578 839 5650 tit
862 5580 1207 5674 anhelitus
1244 5582 1788 5667 autumatio,
1844 5581 2119 5672 qnando
2221 5608 2377 5676 gus,
2426 5596 2495 5654 et
2537 5584 2827 5676 plicatur
2874 5592 2943 5653 et
2986 5581 3363 5675 explicatur
3410 5582 3604 5674 quasi
3642 5582 3781 5652 cal·

546 5685 1043 5781 multiplicatur
1092 5690 1166 5760 in
1213 5690 1501 5761 cerebro
1532 5695 1794 5758 ventus
1832 5689 2113 5757 attracti
2220 5710 2404 5769 caus,
2444 5699 2510 5760 et
2540 5691 2755 5759 utitur
2788 5682 3244 5783 ipsojelephas
3274 5685 3428 5757 loco
3465 5708 3716 5758 manus
3747 5711 3766 5757 ε
