4919 6371
604 380 733 447 524

605 569 972 616 nervorum
1024 552 1091 609 et
1129 564 1456 607 venarum
1499 551 1565 610 et
1601 544 1937 632 praecipue
1997 548 2160 605 arte·

605 657 861 720 riarum
901 650 1161 718 faciunt
1191 671 1461 737 sperma
1518 651 1584 715 in
1638 648 1961 715 testiculis
2010 670 2166 711 mu-

602 762 846 828 lierum
892 783 906 826 z
944 760 1272 850 quoniam
1303 759 1359 825 si
1391 758 1644 825 faciunt
1685 759 1935 847 ipsum,
1970 755 2165 821 vide—

602 878 713 935 tur
742 867 928 958 quod
956 867 1170 935 altero
1204 866 1497 934 duorum
1529 863 1894 931 modorum
1918 862 2164 930 saciant

602 976 850 1065 ipsum.
888 975 1043 1044 Uno
1087 975 1270 1042 enim
1324 971 1532 1038 modo
1601 978 1816 1059 agunt
1856 968 2162 1036 membra

601 1084 670 1150 in
709 1081 1072 1152 humorem
1124 1084 1192 1148 in
1246 1102 1318 1146 se
1369 1086 1792 1155 contentum,
1848 1087 1912 1145 et
1958 1077 2162 1144 indu-

597 1200 759 1258 cunt
791 1193 858 1259 in
900 1194 1047 1281 ipso
1108 1186 1623 1255 similitudinem
1673 1210 1815 1254 suae
1857 1187 2162 1276 comple-

596 1298 850 1378 xioniS,
885 1307 953 1366 et
980 1304 1220 1388 postea
1246 1293 1476 1363 cibant
1519 1317 1590 1362 se
1643 1316 1725 1361 ex
1769 1294 1939 1384 ipso.
2003 1292 2157 1359 Alio

597 1414 826 1472 autem
857 1404 1065 1471 modo
1096 1411 1309 1493 agunt
1345 1425 1467 1492 per
1498 1401 1953 1479 occasionem,
1989 1400 2159 1467 sieut

594 1511 806 1602 hepar
861 1510 1020 1578 facit
1078 1508 1607 1577 melancholiam
1658 1517 1723 1575 et
1781 1507 2151 1585 choleram,

592 1627 657 1685 et
686 1617 916 1709 dirigit
954 1640 1036 1686 ea
1065 1615 1150 1684 ad
1176 1638 1301 1682 sua
1344 1614 1794 1704 receptacula,
1839 1636 1990 1705 quae
2040 1637 2158 1681 or-

592 1724 852 1793 dinavit
880 1732 1125 1793 natura
1158 1745 1173 1790 :
1210 1745 1334 1789 nec
1364 1722 1755 1789 invenimus
1795 1721 1981 1811 quod
2028 1743 2156 1787 na·-

588 1832 824 1899 turalis
855 1834 1163 1922 operatio
1194 1828 1665 1897 membrorum
1725 1829 1922 1896 aliter
1969 1830 2153 1896 sitin

589 1939 912 2008 humores
942 1939 1071 2008 sibi
1117 1937 1460 2026 subJectos
1501 1946 1568 2004 et
1617 1939 1687 2003 in
1745 1960 1816 2004 se
1865 1945 2154 2004 conten-

589 2056 717 2115 toS.
748 2047 823 2116 Si
855 2048 1063 2138 igitur
1091 2046 1356 2114 arteriae
1388 2053 1455 2112 et
1480 2067 1670 2112 venae
1700 2046 1921 2134 primo
1946 2044 2150 2113 modo

586 2161 798 2243 agunt
838 2154 908 2220 in
937 2152 1303 2221 humorem
1336 2152 1696 2242 spermatis
1755 2150 2147 2229 mulierum,

584 2269 746 2329 tunc
801 2268 1069 2352 oportet
1140 2258 1324 2350 quod
1380 2259 1587 2326 etiam
1618 2258 1929 2326 cibentur
1971 2280 2155 2347 sper-

583 2378 787 2449 mate,
819 2378 884 2438 et
916 2392 1055 2437 non
1111 2368 1467 2460 sanguine.
1518 2365 1591 2435 Si
1644 2375 1873 2434 autem
1917 2390 2154 2435 secun-

585 2476 673 2547 do
707 2480 939 2559 modo,
975 2487 1136 2546 tunc
1165 2477 1419 2545 faciunt
1458 2476 1541 2544 de
1590 2478 1737 2567 ipso
1799 2477 2153 2567 superflui-

585 2594 754 2655 tates
781 2585 1186 2677 rejiciendas
1223 2608 1239 2653 :
1276 2607 1570 2676 quorum
1631 2592 1996 2673 utrumque
2051 2590 2152 2650 est

577 2693 858 2772 salsum,
895 2697 1072 2762 sicut
1102 2701 1404 2783 apparet.

671 2801 817 2869 lloc
848 2810 1076 2870 autem
1128 2800 1314 2892 quod
1352 2799 1608 2867 inducit
1643 2798 1724 2865 de
1759 2797 2152 2867 similitudi-

577 2929 662 2974 ne
697 2907 783 2974 ad
821 2915 1087 2997 patrem
1131 2913 1197 2974 et
1244 2905 1329 2972 ad
1368 2913 1682 2982 matrem,
1729 2905 2013 2970 omnino
2052 2912 2151 2970 est

583 3012 1139 3081 irrationabiliter
1186 3012 1467 3088 dictum,
1530 3019 1596 3078 et
1649 3019 1888 3078 contra
1937 3018 2149 3078 artem

582 3120 1080 3212 syllogisticam
1142 3142 1292 3211 quae
1341 3118 1631 3187 traditur
1688 3120 1755 3185 in
1804 3119 2075 3208 Loqicis
2132 3140 2146 3184 ε

584 3230 807 3319 primo
865 3230 1052 3297 euim
1084 3251 1167 3296 ex
1208 3227 1544 3295 divisione
1573 3225 1956 3317 syllogismi
1996 3225 2153 3293 facit

582 3334 976 3415 divisivum,
1023 3333 1207 3426 quod
1245 3333 1620 3401 similitudo
1660 3356 1817 3402 cum
1848 3335 2152 3424 parenti-

586 3441 712 3509 bus
741 3450 1061 3510 causatur
1103 3449 1220 3509 aut
1250 3464 1291 3509 a
1320 3449 1685 3532 spermate,
1730 3449 1847 3508 aut
1913 3462 1953 3505 a
1992 3462 2157 3507 san-

582 3551 791 3641 guine
822 3558 1203 3627 menstruO,
1247 3555 1314 3617 et
1352 3545 1651 3616 ostendit
1681 3545 1866 3638 quod
1918 3569 2058 3614 non
2117 3569 2157 3614 a

582 3665 960 3735 menstruo,
1032 3657 1361 3748 quoniam
1436 3653 1813 3722 similitudo
1884 3662 1987 3722 est
2070 3652 2156 3720 ad

585 3772 950 3854 utrumque
1001 3771 1401 3855 parentem:
1447 3771 1514 3829 et
1575 3760 1760 3852 quod
1810 3770 1913 3830 est
1962 3784 2158 3830 com-

584 3892 790 3937 mune
830 3871 1130 3962 utrique,
1162 3868 1376 3938 estad
1416 3892 1620 3937 causa
1651 3891 1803 3959 quae
1843 3890 2156 3936 commu-

584 3977 688 4044 nis
745 3985 847 4045 est
893 3978 1216 4068 utrique:
1261 3985 1328 4044 et
1365 3974 1477 4043 hie
1514 3998 1654 4043 non
1703 3984 1805 4044 est
1869 3974 2150 4065 sanguis

585 4093 977 4154 menstruus
1020 4108 1036 4153 ε
1081 4092 1149 4152 et
1181 4084 1385 4152 infert
1422 4083 1611 4176 quod
1642 4092 1747 4152 est
1777 4106 1816 4151 a
1858 4105 2161 4174 sperma-

582 4202 672 4262 te.
725 4191 986 4261 Deinde
1053 4192 1280 4282 arguit
1363 4190 1667 4260 secundo
1726 4189 2152 4282 syllogismo,

587 4299 774 4390 quod
804 4299 1084 4368 ess'ectus
1113 4297 1504 4366 communis
1535 4303 1636 4365 est
1667 4320 1706 4364 a
1735 4320 1942 4365 eausa
1970 4320 2157 4364 com-

585 4406 803 4483 muni,
839 4413 906 4473 et
980 4414 1085 4472 est
1141 4428 1181 4472 a
1238 4412 1581 4495 spermate
1628 4425 1643 4471 :
1687 4426 1853 4494 ergo
1884 4424 2157 4494 sperma

583 4521 683 4582 est
711 4535 1077 4581 commune
1110 4520 1253 4580 tam
1286 4510 1484 4579 matri
1539 4533 1749 4601 quam
1774 4511 1974 4601 patri.
2023 4508 2157 4577 Se-

583 4619 885 4690 cundum
962 4620 1346 4689 doctrinam
1416 4619 1599 4688 enim
1669 4617 2160 4686 demonstrati-

584 4752 745 4797 vam
802 4751 943 4797 non
1011 4734 1196 4796 tenet
1238 4727 1367 4795 nisi
1408 4728 1478 4794 in
1545 4723 1655 4793 his
1731 4748 1884 4816 quae
1940 4724 2158 4792 divisa

582 4843 742 4904 sunt
789 4857 993 4903 causa
1051 4855 1340 4901 suorum
1400 4832 1791 4900 effectuum.
1832 4831 1904 4898 Si
1973 4833 2156 4900 enim

588 4941 834 5032 aliquis
865 4940 1149 5009 effectus
1188 4946 1509 5007 causatur
1535 4961 1622 5007 ex
1659 4938 1969 5030 pluribus
1998 4962 2158 5007 con-

593 5047 894 5138 gregatis
934 5048 1003 5114 in
1064 5067 1307 5124 unum,
1353 5053 1514 5114 tune
1550 5067 1691 5112 non
1728 5052 1916 5113 tenet
1974 5045 2160 5137 quod

587 5155 873 5235 inducit,
908 5156 1084 5223 sicut
1124 5163 1227 5222 est
1265 5154 1336 5221 in
1366 5152 1595 5222 colore
1627 5152 1916 5241 alicujus
1946 5157 2063 5245 qui
2087 5156 2161 5222 tit

594 5288 678 5331 ex
708 5262 1018 5354 pluribus
1057 5262 1624 5331 convenientibus
1682 5263 1751 5329 in
1803 5285 2019 5329 unum
2076 5285 2160 5331 ex

585 5394 874 5461 corpore
902 5370 1266 5461 perspicuo
1307 5378 1375 5438 et
1416 5391 1701 5459 corpore
1744 5370 2109 5437 terminato
2143 5393 2158 5438 :

588 5488 653 5550 et
684 5479 782 5548 sic
810 5486 913 5546 est
939 5481 1150 5547 etiam
1196 5476 1354 5557 hoc,
1397 5476 1730 5568 quoniam
1769 5476 1884 5544 illa
1915 5477 2164 5544 simili-

587 5586 753 5657 tudo
806 5585 883 5654 fit
939 5607 1028 5654 ex
1101 5592 1442 5676 spermate
1500 5584 1632 5651 viri
1697 5591 1765 5651 et
1828 5587 2162 5676 sanguine

589 5700 945 5764 menstruo
974 5693 1433 5784 congregatis,
1466 5701 1535 5761 et
1590 5691 1969 5761 secundum
1996 5715 2163 5784 pro-

1600 369 1687 438 1).
1740 369 1939 436 ΑΕΒ.
1994 366 2209 435 MAG.
2264 365 2468 435 ORD.
2523 371 2813 440 PRAED.

2259 545 2637 628 portionem
2696 546 2961 609 virtutis
3010 545 3367 633 spermatis
3430 545 3557 611 viri
3612 569 3816 635 super

2258 653 2653 739 sanguinem
2711 660 3134 717 menstruum
3194 661 3509 719 causatur
3565 654 3814 720 simili-

2257 754 2421 821 tudo
2451 778 2601 822 cum
2643 765 2828 846 patre
2859 756 2967 823 vel
3000 765 3235 823 matre.
3273 756 3345 823 Si
3388 760 3569 825 enim
3612 759 3813 827 fuerit

2257 862 2533 928 vincens
2571 870 2636 929 et
2675 864 2972 953 ligurans
3019 886 3315 952 sperma,
3351 864 3479 931 erit
3517 864 3815 954 perfecta

2258 968 2626 1038 similitudo
2666 970 2750 1037 ad
2788 979 3051 1060 patrem
3089 993 3104 1038 :
3140 980 3206 1038 et
3243 972 3301 1036 si
3356 971 3485 1038 fuit
3530 976 3812 1041 vincens

2261 1075 2546 1166 qualitas
2579 1077 2900 1144 menstrui
2943 1087 3007 1144 et
3056 1078 3434 1167 impediens
3465 1082 3815 1170 operatio-

2261 1206 2417 1249 nem
2446 1186 2799 1273 spermatis
2831 1186 2898 1251 in
2930 1184 3147 1275 figura
3185 1194 3251 1252 et
3281 1187 3534 1270 colore,
3572 1190 3698 1255 erit
3727 1189 3814 1254 si-

2261 1290 2572 1359 militudo
2648 1292 2732 1359 ad
2788 1301 3098 1360 matrem.
3135 1292 3217 1359 Et
3265 1303 3340 1360 ut
3404 1295 3813 1383 generaliter

2261 1398 2520 1465 dicatur
2547 1401 2917 1468 secundum
2969 1424 3247 1468 omnem
3291 1406 3809 1492 proportionem

2257 1506 2523 1573 virtutis
2554 1509 2906 1597 spermatis
2947 1509 3030 1576 ad
3078 1510 3431 1600 sanguinis
3477 1511 3811 1579 menstrui

2261 1612 2651 1702 qualitatem
2702 1616 3056 1684 inducetur
3110 1618 3488 1686 similitudo
3554 1618 3685 1686 alia
3745 1626 3812 1685 et

2258 1718 2390 1788 alia
2421 1722 2790 1790 secundum
2855 1723 3148 1814 figuram
3216 1724 3684 1793 membrorum
3742 1734 3811 1794 et

2259 1824 2553 1894 colorem
2592 1829 3041 1898 considerata.

2347 1932 2523 2003 Sane
2553 1945 2778 2004 autem
2809 1935 3327 2028 intelligendum
3359 1946 3460 2006 est
3494 1938 3679 2030 quod
3710 1939 3811 2007 di-

2258 2048 2473 2113 cimus
2502 2044 2581 2111 de
2608 2046 2955 2135 sanguinis
2985 2047 3316 2113 menstrui
3340 2048 3614 2114 virtute.
3652 2046 3808 2115 Non

2258 2155 2437 2222 enim
2468 2151 2703 2220 damus
2752 2155 2812 2220 ei
2852 2153 3228 2221 secundum
3287 2156 3640 2223 scientiam
3675 2155 3813 2224 Pe-

2257 2261 2670 2350 ripateticum
2728 2259 3028 2349 aliquam
3118 2261 3442 2328 virtutem
3513 2262 3811 2352 operati-

2255 2389 2411 2433 vam
2447 2388 2463 2432 :
2506 2365 2620 2431 sed
2651 2388 2805 2432 cum
2848 2366 2914 2431 in
2955 2376 3292 2456 spermate
3324 2368 3412 2435 sit
3467 2375 3612 2435 tota
3661 2368 3809 2435 vir-

2255 2481 2363 2541 tus
2423 2472 2791 2561 operativa,
2862 2493 3129 2562 sperma
3195 2472 3534 2563 duplicem
3603 2472 3809 2541 habet

2254 2580 2570 2648 virtutem
2605 2602 2620 2645 :
2659 2603 2861 2647 unam
2901 2580 3178 2670 quidem
3219 2581 3303 2648 ad
3354 2584 3655 2672 speciem
3695 2582 3809 2649 in-

2256 2687 2626 2758 ducendam
2663 2711 2676 2753 :
2712 2696 2774 2754 et
2798 2687 3021 2777 quoad
3056 2685 3229 2756 lianc
3260 2712 3398 2756 non
3428 2691 3671 2779 quaerit
3696 2691 3811 2756 ni·-

2254 2797 2308 2863 si
2342 2796 2688 2863 materiam
2728 2793 3045 2862 liumanae
3093 2797 3340 2885 speciei
3385 2797 3816 2865 convenien-

2254 2912 2416 2982 tem,
2459 2914 2520 2972 et
2572 2926 2706 2971 non
2767 2903 3050 2971 attendit
3107 2903 3624 2972 similitudinem
3684 2904 3813 2972 ali-

2257 3034 2459 3103 quam
2497 3034 2511 3077 :
2549 3020 2613 3078 et
2665 3010 2840 3078 hanc
2898 3034 3167 3101 semper
3231 3014 3674 3103 consequitur
3740 3014 3807 3079 in

2255 3121 2527 3211 propria
2565 3119 2842 3185 materia
2872 3118 2998 3184 sibi
3049 3119 3378 3209 subjecta.
3411 3118 3642 3189 Aliam
3684 3143 3815 3188 au-

2256 3235 2390 3294 tem
2430 3224 2628 3293 habet
2677 3227 2996 3293 virtutem
3045 3249 3127 3294 ex
3175 3226 3618 3317 qualitatibus
3657 3249 3812 3294 ma-

2256 3335 2440 3401 teriae
2474 3355 2489 3431 3
2533 3341 2708 3399 etex
2750 3331 2865 3399 illa
2912 3341 3230 3422 operatur
3257 3333 3812 3425 complexionem

2256 3446 2322 3508 et
2379 3440 2661 3529 liguram
2712 3446 2775 3505 et
2830 3437 3095 3506 colores
3140 3460 3155 3505 :
3201 3447 3267 3506 et
3308 3439 3688 3507 secundum
3727 3437 3820 3506 il-

2255 3546 2391 3613 lam
2421 3546 2782 3637 aliquando
2814 3545 3044 3613 obedit
3083 3547 3368 3615 materia
3406 3546 3479 3615 in
3526 3555 3701 3626 toto,
3746 3556 3815 3616 et

2256 3653 2594 3722 inducitur
2670 3653 3041 3722 similitudo
3117 3656 3349 3746 patris.
3410 3654 3805 3745 Aliquando

2261 3763 2505 3830 resistit
2568 3764 2627 3830 ei
2684 3763 2754 3831 in
2793 3771 2937 3832 toto
3013 3763 3305 3854 qualitas
3373 3767 3698 3844 materiae,
3742 3773 3811 3833 et

2260 3879 2419 3938 tunc
2485 3870 2821 3939 inducitur
2891 3870 3269 3939 similitudo
3328 3872 3589 3939 matris.
3660 3870 3814 3938 Ali-

2260 3975 2529 4069 quando
2560 3986 2783 4044 autem
2818 3978 2887 4043 in
2926 3985 3115 4068 parte
3145 3978 3382 4056 vincit,
3418 3986 3485 4046 et
3515 3978 3581 4044 in
3621 3985 3812 4069 parte

2259 4084 2636 4153 succumbit
2673 4108 2688 4152 ε
2722 4094 2790 4152 et
2827 4093 2988 4152 tunc
3027 4084 3369 4153 inducitur
3433 4083 3814 4152 similitudo

2261 4193 2606 4282 utriusque
2649 4192 2715 4258 in
2744 4191 3027 4259 diversis
3059 4191 3384 4259 membris
3409 4200 3813 4282 conceptuS.

2260 4297 2342 4365 Et
2371 4298 2733 4387 aliquando
2782 4307 3104 4387 operatur
3159 4297 3540 4366 secundum
3609 4298 3818 4367 aliam

2259 4405 2650 4497 qualitatem
2681 4428 2833 4497 quae
2867 4415 2966 4473 est
3003 4405 3075 4472 in
3116 4406 3264 4496 ipso
3300 4428 3316 4474 ε
3351 4415 3417 4473 et
3444 4415 3610 4475 tunc
3651 4404 3819 4475 nul-

2260 4514 2391 4581 lius
2444 4521 2827 4603 parentum,
2867 4512 2984 4580 sed
3041 4511 3212 4580 forte
3267 4514 3378 4581 avi
3416 4521 3533 4581 aut
3578 4514 3817 4606 proavi

2261 4620 2598 4688 inducitur
2648 4619 3075 4689 similitudo:
3114 4628 3181 4689 et
3235 4620 3410 4690 forte
3475 4622 3824 4691 inducitur

2260 4725 2630 4795 similitudo
2695 4748 2846 4818 quae
2899 4728 2985 4795 ad
3045 4726 3314 4796 nullum
3374 4737 3478 4797 est
3540 4728 3623 4796 de
3675 4735 3820 4797 tota

2260 4835 2609 4928 progenie,
2659 4835 2987 4926 quoniam
3026 4833 3241 4902 multa
3271 4844 3431 4904 sunt
3460 4836 3821 4926 superiora

2261 4953 2327 5014 et
2386 4942 2721 5025 inferiora,
2755 4965 3048 5034 quorum
3090 4942 3451 5033 qualitates
3509 4951 3668 5011 sunt
3746 4945 3816 5012 in

2262 5059 2594 5141 spermate
2651 5060 2710 5118 et
2775 5051 2840 5116 in
2890 5051 3222 5138 sanguine
3271 5061 3651 5119 menstruo,

2355 5157 2452 5224 Ex
2474 5155 2788 5224 omnibus
2811 5164 3040 5224 autem
3063 5154 3170 5224 bis
3190 5166 3400 5248 patet,
3441 5157 3626 5248 quod
3648 5156 3820 5226 nihil

2267 5267 2712 5334 necessarium
2798 5266 2904 5332 vel
2969 5267 3389 5334 contrarium
3464 5266 3814 5335 Aristoteli

2265 5382 2368 5442 est
2398 5374 2470 5441 iu
2498 5372 2924 5440 sermonibus
2946 5372 3183 5440 Caleni
3212 5371 3604 5462 probatum.
