4919 6371
572 402 703 468 222

1560 388 1642 455 D.
1697 386 1896 457 ALB.
1950 389 2168 459 MAG.
2222 391 2427 460 om).
2481 392 2777 460 PRAED.

572 568 964 636 collativum
990 583 1226 630 massae
1247 559 1453 652 chyli‚
1488 570 1552 629 ct
1581 585 1720 630 non
1763 565 2123 654 completi·
2228 573 2326 632 est
2367 567 2458 631 ita
2498 566 2858 653 conjuncta
2907 571 2971 628 et
3023 562 3415 629 continuata
3469 561 3538 626 in
3568 579 3781 624 unum

565 697 756 750 vum,
801 674 973 739 sicut
1004 677 1184 760 patet
1222 691 1307 736 ex
1334 670 1752 760 praehabitis.
1799 670 2119 738 Concedi-

2228 671 2612 737 membrum
2642 669 3017 736 secundum
3050 669 3352 735 diversas
3381 675 3607 758 partes
3639 690 3785 733 cor-

570 793 723 849 mus
766 789 992 847 autem
1041 801 1180 846 non
1228 803 1373 847 csse
1411 779 1646 870 hepar,
1684 782 1858 847 sicut
1896 798 2116 869 neque
2225 778 2433 865 perita,
2485 777 2656 842 sicut
2711 784 2813 842 est
2866 776 3117 842 creatio
3159 775 3660 863 conjunctionis
3717 780 3785 840 et

569 889 701 955 alia
741 888 1044 956 membra
1083 912 1228 957 esse
1266 911 1458 978 aequc
1487 886 1886 977 principalia
1946 888 2117 951 sicut
2224 883 2497 947 unionis
2561 902 2752 947 venae
2809 903 2823 946 ε
2879 881 3206 969 quoniam
3277 902 3515 947 omnes
3588 902 3782 947 venae

567 1004 671 1064 est
709 1016 851 1079 cor,
886 999 1060 1065 sicut
1087 1003 1272 1086 patet
1303 1018 1385 1060 ex
1412 992 1872 1083 praeinductis.

1075 1966 1185 2036 CA
1198 1965 1368 2036 l‘UT
1415 1964 1569 2031 vlt.

547 2733 651 2802 Dc
678 2731 1030 2800 anatomia
1069 2739 1130 2796 et
1160 2726 1600 2818 dispositione
1629 2741 1989 2790 nervorum
2023 2720 2091 2786 in

653 2839 995 2906 comnmm'
1066 2834 1436 2902 secundum
1537 2830 1727 2922 quod
1817 2826 2098 2895 redeunt

640 2943 736 3014 ad
768 2961 881 3012 cor
909 2952 1259 3033 tamquam
1302 2939 1398 3005 ad
1412 2936 1870 3030 principium.

626 3784 751 3854 llis
812 3794 1038 3852 autem
1097 3783 1194 3851 sic
1257 3779 1749 3859 determinatis,
1817 3787 2089 3869 tempus

533 3902 636 3963 est
666 3900 742 3961 ut
783 3889 872 3959 ad
920 3890 1343 3982 propositum
1393 3898 1839 3966 revertamur,
1865 3887 2090 3955 dicen-

533 4009 633 4068 tes
700 3997 884 4090 quod
929 3995 1302 4065 secundum
1347 3994 1666 4087 praedicta
1729 3995 1918 4061 nervi
1962 4017 2089 4062 na-

528 4115 680 4175 tura
719 4115 785 4174 et
812 4106 1166 4196 dispositio
1205 4112 1306 4172 est
1343 4103 1721 4171 secundum
1759 4103 1946 4193 quod
1976 4126 2088 4171 re-

525 4213 846 4283 feremus.
883 4211 1096 4280 Radix
1124 4212 1308 4279 enim
1338 4211 1531 4279 nervi
1570 4218 1636 4277 et
1672 4210 2083 4300 principium

529 4342 675 4387 csso
703 4325 773 4387 et
807 4316 1196 4386 substantias
1225 4316 1373 4405 ejus
1411 4323 1513 4383 est
1541 4335 1582 4380 a
1628 4313 1871 4383 corde:
1908 4337 2087 4405 quo·

525 4429 713 4496 niam
754 4429 822 4498 in
850 4424 1225 4496 ventriculo
1256 4424 1502 4515 majori
1542 4422 2082 4492 ventriculomm

525 4535 749 4605 cordis
822 4542 923 4603 est
997 4555 1244 4603 nervus
1281 4556 1297 4599 τ
1334 4541 1393 4596 et
1473 4534 1726 4596 ornatio
1806 4531 2076 4619 quidem

524 4642 926 4713 substantiae
989 4665 1179 4710 venre
1254 4646 1587 4733 pulsantis
1662 4645 1805 4709 sive
1870 4641 2077 4718 orthi,

526 4753 689 4843 quia
735 4750 913 4820 orthi
943 4751 1221 4843 Antiqui
1246 4750 1539 4842 pulsans
1566 4771 1712 4818 esse
1739 4747 2077 4829 dicebant,

526 4859 899 4931 estsimilis
925 4859 1248 4930 creationi
1286 4855 1682 4925 substantiae
1732 4859 1948 4937 nervi,
1991 4880 2074 4926 eo

526 4965 714 5060 quod
739 4974 1025 5060 utraque
1065 4974 1165 5035 est
1192 4965 1363 5033 dura
1393 4971 1460 5033 et
1488 4964 1705 5041 fortis,
1746 4972 1814 5033 et
1845 4966 1914 5033 in
1945 4962 2077 5035 hoc

522 5077 708 5168 quod
744 5086 1050 5146 extrema
1079 5078 1227 5165 ejus
1256 5077 1326 5144 in
1349 5071 1599 5167 quibus
1649 5075 1931 5145 filariter
1966 5077 2081 5146 ad-

516 5182 775 5253 haerent
811 5184 1025 5266 cordi,
1048 5205 1187 5253 non
1227 5191 1389 5252 sunt
1414 5205 1631 5254 vacua
1661 5185 1806 5253 sive
1834 5204 2077 5254 conca·

517 5308 631 5369 Vn,
675 5296 743 5360 et
769 5301 931 5361 suut
974 5293 1168 5363 fortia
1211 5302 1488 5357 exto-usa
1530 5291 1597 5358 in
1647 5291 1853 5360 corde
1901 5293 2075 5361 sicut

513 5412 708 5470 'venae
739 5399 1053 5492 quiedam
1090 5401 1340 5469 filares.
1387 5399 1613 5468 Fortia
1670 5400 1879 5469 ctiam
1918 5413 2073 5474 sunt

511 5504 586 5576 in
622 5503 1161 5578 extremitatibus
1201 5506 1333 5577 illis
1387 5506 1457 5576 in
1496 5505 1747 5599 quibus
1785 5507 2076 5603 elonga-

2223 987 2629 1055 sensibiliter
2683 994 3013 1078 apparent
3069 988 3138 1053 in
3204 1009 3487 1076 corpore
3548 1010 3778 1055 macro

2222 1093 2449 1159 reduci
2478 1092 2562 1160 ad
2593 1111 2807 1159 unum
2830 1090 3010 1158 unde
3043 1091 3533 1158 ramisicantur.
3570 1090 3779 1158 Nervi

2221 1212 2445 1271 autem
2475 1211 2890 1294 sparguntur
2919 1199 3118 1270 valde
3159 1208 3227 1267 et
3258 1201 3556 1268 maxime
3599 1198 3779 1289 apud

2211 1310 2565 1398 juncturas
2611 1317 2676 1377 et
2716 1307 3047 1376 flexiones
3096 1308 3354 1375 ossium
3392 1329 3407 1374 t
3445 1314 3511 1373 et
3549 1307 3779 1372 minor

2217 1428 2370 1506 pars
2401 1439 2549 1507 quae
2596 1418 2917 1484 convenit
2958 1416 3025 1481 in
3064 1434 3307 1493 unum,
3352 1423 3454 1482 est
3493 1415 3560 1480 in
3601 1416 3780 1481 inte—

2214 1525 2375 1589 riori
2405 1543 2705 1614 genuum
2745 1547 2759 1590 ε
2795 1529 2860 1589 et
2892 1521 3139 1589 deinde
3179 1530 3339 1589 sunt
3367 1523 3596 1610 plures
3625 1543 3777 1611 par-

2212 1637 2313 1697 tes
2368 1630 2693 1698 habentes
2725 1649 2975 1698 nervos
3015 1645 3167 1720 quae
3206 1631 3625 1697 conveniunt
3660 1632 3774 1697 vi-

2211 1739 2359 1828 gori
2380 1742 2705 1830 corporis,
2751 1747 2818 1807 et
2855 1740 3077 1829 magis
3118 1738 3249 1806 illae
3277 1759 3429 1829 quae
3457 1761 3541 1806 ex
3569 1741 3778 1828 parti-

2215 1849 2338 1914 bus
2375 1848 2750 1938 procedunt
2783 1846 2866 1914 ad
2895 1855 3159 1937 partem
3205 1846 3390 1914 dorsi
3436 1854 3504 1914 et
3561 1867 3774 1937 gyra-

2208 1957 2428 2023 tiones
2467 1956 2893 2046 spatularum
2928 1973 2944 2022 t
2981 1955 3072 2021 ibi
3114 1956 3299 2022 enim
3342 1954 3572 2045 plures
3611 1975 3773 2022 ner-

2205 2067 2274 2132 vi
2320 2067 2761 2143 conveniunt,
2814 2073 2879 2133 et
2938 2063 3189 2132 horum
3243 2086 3384 2131 non
3442 2064 3535 2130 ita
3568 2085 3773 2154 appa-

2208 2180 2307 2241 ret
2337 2173 2638 2241 reductio
2671 2173 2752 2240 ad
2784 2171 3224 2263 principium.
3259 2171 3771 2261 Consequentur

2206 2282 2612 2372 principium
2646 2282 3063 2349 ramositatis
3103 2282 3294 2349 nervi
3329 2280 3530 2370 longe
3562 2277 3767 2347 distat

2206 2411 2245 2455 a
2273 2390 2605 2479 principio
2635 2388 3035 2457 substantiae
3062 2389 3276 2479 ipsius
3329 2411 3345 2456 τ
3389 2395 3454 2454 et
3484 2409 3623 2454 non
3668 2393 3769 2453 est

2204 2496 2299 2562 sic
2329 2495 2396 2562 in
2426 2496 2623 2563 venis
2651 2496 2903 2587 quietis
2942 2502 3010 2562 et
3039 2492 3498 2585 pulsantibus,

2291 2602 2557 2670 Nervus
2611 2611 2841 2670 autem
2900 2602 3013 2670 illc
3080 2605 3198 2693 qui
3246 2603 3520 2693 proprie
3575 2600 3770 2691 liqa—

2201 2720 2502 2777 meretum
2535 2716 2842 2784 vocatur,
2879 2729 3019 2775 non
3060 2709 3332 2799 proprie
3368 2717 3772 2776 numeratur

2203 2819 2374 2885 inter
2428 2839 2697 2895 nervos,
2757 2824 3035 2908 propter
3079 2835 3357 2884 causam
3426 2839 3632 2906 quam
3701 2817 3770 2883 in

2202 2927 2420 3015 primu
2453 2926 2646 2992 istius
2676 2927 2975 2992 scientim
3014 2923 3190 2991 libro
3221 2922 3524 2990 diximus
3562 2947 3576 2991 :
3612 2925 3773 3015 quia

2200 3032 2350 3101 licet
2389 3034 2647 3100 oriatur
2706 3056 2789 3100 ex
2832 3031 3219 3124 panniculis
3260 3029 3770 3099 involventibus

2198 3163 2378 3220 ossa,
2422 3149 2652 3209 tamen
2699 3162 2841 3208 non
2897 3141 3127 3217 sentit,
3188 3146 3255 3208 et
3302 3138 3605 3230 affigitur
3658 3162 3761 3207 sc·

2196 3247 2495 3316 cundum
2551 3271 2746 3316 suain
2794 3247 3093 3317 radicem
3143 3254 3207 3315 et
3250 3248 3755 3316 extremitatem

2195 3376 2389 3421 suam
2448 3356 2792 3444 utrimque
2845 3353 3118 3420 ossibus
3192 3375 3345 3445 quae
3408 3353 3600 3444 ligat,
3662 3356 3763 3421 ita

2196 3462 2377 3554 quod
2433 3463 2706 3531 videtur
2741 3462 3135 3555 principiari
3184 3460 3269 3528 ab
3320 3462 3485 3554 ipsis
3523 3471 3590 3530 et
3628 3470 3761 3529 ter-

2192 3570 2440 3637 minari
2500 3569 2779 3649 ibidem,
2842 3590 2918 3636 ac
2965 3570 3024 3636 si
3074 3586 3292 3637 unum
3348 3569 3610 3635 ossium
3668 3567 3755 3634 sit

2193 3677 2598 3769 principium
2648 3678 2796 3769 ejus
2847 3684 2915 3745 et
2955 3677 3249 3746 alterum
3288 3677 3377 3745 sit
3426 3676 3511 3745 ad
3579 3676 3761 3768 quod

2193 3786 2617 3853 terminatur.
2672 3784 2786 3852 Sic
2828 3785 3015 3852 enim
3064 3806 3221 3853 ossa
3269 3807 3425 3876 quae
3472 3785 3761 3873 conjun-

2191 3900 2446 3983 guntur
2473 3892 2559 3960 ad
2587 3892 2910 3971 invicem,
2952 3900 3114 3961 sunt
3153 3893 3363 3986 ligata
3400 3914 3560 3963 cum
3602 3915 3755 3961 ner-

2189 4021 2277 4069 vo
2317 3997 2735 4093 ligamentali
2779 4022 2796 4068 :
2842 4008 2911 4069 et
2947 4001 3017 4069 in
3070 4001 3238 4070 locis
3281 4002 3598 4068 omnium
3645 4023 3758 4068 os-

2189 4110 2366 4177 sium
2421 4108 2577 4176 talis
2625 4118 2729 4176 est
2793 4107 3161 4177 multitudo
3219 4129 3592 4177 nervorum
3662 4114 3760 4176 ta·

2188 4217 2383 4284 lium.

2277 4324 2588 4416 Amplius
2616 4331 2847 4393 autem
2886 4343 3143 4392 nervus
3189 4323 3594 4393 naturaliter
3629 4321 3754 4392 iln-

2186 4431 2368 4501 ditur
2390 4432 2459 4501 in
2489 4432 2801 4522 longum,
2836 4439 2901 4500 et
2949 4453 3090 4500 non
3125 4431 3195 4499 in
3236 4431 3457 4501 latum
3503 4453 3520 4500 :
3566 4429 3750 4523 quod

2187 4551 2417 4604 natura
2465 4541 2637 4605 ivs-it.
2696 4565 2776 4604 nv
2847 4539 3040 4602 sarilo
3102 4563 3222 4629 pur
3281 4537 3748 4606 extensionem

2182 4649 2533 4741 frangatur
2566 4649 2770 4740 :quia
2812 4669 2963 4740 quae
2994 4648 3063 4716 in
3104 4647 3320 4715 latum
3365 4647 3746 4727 finduntur,

2182 4754 2374 4826 facile
2430 4756 2860 4846 franguntur,
2937 4755 3115 4822 sicut
3180 4753 3609 4822 ostendimus
3678 4755 3750 4821 in

2185 4862 2278 4931 tv
2314 4872 2701 4932 nostrorum
2741 4863 3202 4929 Meteon-orum
3237 4882 3254 4929 τ
3289 4870 3358 4931 et
3413 4863 3568 4931 ideo
3626 4884 3753 4931 cx-

2179 4970 2364 5041 tendi
2394 4978 2620 5062 potest
2657 4966 2877 5037 multa
2914 4968 3343 5038 extensione.

2268 5078 2510 5148 Adhuc
2547 5087 2778 5147 autem
2816 5076 2890 5145 in
2935 5077 3227 5146 circuitu
3274 5077 3469 5147 nervi
3520 5074 3749 5145 humi-

2178 5187 2350 5257 ditas
2376 5194 2479 5255 cst
2506 5186 2798 5262 viscosa,
2834 5203 2924 5252 ex
2968 5207 3109 5277 qua
3134 5189 3503 5277 generatur
3529 5189 3599 5251 et
3628 5203 3747 5252 se-

2176 5293 2473 5365 cundum
2505 5290 2861 5360 materiam
2886 5299 2956 5360 et
2984 5291 3362 5361 secundum
3392 5295 3737 5372 naturam,

2177 5413 2244 5474 et
2273 5403 2570 5473 nutritur
2604 5422 2689 5470 ex
2716 5398 2986 5470 eadem.

2261 5514 2544 5605 Oportet
2583 5518 2812 5580 autem
2843 5511 3043 5588 scire,
3086 5509 3274 5601 quod
3319 5527 3514 5576 vente
3544 5526 3739 5599 quae-

512 5623 583 5684 ta
637 5639 679 5684 a
734 5613 937 5686 corde
982 5621 1357 5708 tang-untur
1391 5634 1575 5685 ossa.
1621 5614 1760 5685 Sed
1817 5615 2071 5688 creatio
2173 5622 2333 5693 dam
2368 5643 2493 5715 per
2536 5618 3029 5689 abscissionem
3077 5618 3293 5709 partis
3338 5615 3742 5686 substantiae

506 5722 708 5795 nervi
751 5721 1129 5795 secundum
1167 5744 1365 5793 suam
1411 5723 1883 5795 ramositatem
1931 5751 2071 5799 non

2174 5755 2407 5805 earum
2468 5729 2713 5799 iterum
2790 5725 3334 5821 conjunguntur,
3401 5725 3522 5796 scd
3597 5748 3740 5797 non
