4919 6371
682 393 809 457 432

679 580 837 646 pere
903 555 1149 644 pu1105‚
1209 555 1383 620 sicut
1448 554 1700 623 faciunt
1767 556 2095 634 vultures,
2165 561 2229 621 et

680 658 923 747 aquilae
955 658 1129 724 aliie.

768 765 936 831 Avis
988 774 1215 833 autem
1266 790 1416 857 quae
1467 769 1625 835 hein
1681 776 1985 844 vocatur,
2040 775 2106 832 et
2153 787 2231 830 ea

683 894 833 961 quae
879 881 1164 941 vocatur
1189 875 1497 965 qlauces,
1542 884 1701 942 sunt
1740 897 1989 967 genera
2017 873 2230 940 bubo-

684 1004 891 1048 num:
935 989 1002 1049 et
1030 983 1177 1050 aliae
1219 984 1533 1072 quaedam
1581 1007 1829 1074 genera
1876 990 2032 1049 sunt
2105 1004 2233 1047 no-

683 1099 992 1159 ctuarum
1024 1114 1164 1158 non
1191 1089 1367 1156 bene
1387 1091 1688 1155 videntia
1708 1088 1790 1154 de
1810 1087 1940 1164 die,
1966 1087 2081 1153 sed
2111 1109 2232 1153 ve-

684 1208 932 1266 nantur
952 1200 1022 1264 in
1053 1206 1274 1270 nocte.
1303 1204 1370 1262 et
1389 1204 1807 1286 congregant
1831 1194 2056 1262 cibum
2077 1217 2090 1259 :
2110 1216 2232 1259 nec

683 1312 1020 1371 venantur
1048 1324 1167 1391 per
1195 1310 1411 1368 totam
1461 1309 1756 1377 noctem,
1803 1301 1926 1368 sed
1958 1302 2025 1366 in
2057 1300 2234 1365 duo-

685 1412 811 1477 bus
849 1408 1263 1498 crepusculis
1293 1410 1535 1491 nocti5‚
1579 1432 1658 1476 eo
1684 1408 1867 1499 quod
1904 1417 2061 1475 tunc
2082 1409 2234 1473 ani-

686 1516 894 1583 malia
912 1538 1121 1605 parva
1146 1516 1299 1605 plus
1330 1525 1695 1586 moventur
1728 1539 1742 1586 :
1787 1519 2059 1608 capiunt
2108 1538 2234 1582 au·-

686 1629 823 1689 tem
856 1645 1106 1700 mures,
1151 1632 1217 1690 et
1245 1624 1629 1701 lacertulos,
1664 1632 1730 1691 et
1766 1622 2227 1714 ceaeoydOIOS‚

687 1731 871 1820 quod
927 1739 1027 1798 est
1074 1731 1419 1821 quoddam
1494 1755 1712 1822 genus
1768 1734 1978 1798 muris
2032 1754 2232 1820 quem

687 1859 814 1904 nos
859 1837 1075 1904 ciclzel
1107 1861 1461 1916 vocamuS‚
1534 1847 1600 1905 et
1674 1839 1983 1928 quaedam
2031 1841 2232 1905 etiam

687 1945 819 2013 alia
846 1955 1185 2014 venantur
1220 1946 1564 2013 animalia.

774 2053 942 2118 Avis
971 2060 1198 2121 autem
1248 2075 1456 2142 quam
1506 2055 1668 2120 cuni
1699 2053 1910 2121 Graeci
1960 2053 2232 2144 quidam

688 2165 958 2234 vocant,
1007 2159 1072 2223 in
1099 2159 1383 2225 veritate
1421 2166 1524 2225 est
1561 2159 1674 2225 illa
1732 2181 1935 2248 quam
1994 2158 2103 2224 alii
2134 2160 2235 2225 ci-

689 2269 852 2358 sred
876 2275 1321 2344 vocaverunt,
1359 2276 1425 2334 et
1480 2267 1716 2335 Latine
1757 2277 2037 2335 vocatur
2063 2270 2235 2334 ossi—

688 2376 961 2465 sraqus.
1018 2374 1135 2441 Est
1191 2382 1422 2440 autem
1470 2376 1616 2440 avis
1646 2374 1728 2441 de
1766 2396 2009 2464 genere
2039 2376 2236 2464 aqui-

691 2483 915 2551 larum
955 2506 1339 2574 parvaram‚
1397 2484 1764 2552 comedens
1815 2507 2109 2552 carnem.
2172 2493 2232 2549 et

690 2599 989 2659 comesta
1015 2589 1197 2658 ducit
1238 2614 1393 2658 ossa
1435 2593 1505 2659 in
1544 2591 1991 2659 altitudinem.
2021 2601 2088 2658 ut
2120 2616 2238 2658 ea-

687 2702 914 2768 dentia
974 2724 1178 2790 super
1235 2724 1394 2767 saxa
1457 2700 1854 2790 frangantur
1887 2724 1901 2767 :
1961 2709 2022 2768 et
2082 2709 2237 2767 tunc

688 2808 1105 2876 descendens
1199 2809 1494 2876 comedit
1554 2810 1946 2886 medullam,
1990 2819 2051 2876 et
2078 2834 2240 2899 pro-

680 2925 832 3006 pter
908 2915 1039 2983 hoc
1115 2924 1402 2983 vocatur
1458 2918 1864 3005 ossilrayus.
1938 2917 2052 2983 Est
2113 2940 2239 2982 au-

687 3030 826 3088 tem
866 3024 1012 3089 avis
1051 3046 1205 3112 quoe
1256 3022 1456 3090 bonae
1504 3031 1603 3090 est
1637 3022 2136 3113 pulliticationis
2176 3032 2237 3089 et

685 3129 848 3196 boni
879 3132 1089 3198 moris
1120 3130 1205 3198 ad
1237 3129 1461 3221 pullos
1507 3152 1693 3209 suos,
1729 3154 1809 3200 eo
1843 3132 2024 3223 quud
2059 3133 2238 3201 bono

691 3238 933 3306 ass'ectu
974 3247 1290 3305 movetur
1320 3238 1404 3304 ad
1435 3260 1578 3315 eoS,
1640 3246 1706 3305 et
1736 3242 2089 3307 miseretur
2118 3269 2241 3309 eo·-

692 3370 868 3423 rum‚
904 3354 969 3413 et
998 3345 1247 3413 multas
1275 3345 1767 3415 sollicitudines
1790 3347 1989 3417 habet
2027 3351 2107 3417 de
2137 3353 2242 3441 ip-

690 3454 806 3531 sis,
850 3460 916 3521 et
953 3452 1132 3521 cibat
1160 3453 1386 3544 pullos
1416 3477 1580 3521 suos
1637 3454 2018 3546 diligenter,
2052 3468 2116 3525 et
2157 3483 2240 3527 ex

690 3559 1152 3627 misericordia
1183 3561 1390 3627 etiam
1419 3560 1678 3651 colligit
1715 3561 1938 3651 pullos
1976 3565 2241 3653 aquila-

690 3687 841 3732 rum
899 3663 1188 3732 aliarum
1229 3673 1295 3732 et
1358 3665 1714 3733 vulturum
1779 3668 2076 3755 abjectos
2133 3671 2239 3737 vel

686 3770 1067 3850 derelictos,
1102 3780 1169 3841 et
1206 3774 1388 3840 cibat
1424 3797 1545 3841 eos
1587 3797 1604 3841 z
1640 3773 1868 3842 vultur
1897 3778 2076 3843 enim
2115 3778 2242 3864 eji-

688 3877 775 3942 cit
808 3875 1031 3965 pullos
1068 3900 1231 3943 suos
1259 3885 1417 3944 ante
1469 3885 1736 3967 tempus
1766 3903 1902 3969 quo
1959 3892 2236 3969 possunt

688 3982 945 4059 volare,
990 3982 1278 4073 eoquod
1308 4006 1447 4050 non
1478 3993 1847 4073 petesteos
1901 3987 2066 4054 bene
2116 4010 2241 4077 pa-

690 4113 874 4158 scere
914 4099 1190 4179 propter
1225 4092 1629 4180 gravitatem
1669 4091 1934 4159 volatus
1965 4096 2091 4166 sui.
2126 4106 2234 4160 aut

692 4198 877 4287 quia,
922 4207 992 4264 ut
1027 4197 1259 4266 dicunt
1297 4198 1604 4288 quidam,
1641 4200 1891 4267 invidet
1923 4203 2058 4269 eis:
2085 4203 2242 4270 vul-

693 4315 804 4374 tur
831 4309 1017 4375 enim
1081 4309 1227 4376 avis
1279 4315 1380 4375 est
1430 4309 1827 4377 naturaliter
1884 4311 2132 4385 invida,
2175 4323 2239 4381 et

690 4423 792 4483 est
831 4418 975 4483 avis
1003 4415 1389 4484 fortissimae
1429 4416 1629 4484 famis
1663 4438 1679 4485 τ
1722 4426 1785 4485 et
1818 4420 2088 4508 quando
2119 4445 2242 4488 ve-

690 4533 915 4603 natur,
949 4548 1125 4615 soepe
1156 4526 1343 4593 tarde
1388 4526 1643 4593 invenit
1671 4525 1922 4599 cibum,
1956 4552 2109 4596 cum
2136 4540 2241 4597 ta-

688 4654 848 4699 men
888 4632 1105 4701 multo
1137 4635 1289 4700 cibo
1333 4633 1658 4722 indigeat,
1704 4644 1764 4701 et
1804 4635 1954 4701 iden
1988 4637 2233 4705 invidet

689 4738 915 4829 pullis,
949 4740 1224 4830 quando
1256 4741 1773 4831 impinguantur
1808 4742 1888 4810 de
1927 4748 2237 4812 venatio-

688 4869 775 4915 ne
813 4870 958 4915 sua.
1012 4846 1185 4915 Cum
1227 4850 1436 4938 igitur
1481 4846 1648 4939 pulli
1689 4847 1901 4915 facilis
1939 4852 2071 4918 sint
2104 4855 2235 4919 im-

688 4954 1151 5045 pinguationis
1188 4963 1470 5048 propter
1524 4954 1883 5023 humorem
1913 4958 2241 5043 juventu-

691 5062 776 5128 tis
816 5063 931 5151 qui
956 5062 1351 5132 dominatur
1389 5065 1461 5130 in
1499 5064 1622 5141 eis,
1655 5086 1739 5130 ex
1791 5064 2039 5131 invidia
2065 5067 2241 5154 abji-

690 5167 780 5234 cit
815 5190 933 5235 eos
999 5177 1153 5236 ante
1206 5180 1479 5260 tempus
1535 5168 1863 5236 debitum.
1923 5170 2234 5263 Pugnant

691 5279 920 5340 autem
949 5274 1254 5344 vultures
1274 5278 1448 5344 sicut
1479 5284 1543 5343 et
1575 5274 1709 5341 alia
1737 5277 2054 5347 animalia
2075 5305 2240 5371 pro-

686 5387 837 5468 pter
865 5384 1317 5464 mansionem,
1361 5391 1429 5451 et
1475 5384 1731 5461 eibum,
1766 5393 1831 5452 et
1876 5387 2122 5476 pullos.
2164 5390 2234 5456 ln

684 5486 900 5555 oculis
943 5496 1173 5556 autem
1231 5490 1547 5582 ossifragi
1598 5499 1702 5560 est
1746 5491 1990 5562 albedo
2025 5496 2235 5565 inidta

678 5595 1019 5684 permixta
1068 5596 1370 5687 pupillae,
1444 5606 1512 5666 et
1551 5598 1701 5666 ideo
1743 5607 1844 5666 est
1910 5599 2231 5673 debilium

683 5701 1039 5770 oculorum
1070 5704 1219 5771 avis
1256 5706 1409 5773 ista.

1631 384 1765 452 .D.
1818 384 2012 450 ALB.
2067 380 2280 449 MAG.
2333 379 2539 447 ORD.
2597 383 2892 450 PRAED.

2426 557 2591 621 Avis
2621 564 2846 622 autem
2889 553 3115 621 Graece
3145 562 3381 620 vocata
3420 551 3714 624 alinlms,
3761 551 3899 618 La—

2341 661 2475 726 tine
2505 684 2666 727 vero
2697 661 2971 738 alietas,
3012 669 3112 728 est
3143 662 3322 726 acuti
3344 660 3534 726 visus
3573 657 3797 734 valde,
3834 667 3902 723 et

2339 769 2518 854 cogit
2538 789 2696 832 suos
2717 767 2937 855 pullos
2959 769 3256 855 aspicere
3285 766 3502 832 solem
3526 772 3896 853 antequam

2340 871 2632 939 habeant
2672 872 2812 940 alas
2852 873 3225 963 completas
3262 875 3480 962 :cogit
3513 882 3742 939 autem
3786 893 3905 938 eos

2337 979 2777 1069 percutiendo
2825 1002 2942 1046 eos
2979 979 3126 1054 alis,
3179 987 3246 1045 et
3294 978 3762 1046 convertendo
3816 977 3902 1043 ad

2339 1088 2552 1155 solem
2590 1111 2603 1154 :
2639 1095 2705 1154 ct
2733 1089 2789 1154 si
2821 1086 3057 1154 oculus
3074 1085 3361 1172 alicujus
3402 1108 3639 1152 eorum
3673 1085 3902 1174 lacry-

2340 1205 2583 1273 metur,
2622 1194 2812 1262 illum
2845 1195 3184 1270 interficit,
3221 1201 3286 1261 et
3306 1192 3487 1260 cibat
3516 1193 3711 1260 alios,
3744 1194 3897 1259 Ma-

2340 1312 2453 1369 net
2484 1311 2709 1369 autem
2741 1301 2870 1369 hoc
2899 1326 3114 1393 genus
3154 1301 3400 1391 aquilae
3432 1323 3645 1390 prope
3677 1322 3893 1376 mare,

2341 1416 2407 1475 et
2433 1417 2721 1476 venatur
2746 1431 2906 1475 aves
2935 1431 3147 1499 prope
3182 1430 3368 1474 mare
3402 1409 3795 1483 existenteS,
3830 1414 3896 1473 et

2341 1518 2513 1604 rapit
2542 1537 2813 1604 mergos
2843 1523 2908 1582 et
2937 1523 3193 1592 anateS‚
3225 1513 3501 1603 quando
3524 1514 3898 1581 ascendunt

2341 1623 2421 1691 de
2461 1625 2584 1691 sul)
2615 1646 2814 1713 aqua.
2848 1623 3069 1690 Timet
3093 1630 3321 1689 autem
3353 1619 3499 1688 hoec
3523 1623 3671 1687 avis
3710 1619 3899 1687 mul-

2339 1741 2485 1799 tum
2514 1731 2853 1799 vulturem
2885 1754 3212 1821 magnum
3235 1739 3303 1798 et
3332 1729 3660 1819 aquilam,
3696 1739 3762 1798 et
3784 1729 3899 1796 l'u-

2338 1844 2459 1932 git,
2488 1850 2551 1909 et
2592 1843 2836 1930 mergit
2863 1863 2934 1909 se
2964 1841 3088 1908 sub
3139 1863 3339 1930 aqua,
3378 1846 3453 1905 ut
3480 1841 3576 1907 sic
3604 1861 3901 1928 praeser-

2340 1959 2537 2017 vetur
2600 1974 2637 2016 a
2696 1947 2962 2016 vulture
3030 1957 3099 2015 et
3147 1947 3401 2037 aquila,
3449 1947 3518 2011 in
3566 1946 3701 2012 alio
3745 1946 3895 2014 loco

2341 2079 2694 2146 emergens
2741 2056 2828 2124 de
2858 2078 3035 2145 aqna
3065 2064 3131 2123 et
3182 2053 3524 2121 recedens.
3566 2051 3702 2120 Sed
3732 2052 3895 2119 vul-

2342 2172 2449 2229 tur
2468 2172 2528 2230 et
2550 2162 2776 2253 aquila
2807 2185 3080 2252 magna,
3119 2163 3277 2251 quia
3309 2161 3514 2227 etiam
3540 2170 3698 2226 sunt
3730 2183 3901 2227 acu-

2339 2275 2386 2339 ti
2419 2274 2628 2347 visus’,
2656 2293 2922 2361 semper
2950 2270 3184 2338 volant
3212 2294 3418 2360 super
3455 2290 3701 2358 aquam
3726 2290 3902 2334 eon-

2340 2377 2745 2468 templantes
2784 2399 2934 2444 eam
2985 2377 3068 2444 de
3112 2376 3239 2442 sub
3287 2401 3466 2468 aqua
3517 2384 3896 2451 natantem,
3953 2365 3956 2370 ’

2343 2495 2405 2553 et
2437 2485 2803 2574 aliquando
2871 2487 2957 2551 ita
2999 2485 3115 2552 diu
3153 2484 3396 2553 volant
3451 2507 3657 2576 super
3713 2505 3896 2560 eam,

2342 2594 2555 2660 donee
2586 2593 2955 2660 suffocatur
2988 2595 3053 2659 in
3076 2616 3276 2683 aqua.
3307 2593 3379 2660 Si
3422 2602 3653 2660 autem
3684 2613 3903 2659 emer·

2343 2704 2526 2776 serit,
2550 2703 2808 2791 rapient
2825 2724 2973 2767 eam
2998 2708 3063 2768 et
3090 2701 3539 2768 devorabunt.
3580 2701 3745 2765 Avis
3777 2721 3907 2765 au-

2345 2819 2477 2876 tem
2510 2831 2658 2899 quae
2684 2809 2959 2898 sokocos
2997 2818 3303 2885 vocatur,
3339 2818 3404 2876 et
3446 2817 3548 2876 est
3586 2807 3668 2874 de
3702 2807 3906 2896 aqui-

2345 2918 2562 2983 larum
2592 2939 2863 3005 genere,
2897 2918 3074 3006 capit
3106 2917 3359 2983 animal
3385 2915 3567 3006 quod
3602 2916 3900 3005 afforom

2343 3032 2647 3100 vocatur,
2692 3031 2756 3091 et
2793 3022 3146 3091 detruncat
3195 3025 3419 3112 ipsum
3455 3045 3470 3090 ε
3517 3046 3677 3089 caro
3711 3022 3898 3088 enim

2346 3131 2545 3218 liujus
2574 3129 2887 3198 animalis
2929 3138 3067 3198 tota
3116 3130 3298 3197 bona
3328 3137 3430 3197 est
3460 3138 3706 3220 praeter
3726 3128 3900 3215 jun-

2345 3248 2589 3314 eiuras,
2635 3240 2702 3304 in
2743 3237 2988 3327 quibus
3019 3236 3327 3304 l'oetidum
3367 3236 3691 3326 phlegma
3714 3236 3899 3322 jacet

2344 3346 2789 3438 putrefactum
2835 3369 2849 3413 :
2903 3354 3183 3437 propter
3239 3346 3423 3436 quod
3472 3346 3676 3411 etiam
3720 3344 3898 3433 pigri

2344 3466 2440 3521 est
2506 3462 2754 3531 motuS,
2806 3461 2875 3521 et
2909 3452 3206 3520 multum
3273 3452 3526 3519 dormit
3591 3474 3606 3517 ε
3668 3457 3736 3517 et
3794 3458 3902 3517 est

2346 3559 2687 3653 quoddam
2718 3582 2936 3649 genus
2965 3562 3202 3636 muris,
3256 3558 3377 3627 sed
3426 3580 3759 3650 magnum
3799 3563 3905 3624 est

2345 3693 2624 3760 corpore
2654 3677 2722 3737 et
2750 3670 3002 3759 pingue
3042 3667 3363 3736 multum.

2432 3778 2847 3867 Accipitrum
2891 3800 3056 3844 vero
3099 3775 3315 3843 multa
3373 3782 3531 3841 sunt
3582 3795 3838 3862 genera
3880 3792 3897 3837 ε

2345 3885 2786 3951 fortissimum
2820 3891 3048 3951 tamen
3077 3904 3296 3973 genus
3325 3881 3510 3972 quod
3549 3887 3652 3947 est
3677 3881 3745 3946 in
3774 3880 3899 3954 eis,

2344 4000 2439 4058 est
2482 3992 2626 4058 avis
2673 4013 2822 4079 quae
2872 3989 3105 4057 Graeoe
3153 3989 3597 4065 lrarsleohim,
3663 3986 3904 4053 Latine

2345 4109 2567 4166 autem
2599 4106 2880 4165 vocatur
2908 4108 3103 4163 astur
3140 4105 3206 4164 et
3237 4098 3418 4187 capit
3444 4118 3647 4186 grues
3676 4102 3744 4162 et
3784 4118 3906 4161 ar-

2343 4207 2500 4274 deas
2532 4206 2803 4297 quando
2859 4213 2960 4273 est
2997 4204 3396 4295 aquilonare
3455 4202 3629 4271 bene
3674 4203 3905 4270 nutri-

2345 4325 2513 4382 tum.
2552 4312 2941 4381 Secundum
2972 4320 3202 4380 autem
3232 4335 3452 4403 genus
3484 4318 3585 4378 est
3617 4310 3682 4377 id
3715 4308 3905 4401 quod

2345 4424 2560 4490 Gra-ci
2587 4420 2778 4489 celon
2806 4430 3078 4499 vocant,
3112 4419 3297 4512 quod
3332 4443 3564 4487 rarum
3587 4428 3683 4487 est
3721 4415 3905 4509 apud

2344 4555 2492 4599 nus.
2545 4540 2771 4597 tamen
2835 4528 3200 4619 aliquando
3247 4526 3538 4594 videtur.
3595 4525 3903 4592 Tertium

2343 4648 2567 4704 autem
2589 4659 2805 4725 genus
2833 4644 3122 4702 vocatur
3150 4636 3420 4721 kyricos
3461 4634 3719 4708 (iraere,
3767 4641 3832 4699 et
3861 4655 3899 4697 a

2346 4743 2750 4834 quibusdam
2789 4753 3076 4808 armum:
3118 4750 3183 4807 et
3225 4742 3310 4806 al»
3345 4740 3493 4805 aliis·
3524 4739 3778 4827 salvem
3802 4766 3895 4801 m.

2345 4853 2400 4917 A
2437 4851 2632 4918 nobis
2657 4856 2885 4916 autem
2914 4856 3200 4916 vocatur
3225 4849 3444 4926 nisu-5,
3479 4853 3596 4912 aut
3631 4868 3900 4935 spen-e·

2343 4963 2511 5035 rius,
2554 4967 2618 5027 et
2647 4967 2750 5025 est
2785 4955 3281 5025 debilissimum
3334 4959 3402 5023 in
3432 4978 3684 5047 genere
3715 4954 3902 5021 acci-

2344 5071 2619 5159 pitrum,
2644 5073 2711 5133 et
2748 5074 2848 5131 est
2875 5064 3379 5156 aliquantulum
3419 5063 3537 5130 lati
3561 5062 3894 5152 corporis.

2433 5175 2798 5242 Esttamen
2812 5196 3028 5264 genus
3058 5173 3405 5242 falconum
3437 5170 3552 5238 lati
3587 5170 3899 5260 corporis

2344 5286 2408 5350 in
2441 5282 2693 5348 dorso:
2738 5279 2954 5349 ethoc
3009 5287 3260 5348 vocant
3325 5278 3604 5370 quidam
3659 5287 3899 5343 occata

2344 5391 2568 5457 tiraece
2605 5410 2619 5453 ε
2665 5396 2732 5454 et
2802 5387 2933 5455 alia
2972 5394 3132 5453 sunt
3188 5386 3323 5454 duo
3390 5409 3645 5478 genera
3705 5384 3901 5450 istius

2340 5499 2507 5574 avis,
2552 5518 2843 5587 quorum
2883 5516 3097 5560 unum
3119 5493 3367 5561 dieitur
3408 5490 3894 5581 linotrobelqO.

2338 5605 2542 5675 Aliud
2570 5611 2797 5673 autem
2828 5610 2930 5669 est
2958 5594 3488 5672 innominatum.
3533 5599 3739 5692 Apud
3769 5621 3900 5666 nos

2339 5724 2565 5783 autem
2587 5713 2887 5805 primum
2937 5708 3186 5780 horum
3226 5734 3560 5805 generum
3607 5714 3900 5777 vocatur
