4919 6371
1971 492 2139 582 LIB.
2192 490 2287 557 Vl
2337 490 2454 556 DE
2501 486 3089 572 ANIMALIBUS,
3139 489 3452 558 TRACT.
3510 489 3570 555 ll

1179 684 1319 741 m0‚
1379 670 1446 730 et
1486 660 1669 728 aliud
1737 660 1985 725 animal
2043 681 2375 750 generans
2439 658 2563 725 sibi
2621 657 2719 725 si-

1069 792 1080 802 ·
1179 767 1362 833 mile.

1265 872 1643 962 Delphinus
1683 880 1908 939 autem
1959 874 2026 939 in
2077 875 2315 963 majori
2370 882 2556 966 parte
2594 897 2718 964 ge-

1176 986 1371 1044 nerat
1408 999 1645 1054 unum,
1680 986 1745 1044 et
1775 978 1858 1045 ad
1897 979 2047 1069 plus
2077 980 2272 1062 duoS,
2306 991 2372 1049 et
2410 981 2719 1049 similiter

1174 1084 1419 1151 balena
1447 1092 1513 1151 et
1541 1108 1784 1155 cocave
1826 1090 1939 1179 qui
1979 1087 2212 1157 Latine
2258 1092 2473 1180 tyrsio
2510 1109 2720 1154 voca-

1175 1200 1307 1270 tur‚
1345 1201 1411 1260 et
1445 1193 1765 1284 delphino
1795 1221 2005 1287 parvo
2046 1198 2341 1267 multum
2378 1195 2719 1265 assimila-

1177 1307 1311 1385 tur,
1344 1300 1499 1370 licet
1555 1326 1692 1371 non
1750 1307 1838 1372 sit
1894 1306 2195 1394 ejusdem
2246 1305 2495 1395 speciei
2559 1325 2715 1371 cum

1174 1407 1346 1497 ipso.
1403 1410 1640 1500 Tyrsio
1698 1419 1924 1478 autem
1977 1411 2193 1478 dictus
2251 1414 2588 1502 praecipue
2648 1411 2713 1477 in

1175 1518 1348 1585 mari
1413 1518 1806 1607 Bosphoros
1864 1522 2253 1600 invenitur„
2281 1521 2464 1611 quod
2528 1541 2713 1587 mare

1172 1623 1401 1690 harim
1448 1623 1735 1692 Arabice
1773 1635 2074 1694 vocatur.
2119 1627 2361 1695 Differt
2414 1635 2642 1694 autem
2674 1650 2713 1694 a

1176 1728 1496 1819 delphino
1529 1733 1595 1798 in
1638 1731 1788 1811 hoc,
1838 1736 2021 1826 quod
2076 1737 2301 1804 minor
2353 1744 2457 1804 est
2502 1758 2583 1804 eo
2649 1742 2717 1804 et

1173 1835 1463 1905 coelestis
1518 1839 1788 1920 coloris,
1858 1865 2012 1909 cum
2077 1843 2437 1933 delphinus
2486 1845 2574 1910 sit
2608 1843 2720 1909 ni-

1171 1966 1314 2035 ger.
1364 1944 1540 2015 Sunt
1576 1957 1803 2016 tamen
1864 1948 2061 2018 multi
2135 1953 2251 2041 qui
2309 1951 2596 2042 tyrsium
2634 1950 2717 2019 de

1171 2075 1418 2142 genere
1483 2054 1715 2123 dicunt
1769 2080 1913 2125 esse
1993 2057 2497 2149 delphinorum.
2562 2059 2717 2126 Jam

1172 2168 1404 2228 autem
1432 2163 1657 2231 visum
1688 2174 1809 2244 est,
1846 2166 2028 2256 quod
2061 2177 2427 2257 utrumque
2470 2165 2717 2235 horum

1176 2289 1505 2357 generum
1554 2270 1863 2340 similiter
1903 2273 2176 2352 dormit,
2248 2274 2336 2341 ita
2377 2272 2561 2365 quod
2598 2297 2719 2340 or-

1176 2398 1432 2466 ganum
1466 2381 1926 2470 respirationis
1958 2392 2145 2452 extra
2193 2406 2440 2475 aquam
2478 2391 2719 2450 exten-

1172 2505 1324 2551 sum
1354 2485 1500 2551 suit.
1547 2486 1923 2580 Utrumque
1975 2492 2179 2558 etiam
2222 2490 2472 2559 horum
2502 2513 2716 2581 gene-

1168 2612 1325 2659 rum
1382 2590 1588 2661 habet
1662 2594 1764 2663 lac
1819 2606 1884 2664 et
1926 2597 2130 2666 lactat
2168 2598 2366 2666 foetus
2421 2620 2587 2666 suos
2650 2605 2715 2667 et

1166 2696 1370 2767 cubat
1425 2723 1542 2768 eos
1606 2701 1770 2770 dum
1827 2714 1983 2772 sunt
2030 2706 2244 2796 parvi.
2301 2704 2387 2773 Et
2439 2713 2715 2796 propter

1166 2807 1400 2874 omnia
1427 2808 1569 2878 haec
1596 2822 1921 2902 putantur
1967 2836 2112 2882 esse
2152 2816 2357 2882 unius
2398 2822 2654 2883 naturae
2692 2838 2707 2883 ε

1164 2913 1284 2981 sed
1324 2916 1486 3005 pulli
1554 2919 2029 3009 delphinorum
2086 2924 2219 2992 cito
2259 2933 2593 3007 crescunt,
2645 2933 2713 2992 et

1162 3019 1235 3086 in
1291 3023 1579 3111 perfecta
1643 3028 2111 3118 magnitudine
2166 3030 2594 3122 complentur
2638 3032 2708 3100 in

1162 3126 1490 3199 decennio
1569 3154 1586 3200 ε
1657 3141 1724 3201 et
1789 3144 2054 3226 tempus
2130 3138 2710 3230 impraegnationis

1162 3255 1399 3303 corum
1442 3246 1541 3305 est
1578 3238 1809 3309 decem
1853 3244 2214 3311 mensium.
2255 3243 2551 3335 Tempus
2580 3268 2711 3313 au-

1162 3346 1298 3408 tem
1328 3354 1558 3433 partus
1615 3369 1850 3415 eorum
1893 3360 1993 3419 est
2031 3352 2100 3418 in
2140 3359 2395 3430 aestate,
2431 3359 2499 3420 et
2554 3376 2707 3422 raro

1158 3448 1230 3516 in
1260 3448 1396 3517 alio
1463 3461 1789 3544 tempore,
1854 3467 1920 3524 et
1973 3458 2280 3527 ambulat
2334 3461 2541 3528 etiam
2580 3483 2710 3528 na-

1137 3552 1364 3621 ·tando
1400 3556 1526 3624 sub
1565 3558 1832 3651 pelago,
1894 3571 1962 3630 et
2010 3571 2112 3630 est
2157 3565 2508 3655 proprium
2558 3564 2710 3634 del-

1105 3692 1119 3706 ·
1153 3656 1523 3748 phinorum
1579 3664 1786 3758 longo
1852 3677 2160 3760 tempore
2224 3672 2416 3764 sequi
2483 3671 2706 3764 pullos

1152 3789 1340 3851 suos,
1389 3779 1456 3838 et
1502 3795 1649 3843 esse
1688 3776 1910 3868 longae
1946 3780 2131 3847 vitm.
2180 3779 2335 3847 Jam
2367 3782 2552 3849 enim
2581 3802 2709 3849 ex-

1150 3883 1420 3967 pertum
1449 3887 1548 3946 est
1578 3881 1974 3972 delphinum
2003 3887 2253 3953 vixisse
2281 3908 2405 3977 per
2429 3896 2702 3956 centum

1154 3992 1223 4051 et
1260 3985 1534 4075 triginta
1574 4009 1816 4068 annos,
1850 3997 1916 4057 et
1946 3991 2155 4060 alium
2185 4015 2305 4083 per
2333 4001 2605 4060 centum
2638 4003 2704 4063 et

1153 4090 1420 4182 viginti,
1464 4102 1530 4162 et
1568 4096 1907 4166 sciebatur
1950 4096 2082 4167 hoc
2119 4122 2241 4191 per
2288 4102 2707 4192 amputatio-

1153 4220 1312 4266 nem
1341 4199 1572 4270 caudae
1610 4227 1848 4272 eorum
1880 4205 1949 4274 in
1994 4208 2378 4295 juventute.
2441 4208 2525 4277 Et
2571 4206 2705 4279 hoc

1151 4305 1403 4374 animal
1437 4307 1630 4377 valde
1686 4309 1905 4402 diligit
1968 4313 2193 4404 pullos
2248 4338 2437 4384 suos.
2493 4314 2701 4384 Cochi

1148 4422 1378 4482 autem
1436 4417 1618 4508 quod
1651 4418 1885 4488 Latine
1915 4429 2017 4490 est
2057 4422 2321 4491 vitulus
2358 4427 2696 4503 marinus,

1145 4521 1515 4612 aliquando
1575 4535 1805 4594 manet
1844 4529 1911 4596 in
1971 4530 2167 4608 mari.
2214 4539 2283 4599 et
2334 4531 2701 4623 aliquando

1145 4638 1378 4697 manet
1424 4630 1494 4697 in
1551 4640 1753 4711 terra,
1815 4659 1898 4704 eo
1956 4634 2141 4728 quod
2207 4660 2346 4706 non
2385 4636 2702 4706 branchis

1145 4733 1354 4803 trahit
1381 4759 1657 4829 aquam,
1691 4743 1809 4810 sed
1839 4745 2119 4835 inspirat
2148 4754 2215 4814 et
2246 4745 2497 4814 dormit
2526 4747 2702 4815 sicut

1144 4838 1533 4932 delphinus,
1571 4854 1640 4913 et
1680 4851 1852 4939 parit
1934 4874 2141 4942 super
2202 4860 2448 4920 terram
2489 4875 2699 4944 prope

1143 4970 1419 5040 aquam.
1457 4953 1589 5022 Sed
1637 4963 1864 5027 tamen
1917 4961 2138 5050 major
2193 4984 2349 5053 pars
2404 4961 2702 5030 mansio-

1145 5056 1250 5122 nis
1314 5058 1460 5147 ejus
1523 5069 1625 5130 est
1682 5063 1749 5131 in
1839 5089 2014 5157 aqua
2069 5090 2085 5134 ε
2155 5078 2432 5161 propter
2513 5068 2699 5161 quod

1141 5165 1348 5233 etiam
1416 5169 1590 5238 inter
1657 5178 1918 5243 marina
2013 5187 2567 5256 connumeratur,
2630 5189 2698 5249 et

1138 5282 1416 5360 generat
1472 5280 1726 5347 animal
1786 5305 1867 5348 cx
1936 5292 2133 5353 utero
2189 5308 2339 5366 suo,
2382 5295 2449 5355 et
2494 5285 2696 5355 foetus

1137 5385 1286 5473 ejus
1323 5386 1459 5453 exit
1497 5409 1657 5456 cum
1712 5390 2087 5459 secundina
2142 5416 2228 5461 ex
2292 5394 2467 5486 ipso,
2518 5396 2695 5465 sicut

1133 5489 1206 5557 in
1243 5490 1654 5561 animalibus
1691 5494 2174 5585 generantibus
2223 5498 2353 5566 sibi
2411 5500 2685 5579 similia,

1133 5596 1307 5664 sicut
1354 5600 1530 5677 ovis,
1582 5609 1645 5669 et
1711 5602 1985 5670 similia.
2047 5601 2234 5673 Parit
2290 5614 2408 5673 aut
2471 5629 2685 5676 unum

1133 5712 1253 5771 aut
1288 5703 1463 5772 duos
1500 5714 1612 5773 aut
1647 5716 1781 5776 tres
1828 5710 1916 5777 ad
1969 5707 2149 5800 plus,
2209 5720 2276 5779 et
2303 5708 2509 5781 habet
2537 5735 2690 5782 ma-

1136 5812 1390 5892 millas,
1431 5823 1498 5882 et
1525 5817 1699 5905 parit
1742 5820 1929 5884 omni
1963 5825 2268 5909 ternpore
2304 5820 2465 5889 anni
2514 5821 2685 5889 sieut

4259 489 4385 558 345

2827 656 3035 726 homo
3099 683 3113 725 :
3159 659 3582 750 frequentius
3619 666 3844 725 tamen
3906 658 4176 748 pariunt
4234 666 4389 724 ante

2823 790 3111 834 vernum
3152 777 3451 858 tempu5‚
3498 767 3775 858 quando
3832 775 3933 833 est
3978 768 4386 857 principium

2824 882 3056 963 partus
3113 895 3501 961 caprarum,
3547 882 3616 941 et
3650 872 3926 962 quando
3986 874 4185 940 soetus
4223 897 4386 941 suus

2824 989 2924 1049 est
2981 980 3346 1048 duodecim
3409 981 3706 1059 dierum,
3762 990 3925 1047 tunc
3963 988 4200 1048 evocat
4228 1004 4384 1048 eum

2822 1112 2862 1154 a
2918 1096 3096 1155 terra
3134 1088 3219 1156 ad
3258 1112 3448 1156 mare
3510 1088 3860 1157 multoties
3911 1089 3980 1155 in
4033 1088 4166 1166 die,
4210 1111 4389 1178 prae-

2822 1196 3122 1265 cedendo
3171 1221 3356 1277 eum,
3431 1197 3792 1267 intendens
3859 1198 4095 1265 foetum
4145 1219 4383 1265 assue-

2820 1305 3036 1373 facere
3091 1306 3266 1372 mari
3304 1329 3320 1373 z
3392 1315 3461 1374 et
3526 1306 3766 1394 nequit
3833 1305 4005 1373 bene
4076 1303 4380 1371 ambula-

2824 1435 2917 1490 re,
2961 1434 3043 1480 eo
3065 1412 3251 1502 quod
3285 1434 3426 1479 non
3457 1412 3630 1480 benc
3661 1419 4077 1478 sustentetur
4116 1434 4155 1477 a
4200 1411 4385 1501 pedi—

2823 1520 2976 1601 buS,
3011 1543 3091 1588 eo
3133 1520 3321 1611 quod
3359 1543 3515 1588 ossa
3555 1542 3680 1588 sua
3719 1519 3803 1587 de
3834 1526 4077 1586 natura
4119 1518 4382 1586 cartila-

2827 1629 3064 1717 ginum
3085 1634 3268 1703 sunt,
3299 1633 3365 1692 et
3395 1633 3556 1693 sunt
3585 1626 3879 1716 pingues
3906 1624 4103 1692 valde
4137 1646 4151 1689 :
4188 1645 4384 1714 prop·

2824 1744 2924 1803 ter
2952 1733 3374 1824 quodetiam
3427 1733 3730 1824 graviter
3785 1731 4208 1810 interficitur,
4252 1732 4380 1798 nisi

2823 1842 3217 1912 vulneretur
3254 1844 3323 1909 in
3356 1841 3657 1909 maxillis
3686 1842 3886 1931 juxta
3916 1849 4252 1930 tempora,
4295 1863 4374 1907 eo

2825 1951 3004 2042 quod
3037 1950 3286 2017 durum
3319 1958 3381 2017 et
3414 1950 3716 2040 spissum
3764 1956 3866 2017 est
3903 1972 4150 2039 corpus
4206 1949 4374 2037 ejus.

2823 2057 2980 2125 Vox
3008 2065 3237 2125 autem
3269 2080 3392 2124 sua
3425 2065 3524 2124 est
3555 2056 3732 2124 sicut
3789 2058 3991 2133 tauri,
4035 2063 4104 2123 et
4157 2047 4226 2121 in
4258 2078 4379 2123 sua

2823 2165 3095 2233 soemina
3138 2166 3489 2232 invenitur
3534 2163 3752 2253 virga,
3798 2183 3949 2251 quae
3998 2169 4098 2227 est
4127 2160 4377 2227 collum

2820 2274 3062 2342 vesicae
3119 2273 3295 2340 sicut
3370 2273 3686 2339 innatum
3725 2267 4069 2360 quoddam
4116 2269 4380 2335 marino

2822 2383 3027 2450 etiam
3078 2380 3452 2457 invenitur,
3524 2387 3590 2446 et
3668 2375 4016 2445 residuum
4064 2373 4287 2442 vulvae
4317 2383 4383 2441 et

2821 2490 3123 2558 matricis
3153 2492 3360 2558 etiam
3395 2487 3746 2555 invenitur
3775 2484 3845 2551 in
3896 2483 4043 2574 ipso
4093 2484 4266 2550 sicut
4313 2482 4380 2548 in

2822 2601 3130 2668 muliere.

2911 2708 3069 2776 llaec
3126 2709 3337 2797 igitur
3373 2716 3475 2773 est
3541 2703 3896 2795 generatio
3957 2702 4372 2766 marinorum

2818 2827 2956 2885 tam
2990 2818 3162 2882 intra
3205 2837 3278 2879 se
3310 2836 3518 2903 quam
3553 2819 3742 2877 extra
3781 2830 3851 2874 se
3876 2830 3957 2875 ex
3991 2808 4137 2873 ovis
4175 2829 4380 2897 gene·

2817 2927 3109 2994 rantium
3123 2975 3137 2991 .
