4919 6371
1974 463 2140 532 LlB.
2195 465 2286 530 lv
2333 464 2451 532 DE
2502 463 3088 544 ANIMALIBUS‚
3139 467 3451 535 TRACT.
3507 467 3534 533 1

1248 641 1576 708 Dicamus
1636 638 1867 726 igitur,
1940 637 2119 726 quod
2186 640 2434 708 animal
2527 639 2712 704 dura}

1156 757 1348 817 testa>
1428 750 1498 814 in
1566 746 1915 814 communi
1992 748 2362 814 secundum
2445 748 2714 812 Graecos

1153 863 1441 922 vocatur
1469 852 1782 920 Kalealce
1814 853 2087 920 lsalaealo
2120 854 2299 943 quod
2358 860 2555 918 sonat
2611 873 2715 914 os·

1153 973 1376 1029 treum
1421 959 1839 1028 conchilium
1894 985 1913 1027 .·
1965 970 2030 1028 et
2086 971 2384 1027 ostreum
2434 956 2709 1047 quidem

1152 1090 1408 1135 nomen
1443 1075 1545 1134 est
1584 1067 1900 1135 animalis
1937 1089 1950 1132 :
1996 1067 2113 1132 sed
2168 1063 2580 1132 conchilium
2613 1061 2710 1127 di-

1151 1175 1326 1242 citur
1375 1174 1559 1265 quod
1591 1176 1659 1242 in
1690 1173 1967 1242 conchis
2017 1171 2276 1238 habitat
2314 1178 2377 1237 et
2416 1191 2708 1259 genera-

1152 1292 1284 1350 tur.
1330 1282 1417 1350 Et
1446 1305 1688 1351 omnes
1720 1281 1829 1350 isti
1871 1279 2053 1345 modi
2086 1277 2399 1346 dicuntur
2423 1277 2706 1343 lealzum

1146 1390 1461 1469 Arabico,
1499 1389 1681 1481 quod
1726 1395 1921 1455 sonat
1963 1397 2262 1452 testeum.
2324 1385 2552 1451 Genus
2592 1407 2707 1450 au-

1148 1506 1285 1566 tem
1325 1498 1548 1566 hiricii
1588 1497 1911 1564 convenit
1958 1517 2109 1560 cum
2144 1517 2390 1584 genere
2442 1495 2594 1570 isto,
2638 1499 2705 1560 ct

1145 1629 1302 1674 cum
1333 1626 1585 1695 genere
1628 1602 1710 1670 de
1753 1625 1888 1692 quo
1922 1601 2127 1669 locuti
2160 1625 2395 1669 sumus
2438 1601 2501 1666 in
2533 1623 2704 1690 pra*-

1143 1712 1407 1780 cedcnti
1466 1710 1791 1801 capitulo.
1830 1709 2000 1778 Cum
2033 1709 2256 1776 mollis
2288 1718 2474 1776 testa·
2517 1709 2699 1776 enim

1142 1821 1466 1889 convenit
1504 1820 1811 1899 animali,
1859 1820 2014 1910 quia
2061 1842 2216 1909 pars
2263 1840 2545 1886 carnosa
2595 1817 2703 1906 ip-

1140 1930 1281 1996 sius
1348 1938 1450 1998 est
1544 1929 1949 2018 composita,
2019 1928 2191 1994 sicut
2264 1925 2703 2016 componitur

1138 2062 1297 2108 caro
1368 2039 1516 2127 ejus
1569 2036 1749 2128 quod
1829 2042 2110 2103 vocatur
2186 2034 2418 2102 mollis
2491 2043 2695 2101 ἱρείας.

1139 2147 1311 2215 Cum
1372 2147 1503 2212 isto
1538 2152 1768 2210 autem
1818 2144 2157 2224 convenit,
2215 2143 2372 2233 quia
2428 2164 2700 2208 carnem

1137 2253 1345 2323 habet
1377 2253 1560 2320 intus
1601 2260 1668 2319 et
1696 2257 1883 2318 extra
1926 2258 2166 2318 testam
2208 2248 2445 2316 duram
2486 2248 2703 2338 bispi-

1141 2364 1324 2432 dam.
1362 2362 1550 2429 Inter
1575 2362 1740 2429 istos
1771 2368 2000 2428 autem
2043 2356 2698 2425 modosanimalium

1145 2470 1615 2561 quidicuntur
1670 2468 1865 2535 dura»
1903 2478 2107 2545 testae,
2179 2476 2279 2535 cst
2345 2467 2700 2534 diversitas

1146 2579 1392 2648 tamin
1449 2586 1626 2646 testa
1664 2600 1871 2668 quam
1939 2577 2006 2644 in
2064 2598 2313 2643 carne:
2375 2578 2700 2666 quoniam

1143 2685 1393 2777 aliquis
1441 2684 1684 2753 modus
1725 2692 1827 2753 est
1867 2685 1934 2750 in
1974 2683 2070 2750 eis
2119 2684 2232 2772 qui
2276 2685 2557 2751 ‹ninniuo
2589 2707 2701 2750 ca-

1145 2801 1242 2860 ret
1276 2815 1504 2861 carne.
1543 2790 1683 2859 Sed
1749 2790 1900 2859 loco
1953 2790 2172 2858 carnis
2230 2789 2427 2856 habet
2480 2798 2704 2880 partes

1143 2899 1473 2991 quasdam
1507 2901 1763 2989 nigras,
1806 2900 1974 2964 sicut
2046 2896 2326 2964 inferius
2381 2896 2703 2963 ostende-

1142 3032 1296 3075 mus
1342 3031 1358 3076 :
1402 3006 1521 3074 sed
1569 3007 1639 3073 in
1688 3005 1986 3072 interiori
2031 3005 2483 3094 quorumdam
2540 3003 2706 3071 alio·

1144 3138 1294 3181 rum
1351 3123 1452 3181 est
1512 3135 1695 3180 caro.
1743 3113 1975 3203 Capita
2040 3121 2265 3178 autem
2323 3110 2559 3178 talium
2602 3110 2706 3177 la-

1145 3233 1312 3303 tent,
1361 3225 1452 3291 ita
1513 3222 1695 3314 quod
1766 3221 2072 3312 quaedam
2142 3245 2377 3288 eorum
2418 3244 2555 3288 nou
2595 3224 2705 3288 vi-

1142 3332 1392 3399 dentur
1420 3329 1672 3397 habere
1706 3330 1926 3418 capita
1975 3330 2287 3415 figurata,
2323 3331 2490 3396 sicut
2564 3328 2705 3395 ani-

1143 3436 1283 3504 mal
1322 3435 1507 3527 quud
1545 3443 1834 3502 vocatur
1879 3432 2119 3499 ralabe·
2163 3435 2473 3523 ayt-esle'S,
2508 3442 2568 3501 et
2602 3442 2703 3500 est

1141 3551 1446 3612 ostreum
1516 3541 1699 3633 quod
1769 3542 1836 3607 in
1886 3564 2050 3631 agro
2107 3540 2395 3628 ejectum
2435 3564 2474 3607 a
2532 3541 2736 3608 utari¹

1144 3650 1516 3729 invenitur,
1557 3648 1667 3717 vel
1699 3672 1739 3717 a
1779 3648 2005 3716 fluviis
2035 3656 2426 3716 contentum
2458 3648 2527 3715 in
2555 3671 2705 3715 mc-

1140 3759 1255 3828 dio
1285 3758 1578 3826 duarum
1608 3753 2026 3826 concharum
2058 3778 2444 3846 parvarum.
2484 3754 2566 3823 Et
2605 3754 2703 3822 si-

1140 3864 1395 3934 militer
1423 3871 1523 3933 est
1550 3862 1634 3931 de
1680 3861 1959 3931 animali
1993 3862 2173 3953 quod
2214 3863 2461 3929 dicitur
2483 3863 2694 3941 caseis,

1140 3984 1207 4045 et
1245 3972 1377 4044 hoc
1416 3981 1584 4067 puto
1616 3995 1763 4041 esse
1802 3995 2122 4050 canuam,
2165 3979 2230 4039 et
2259 3972 2509 4040 animal
2551 3994 2705 4040 ma-

1143 4083 1368 4151 rinum
1424 4081 1608 4173 quod
1677 4081 1907 4148 Graece
1946 4080 2192 4147 dicitur
2247 4079 2602 4159 barchum,
2636 4089 2702 4148 et

1142 4188 1310 4257 illud
1341 4186 1529 4278 quod
1570 4194 1856 4256 vocatur
1892 4186 2283 4279 quadrupes
2328 4188 2700 4256 secundum

1143 4299 1445 4367 Graecos.
1516 4295 1600 4366 Et
1641 4304 1716 4365 ut
1757 4296 2167 4386 generaliter
2220 4296 2504 4374 dicatur,
2565 4297 2701 4365 lere

1145 4406 1382 4474 omnia
1437 4401 1780 4473 conchilia
1833 4410 1988 4469 sunt
2034 4402 2219 4480 talia,
2290 4413 2531 4493 praeter
2573 4412 2704 4472 tes-

1141 4512 1454 4580 tudinem
1494 4519 1562 4579 et
1590 4509 1903 4578 limacem
1944 4518 2005 4575 et
2048 4533 2262 4599 pauca
2325 4509 2452 4578 alia
2503 4512 2705 4579 mari·

1148 4642 1261 4687 na.
1311 4618 1391 4687 Et
1441 4618 1651 4706 hujus
1689 4640 1894 4684 emisa
1963 4626 2088 4693 est,
2161 4617 2319 4709 quia
2374 4640 2513 4685 non
2581 4641 2705 4709 pa·

1143 4734 1435 4795 scuntur
1462 4726 1592 4795 nisi
1625 4726 1833 4793 modo
1853 4726 2101 4817 planta·
2121 4749 2240 4818 per
2270 4750 2472 4816 poros
2501 4727 2706 4795 undi-

1147 4857 1284 4927 que
1341 4832 1685 4904 trahentia
1766 4835 2284 4903 nutrimentum.
2347 4836 2554 4923 Cujus
2622 4836 2706 4903 si-

1144 4969 1360 5037 gnum
1420 4954 1548 5025 est,
1593 4944 1756 5037 quia
1813 4944 2179 5036 piscatores
2254 4944 2584 5014 Flandria·
2641 4953 2705 5014 et

1147 5053 1537 5122 Germaniae
1616 5051 1949 5143 colligunt
2021 5060 2319 5121 ostreum
2378 5052 2558 5145 quod
2606 5063 2709 5122 est

1148 5162 1356 5231 unius
1389 5169 1579 5230 testae
1611 5161 1902 5253 spinulis,
1939 5159 2119 5252 quod
2150 5168 2249 5229 est
2287 5185 2405 5252 per
2425 5162 2704 5230 modum

1150 5267 1481 5349 cochleae,
1524 5276 1592 5337 et
1631 5277 1895 5359 ponunt
1933 5269 2059 5336 sub
2089 5293 2293 5338 arena
2325 5270 2512 5357 juxta
2558 5293 2711 5338 ma-

1150 5401 1245 5460 re,
1281 5388 1348 5448 et
1392 5381 1461 5446 in
1494 5378 1686 5446 fluxu
1738 5375 1946 5445 maris
1993 5378 2292 5468 aperitur
2328 5386 2397 5446 et
2453 5378 2709 5469 impin-

1149 5495 1402 5577 guatur
1440 5510 1563 5578 per
1593 5487 2024 5555 attractivum
2057 5485 2364 5554 humoris
2411 5488 2710 5580 undique

1149 5617 1276 5686 per
1304 5617 1557 5687 corpus
1616 5618 1819 5664 suum
1864 5616 1880 5661 :
1924 5603 1988 5662 et
2029 5594 2204 5662 idem
2235 5620 2363 5686 ego
2393 5605 2710 5687 expertus

1153 5725 1310 5771 sum
1380 5703 1465 5769 de
1530 5725 1751 5772 canna
1826 5711 2044 5771 stante
2091 5701 2217 5769 sub
2264 5725 2469 5772 arena
2512 5705 2714 5793 juxta

1151 5832 1342 5877 mare
1379 5833 1396 5877 t
1440 5817 1503 5877 et
1538 5820 1816 5901 propter
1846 5808 1973 5879 hoc
2014 5819 2251 5879 natura
2291 5833 2428 5879 non
2468 5811 2714 5880 format

1439 5964 1498 6005 xt

4251 475 4379 541 273

2821 638 2878 703 ei
2921 646 3143 726 caput.
3208 639 3378 716 Quae
3441 650 3667 708 autem
3718 653 4092 732 pascuntur
4148 644 4380 710 solidis

2820 743 3225 830 quibusdam
3256 754 3374 813 aut
3404 745 3693 833 humore
3744 750 4150 830 solidorum,
4186 774 4381 841 opor-

2819 851 2910 911 tet
2941 844 3189 915 habere
3220 871 3338 915 ora
3372 859 3435 916 ct
3475 853 3719 940 capita,
3765 875 3885 941 per
3910 877 4059 943 quae
4109 863 4381 921 sumant

2816 953 3333 1021 nutrimentum.
3369 955 3529 1023 'l'ale
3560 965 3791 1025 aulem
3827 967 3922 1025 est
3956 961 4163 1026 etiam
4195 959 4377 1049 quod

2815 1056 3047 1126 Gra-ce
3087 1060 3332 1129 dicitur
3369 1063 3687 1141 kalealor‚
3732 1072 3799 1132 et
3863 1064 3974 1132 alii
4025 1066 4208 1131 modi
4260 1066 4377 1154 qui

2813 1165 3068 1234 similes
3106 1175 3263 1235 sunt
3292 1169 3572 1236 animali
3606 1171 3786 1259 quod
3822 1170 4056 1238 Graeee
4095 1180 4378 1238 vocatur

2812 1273 3209 1342 astarbiom.
3272 1275 3358 1341 Et
3420 1274 3569 1343 have
3617 1276 3956 1344 conchilia
4013 1279 4191 1367 apud
4252 1302 4374 1344 nos

2811 1401 2949 1446 non
2997 1378 3252 1448 habent
3311 1385 3594 1462 nomina
3636 1392 3820 1463 nota,
3858 1385 3975 1451 sed
4007 1387 4377 1452 inveniun-

2807 1494 2920 1553 tur
2966 1489 3034 1555 in
3084 1513 3336 1580 magna
3361 1491 3753 1559 diversitate
3813 1493 3884 1559 in
3916 1493 4220 1559 maribus
4253 1517 4377 1560 no·

2808 1595 2986 1674 striS‚
3032 1604 3097 1663 et
3140 1596 3385 1665 melius
3447 1601 3596 1665 visu
3656 1623 3863 1689 quam
3934 1598 4224 1668 lectione
4282 1600 4380 1666 di-

2807 1711 3107 1772 scuntur.

2894 1810 3138 1880 Adhuc
3167 1821 3394 1880 autem
3441 1814 3654 1904 aliqui
3688 1814 3874 1882 modi
3942 1814 4052 1881 alii
4118 1813 4370 1881 habent

2804 1918 2972 1984 duas
3000 1929 3232 2008 portas
3279 1921 3664 1989 conchulas,
3703 1922 3871 1990 Dico
3923 1931 4150 1989 autem
4199 1922 4374 1988 duas

2798 2035 3061 2116 portas,
3097 2028 3265 2097 duas
3296 2037 3527 2108 testas,
3559 2031 3703 2097 sive
3725 2029 3898 2097 duos
3952 2032 4244 2120 parietes
4287 2029 4370 2096 ad

2806 2134 3084 2201 modum
3117 2136 3532 2204 concharum
3567 2138 3779 2205 factos
3802 2138 3870 2204 in
3901 2161 4187 2227 corpore
4210 2160 4361 2204 suo.

2805 2242 2886 2309 Et
2919 2267 3003 2311 ex
3033 2245 3130 2312 eis
3168 2253 3262 2312 cst
3296 2246 3573 2336 aliquod
3607 2246 3788 2337 quod
3824 2268 3962 2313 non
3998 2244 4203 2311 habet
4241 2247 4366 2310 nisi

2804 2372 3012 2418 unam
3055 2360 3319 2441 portam
3352 2353 3753 2422 conchalem
3801 2376 3815 2421 :
3857 2353 4184 2444 quoniam
4218 2376 4373 2442 pars

2805 2460 3026 2527 carnis
3057 2483 3204 2550 quae
3234 2470 3335 2528 cst
3384 2463 3451 2529 in
3485 2486 3592 2540 eo,
3623 2470 3727 2528 cst
3774 2462 4056 2529 inferius
4098 2463 4165 2528 in
4217 2484 4373 2550 pro-

2805 2565 3014 2635 fundo
3081 2568 3260 2636 illius
3327 2568 3634 2653 conchae,
3697 2570 3874 2636 sicut
3932 2577 4034 2637 cst
4104 2569 4374 2635 testudo

2805 2675 2987 2765 apud
3015 2698 3165 2753 nos,
3200 2686 3266 2745 ct
3296 2676 3532 2751 limax,
3560 2684 3626 2743 et
3656 2675 3787 2744 hoc
3818 2677 4053 2744 (ira-ce
4085 2686 4374 2741 vot-atm-

2808 2783 3063 2852 tabem.

2894 2890 3138 2958 Adhuc
3177 2899 3405 2959 autem
3441 2893 3615 2959 inter
3645 2917 3725 2959 ea
3758 2916 3910 2983 qua*
3945 2891 4197 2959 habent
4220 2916 4378 2959 ron·

2807 2998 3034 3067 chales
3072 3009 3301 3090 portas
3331 3000 3524 3077 duas,
3562 3001 3877 3092 quaedam
3943 3009 4103 3068 sunt
4163 3011 4373 3090 porta·

2807 3109 3185 3199 aperientes
3217 3117 3284 3176 ct
3330 3109 3723 3176 claudentes
3768 3131 3942 3187 sese,
3977 3109 4151 3175 sit-ut
4187 3109 4254 3174 in
4295 3133 4376 3172 eu

2809 3217 2992 3309 quod
3034 3217 3280 3285 dicitur
3309 3219 3634 3307 affronim
3670 3228 3733 3286 et
3768 3219 3993 3285 molae!
4015 3220 4273 3298 (ira-ce,
4309 3225 4373 3283 et

2808 3327 2977 3394 sicut
3019 3326 3196 3415 apud
3258 3349 3381 3392 nos
3448 3334 3608 3393 sunt
3674 3324 3955 3393 concha·
3998 3348 4149 3416 qua¹
4218 3333 4369 3390 suut

2808 3457 2927 3524 per
2965 3435 3245 3502 modum
3296 3434 3603 3502 aleorum
3646 3434 4108 3523 oblongarum
4149 3457 4163 3499 ε
4200 3456 4378 3523 quo-

2808 3544 2988 3610 niam
3024 3544 3149 3610 ista
3202 3542 3450 3610 babent
3521 3542 3768 3610 modus
3806 3540 4058 3633 quibus
4115 3541 4370 3609 animal

2806 3651 3185 3744 applicatur
3214 3653 3282 3719 iu
3315 3659 3507 3743 parte
3549 3651 3791 3742 spissa,
3862 3660 3930 3719 et
3967 3661 4128 3719 sunt
4172 3650 4365 3718 vacui

2808 3763 2878 3830 in
2935 3768 3120 3852 parte
3168 3770 3475 3828 extrema
3540 3762 3756 3839 tenui,
3800 3768 3867 3828 et
3915 3760 4010 3828 ibi
4064 3760 4379 3851 aperiun-

2806 3879 2917 3938 tur
2950 3892 2967 3940 ε
3000 3880 3065 3938 et
3130 3878 3409 3961 propter
3464 3868 3593 3937 boc
3653 3876 3922 3960 oportet
3991 3869 4173 3960 quod
4216 3893 4374 3959 ape-

2807 3979 3069 4045 riantur
3104 3985 3168 4044 et
3198 3976 3627 4055 claudantur,
3662 3978 3826 4067 quia
3873 3974 4073 4043 aliter
4118 3974 4370 4041 animal

2808 4110 2945 4154 non
3020 4085 3553 4174 conjungeretur
3608 4084 3792 4167 cibo,
3847 4106 4006 4151 cum
4068 4106 4205 4151 non
4251 4084 4378 4148 im·

2806 4194 2984 4286 pleat
3025 4202 3239 4261 totam
3296 4191 3587 4260 ancbam
3648 4215 3865 4283 usque
3925 4191 4009 4259 ad
4069 4201 4373 4259 extrema

2807 4305 3042 4394 ipsius.
3080 4302 3156 4370 ln
3195 4301 3607 4393 quibusdam
3647 4311 3877 4369 autem
3909 4299 4374 4390 aperientibus

2807 4438 2878 4481 se
2908 4420 2972 4478 et
3002 4409 3475 4479 claudentibus
3523 4418 3682 4477 sunt
3733 4408 3885 4476 duae
3945 4417 4157 4498 [τοι-ιω
4216 4432 4368 4498 qua·

2807 4519 3217 4588 clauduntur
3244 4540 3326 4583 ex
3350 4525 3638 4608 utraque
3671 4523 3889 4606 parte,
3916 4517 4093 4582 sicut
4122 4513 4373 4581 animal

2810 4628 2990 4721 quod
3023 4627 3273 4694 dicitur
3295 4625 3516 4692 salim·
3547 4646 3562 4691 ε
3599 4633 3662 4693 et
3697 4623 3844 4693 lna-c
3886 4648 4025 4693 non
4059 4627 4378 4692 nutriun-

2811 4746 2920 4805 tur
2957 4736 3086 4804 nisi
3153 4733 3445 4803 humor«-
3485 4735 3601 4824 qui
3668 4732 3945 4800 resudat
3989 4757 4109 4822 per
4175 4733 4379 4799 rimas

2811 4843 3115 4919 concha·‚
3184 4852 3248 4910 rt
3319 4842 3465 4909 bau·

2814 4953 2927 5021 lia.

2902 5057 3145 5127 Adhuc
3183 5067 3412 5126 autem
3447 5057 3528 5125 de
3589 5079 3879 5124 numeru
3941 5055 4189 5124 hurum
4238 5058 4382 5123 ani-

2816 5165 3095 5234 malium
3146 5162 3494 5254 est‚quod
3570 5171 3794 5231 totum
3853 5185 4102 5254 eorpus
4178 5161 4380 5231 babet

2813 5275 3156 5344 continua·
3222 5281 3414 5340 testae
3454 5273 3684 5349 unius,
3722 5272 3815 5339 ita
3846 5272 4033 5363 quod
4098 5272 4167 5338 iu
4233 5273 4381 5362 ipso

2817 5380 2985 5451 nihil
3053 5379 3278 5448 carnis
3325 5387 3632 5470 apparet,
3668 5378 3842 5445 sicut
3899 5377 4153 5444 animal
4198 5377 4382 5468 quod

2814 5496 3100 5556 vocatur
3135 5488 3330 5555 riclea
3363 5508 3379 5553 :
3425 5495 3491 5554 et
3531 5493 3692 5553 sunt
3731 5484 4047 5575 qua-dam
4107 5507 4385 5574 marga-

2817 5596 2961 5664 ritae
3020 5618 3172 5687 quau
3206 5593 3448 5662 mediae
3494 5598 3652 5661 sunt
3713 5592 3891 5660 inter
3919 5601 4233 5660 naturam
4267 5615 4384 5658 os-

2814 5714 2976 5773 trea·
3016 5712 3080 5771 et
3121 5701 3398 5772 concha·
3429 5701 3663 5784 ostrei,
3688 5707 3755 5770 et
3784 5700 3866 5769 de
3898 5700 4213 5770 sensibus
4245 5720 4381 5767 non

2821 5810 3074 5880 babent
3095 5810 3222 5878 nisi
3271 5818 3550 5900 gustum
3608 5807 3931 5885 debilem,
4003 5804 4380 5874 secundum

4102 5947 4167 6001 ¹8

3548 4852 3696 4905 sunt
3744 4868 3884 4902 ruiti
3941 4851 3996 4902 vl
4056 4841 4379 4907 {tinnuli}-
