4919 6371
684 515 814 581 228

681 688 1016 776 quoniam
1069 693 1229 751 tunc
1295 685 1555 757 siccitas
1624 714 2031 780 pascuorum
2081 711 2234 756 cum

682 791 1095 859 humiditate
1139 789 1475 883 superflua
1524 797 1814 864 naturali
1872 798 2029 864 facit
2074 806 2242 863 tem-

683 911 1159 990 peramentum
1198 927 1212 971 :
1249 911 1313 970 et
1342 902 1636 971 calidum
1669 904 2031 972 liberatum
2064 927 2102 970 a
2132 927 2240 970 su-

682 1009 945 1098 perfluo
995 1009 1305 1088 humidO,
1349 1009 1554 1077 trabit
1608 1012 1677 1077 in
1734 1011 1909 1101 pilos
1975 1011 2238 1076 fumum

683 1126 1100 1186 unctuosum
1156 1119 1268 1206 qui
1322 1118 1548 1184 mollis
1605 1117 1779 1184 lanae
1829 1127 1929 1184 est
1985 1118 2241 1205 princi-

683 1225 901 1313 pium.
933 1222 1114 1289 Talis
1145 1230 1371 1287 autem
1404 1221 1648 1287 modus
1678 1223 2137 1312 proportionis
2172 1223 2236 1287 in

685 1331 1004 1398 omnibus
1044 1328 1193 1394 aliis
1233 1351 1383 1418 quae
1425 1329 1663 1395 dicturi
1713 1352 1949 1396 sumus
1991 1339 2091 1397 est
2130 1330 2237 1395 in-

681 1435 1115 1526 telligendus.

769 1544 1221 1612 Diversantur
1277 1545 1481 1612 etiam
1537 1546 1656 1635 pili
1701 1546 2074 1615 secundum
2132 1547 2234 1614 di·

678 1652 1072 1719 versitatem
1128 1652 1509 1741 regionum,
1554 1652 1708 1720 ideo
1759 1652 1944 1742 quod
2008 1653 2234 1720 diver-

679 1758 846 1825 sitas
884 1755 1326 1825 habitationis
1357 1758 1814 1826 diversitatem
1865 1759 2021 1825 facit
2053 1782 2235 1825 com-

679 1864 1079 1955 plexionum
1113 1866 1315 1932 etiam
1365 1866 1433 1931 in
1474 1864 1938 1931 habitantibus
1984 1869 2050 1932 in
2082 1868 2177 1933 eis
2210 1889 2225 1933 ε

680 1973 1007 2061 quoniam
1048 1971 1164 2062 pili
1209 1968 1568 2039 hominum
1613 1974 1728 2061 qui
1770 1982 1928 2041 sunt
1961 1973 2028 2040 in
2071 1974 2234 2042 locis

677 2079 938 2162 calidis,
981 2087 1138 2146 sunt
1169 2079 1317 2146 duri
1362 2087 1426 2146 et
1456 2082 1683 2170 crispi,
1727 2082 1900 2148 sicut
1943 2092 2100 2149 sunt
2138 2084 2233 2173 pi·

678 2184 726 2251 li
779 2183 1209 2276 Assthyopum
1245 2209 1259 2253 :
1298 2194 1362 2253 et
1421 2186 1874 2255 habitantium
1932 2191 2000 2256 in
2066 2188 2231 2258 locis

677 2295 961 2385 frigidis,
996 2305 1154 2364 sunt
1185 2296 1424 2363 molles
1467 2320 1481 2362 :
1529 2306 1590 2365 et
1627 2297 1826 2388 hujus
1856 2322 2058 2366 causa
2099 2303 2232 2368 sci-

676 2407 787 2466 tur
823 2400 893 2466 in
933 2400 1107 2467 libro
1146 2400 1229 2467 de
1268 2403 1541 2469 Nalm-a
1585 2402 1887 2471 locorum
1941 2414 2001 2470 e!
2043 2404 2232 2473 loca-

675 2515 930 2574 torum.

763 2611 1010 2682 Adhuc
1041 2624 1270 2683 autem
1304 2618 1713 2707 quicumque
1744 2616 2037 2707 pilorum
2070 2629 2226 2688 sunt

673 2721 860 2797 recti,
914 2729 1073 2789 sunt
1121 2722 1409 2790 molles:
1449 2724 1608 2813 quia
1665 2723 2036 2793 humiditas
2092 2751 2226 2794 un-

673 2834 910 2894 ctuosa
955 2835 1055 2894 est
1111 2851 1314 2895 causa
1370 2838 1503 2896 tam
1562 2831 1979 2897 rectitudinis
2019 2856 2223 2923 quam

675 2932 1008 3003 mollitiei.
1063 2933 1490 3025 Quicumque
1530 2944 1755 3003 autem
1811 2948 1969 3005 sunt
2025 2944 2220 3031 crispi

671 3044 887 3120 curvi,
922 3052 1078 3110 sunt
1110 3044 1284 3118 (luri,
1327 3067 1408 3110 eo
1457 3046 1638 3135 quod
1685 3047 1951 3113 siccitas
1983 3049 2050 3114 in
2090 3073 2223 3139 qua

671 3151 810 3240 egit
836 3150 1023 3219 calor
1069 3160 1331 3231 acutus,
1374 3175 1578 3220 causa
1624 3162 1721 3221 est
1758 3156 2108 3248 utriusque
2141 3158 2218 3223 is·

669 3266 921 3326 torum.
957 3259 1397 3328 Contraliitur
1423 3262 1604 3328 enim
1646 3262 1823 3351 pilus
1864 3265 1930 3330 in
1971 3268 2076 3332 sni
2109 3290 2221 3356 ge·

669 3369 1018 3435 neratione
1060 3378 1335 3459 propter
1377 3369 1672 3437 calidum
1723 3382 1787 3439 et
1837 3375 2118 3456 siecum,
2154 3384 2218 3442 et

664 3476 1000 3566 crispatur
1027 3476 1303 3568 quando
1335 3476 1695 3546 adhibetur
1725 3481 1807 3545 ad
1843 3482 2094 3571 ignem.

747 3582 993 3653 Adhuc
1029 3593 1260 3653 autem
1294 3610 1542 3677 magna
1581 3587 1937 3655 diversitas
1969 3592 2036 3658 in
2061 3592 2214 3682 pilis

660 3692 1027 3771 invenitur,
1061 3693 1117 3759 si
1159 3694 1471 3785 quoedam
1503 3695 1827 3763 animalia
1883 3707 1951 3766 et
1990 3721 2214 3768 mem-

659 3798 779 3866 bra
816 3798 1035 3890 pilosa
1065 3800 1471 3892 quibusdam
1518 3802 1669 3870 aliis
1700 3806 2108 3874 animalibus
2145 3818 2210 3876 et

659 3906 985 3975 membris
1042 3909 1277 3999 pilosis
1340 3920 1846 4000 comparentur.
1921 3915 2210 4005 Aliquo-

657 4032 809 4080 rum
849 4014 1031 4082 enim
1063 4015 1459 4083 animalium
1491 4026 1591 4085 est
1637 4017 1789 4084 talis
1822 4029 2059 4088 natura
2101 4026 2207 4114 pi-

654 4117 908 4203 lorum,
968 4122 1148 4212 quod
1204 4145 1475 4212 semper
1536 4133 1822 4213 augetur
1879 4129 2200 4217 paulatim

653 4224 936 4292 durities
970 4228 1142 4315 ejus,
1177 4227 1391 4295 donec
1431 4229 1599 4296 liunt
1641 4234 1855 4320 spina·
1897 4237 2090 4323 quasi
2122 4259 2203 4302 ex

653 4356 806 4402 osse
851 4343 967 4403 aut
1015 4359 1098 4404 ex
1155 4359 1363 4405 cornu
1423 4341 1814 4418 existentes,
1858 4344 2024 4410 sicut
2084 4346 2202 4435 pili

651 4438 873 4510 hiricii
923 4445 1238 4534 agrestis,
1282 4445 1398 4536 qui
1441 4469 1577 4513 non
1618 4448 2080 4518 assimilantur
2108 4455 2205 4543 pi·

648 4541 758 4623 lis,
790 4544 908 4613 sed
937 4548 1175 4637 spinis.
1221 4547 1303 4616 Et
1341 4572 1544 4617 causa
1593 4549 1797 4638 liujus
1845 4563 1943 4620 est
1995 4564 2202 4624 terre-

647 4659 785 4719 stre
842 4661 1171 4737 assatum,
1240 4654 1410 4724 bene
1464 4665 1692 4725 tamen
1759 4662 2198 4747 conjunctum

648 4780 806 4827 cum
829 4758 1143 4842 humido,
1177 4763 1359 4854 quod
1389 4774 1711 4855 evaporat
1740 4790 1822 4834 ex
1855 4769 2003 4857 ipso
2032 4794 2199 4861 pau·

647 4863 838 4933 latim
882 4869 1155 4959 quando
1194 4870 1393 4937 distat
1450 4870 1535 4938 ab
1576 4871 1862 4941 lmmore
1909 4900 2204 4967 sperma·

648 4974 737 5041 tis
756 4976 1170 5065 generantis.
1220 4977 1404 5046 ldem
1434 4988 1662 5047 autem
1714 4982 1953 5051 accidit
1993 5009 2198 5073 gene·

650 5081 839 5150 ribus
868 5086 1203 5176 unguium
1236 5088 1304 5155 in
1333 5089 1740 5180 quibusdam
1789 5094 2199 5163 animalibus

648 5210 736 5256 ex
764 5188 1002 5259 eadem
1031 5216 1237 5262 causa
1270 5216 1285 5261 :
1322 5217 1585 5286 ungues
1606 5198 1789 5264 enim
1825 5200 1891 5265 in
1925 5200 2198 5290 quibus·

644 5293 804 5364 dam
861 5300 1272 5370 animalibus
1317 5311 1478 5371 sunt
1502 5303 1699 5370 valde
1750 5305 1901 5373 «luri
1939 5310 2195 5379 similes

643 5405 911 5474 ossibus
971 5411 1245 5499 quando
1305 5410 1787 5479 transcendunt
1841 5414 2190 5486 infantiam

641 5519 706 5580 et
724 5511 1185 5602 juventutem.
1232 5518 1390 5585 llmc
1440 5528 1666 5586 autem
1717 5519 1954 5588 eadem
1989 5548 2192 5594 causa

637 5624 742 5686 est
768 5641 978 5711 quare
1022 5623 1093 5691 in
1138 5625 1359 5714 prima
1395 5633 1591 5693 aetate
1632 5647 1769 5693 non
1824 5638 2194 5699 nascuntur

635 5747 892 5795 cornua
912 5728 1349 5820 quibusdam,
1380 5739 1446 5799 et
1484 5754 1693 5823 quare
1733 5754 1873 5801 non
1904 5756 2189 5806 nascun-

632 5838 745 5901 tur
798 5833 1033 5905 dentes
1083 5836 1479 5907 hominibus
1513 5862 1528 5909 ε
1565 5837 1936 5909 humiditas
2002 5846 2183 5915 enim

1681 509 1757 576 D.
1812 509 2010 577 ALB.
2065 505 2280 575 MAG.
2335 506 2537 576 ORD.
2592 510 2883 578 PRAED.

2343 690 2576 778 primae
2645 691 2855 756 aetatis
2920 689 3199 777 impedit
3249 690 3788 778 coagulationem
3832 696 3897 754 et

2346 796 2770 864 eductionem
2847 795 3179 862 terrestris
3247 796 3443 877 fumi,
3496 820 3652 864 cum
3716 795 3905 862 calor

2345 905 2488 993 ejus
2528 906 2613 970 sit
2650 904 2855 971 hebes
2886 910 2949 969 et
2982 910 3222 970 natans
3254 903 3322 967 in
3368 900 3677 980 humido,
3726 905 3909 970 sicut

2344 1011 2504 1077 alibi
2535 1012 2943 1078 declaratum
2977 1016 3076 1076 est
3116 1010 3184 1074 in
3215 1006 3321 1074 his
3345 1030 3496 1097 quae
3523 1009 3601 1076 de
3625 1011 3902 1078 sEtali-

2345 1117 2467 1183 bus
2495 1127 2650 1184 sunt
2679 1118 3016 1206 disputata
3048 1140 3088 1183 a
3118 1115 3341 1182 nobis.

2432 1220 2617 1287 Cutis
2646 1244 2806 1287 vero
2849 1221 3147 1286 bominis
3189 1223 3366 1287 inter
3402 1220 3699 1310 perfecta
3748 1221 3892 1287 ani·

2343 1326 2545 1393 maiia
2576 1336 2671 1393 est
2701 1327 2894 1394 valde
2927 1328 3170 1392 tenuis,
3207 1327 3426 1416 Magis
3457 1329 3638 1394 enim
3672 1329 3892 1394 tenuis

2344 1442 2444 1501 est
2490 1435 2673 1500 corio
2723 1433 3012 1500 aliorum
3071 1431 3471 1498 animalium
3538 1456 3686 1523 qum
3736 1440 3893 1499 sunt

2343 1543 2712 1609 secundum
2744 1541 3188 1630 quantitatem
3222 1542 3329 1606 sui
3367 1542 3695 1630 corporis.
3734 1541 3898 1608 Ver-

2345 1649 2569 1715 miculi
2603 1650 2781 1714 enim
2826 1651 2938 1738 qui
2990 1648 3320 1714 teredines
3371 1647 3713 1726 dicuntur,
3760 1671 3895 1714 ma·

2341 1755 2442 1843 gis
2493 1749 2689 1820 tenue
2737 1753 2986 1821 habent
3052 1755 3338 1831 corium,
3397 1777 3478 1821 eo
3522 1755 3706 1844 quod
3763 1756 3898 1823 sint

2340 1863 2798 1951 intemperata·
2848 1860 3268 1928 humiditatis
3318 1871 3386 1929 et
3427 1872 3587 1929 sunt
3646 1862 3892 1952 imper-

2338 1968 2528 2036 fecta.
2575 1968 2650 2035 In
2681 1969 2995 2036 omnibus
3025 1977 3255 2037 autem
3298 1970 3499 2037 coriis
3541 1970 3889 2038 materiale

2336 2075 2741 2166 principium
2790 2085 2890 2142 est
2947 2073 3317 2144 humiditas
3376 2077 3642 2144 viscosa
3676 2079 3888 2145 muci·

2340 2181 2643 2272 laginosa
2680 2206 2763 2250 ex
2803 2182 3193 2273 phlegmate
3263 2182 3638 2272 glutinosa,
3692 2183 3887 2272 eujus

2337 2297 2556 2377 partes
2596 2289 2885 2356 multum
2942 2297 3098 2356 sunt
3132 2311 3200 2355 se
3249 2299 3582 2358 tenentes.
3622 2290 3697 2357 1-:1
3742 2289 3887 2358 lia-c

2336 2398 2568 2464 eadem
2602 2397 2966 2466 humiditas
2997 2398 3494 2465 diversificatur
3535 2401 3602 2464 in
3645 2401 3741 2465 eis
3786 2422 3891 2463 se·

2335 2507 2629 2573 cundum
2663 2508 2877 2594 majus
2903 2516 2968 2574 et
3001 2509 3251 2583 minus,
3298 2516 3363 2574 et
3395 2507 3697 2574 abundat
3719 2507 3890 2574 mul·

2337 2623 2476 2683 tum
2511 2616 2575 2682 in
2628 2618 2809 2683 corio
2858 2639 3079 2684 vacem
3130 2625 3195 2684 et
3242 2617 3391 2683 ovis
3449 2625 3513 2682 et
3554 2616 3761 2695 hoedi,
3800 2619 3888 2684 ita

2334 2724 2513 2814 quod
2553 2748 2631 2789 ex
2692 2723 2891 2791 coriis
2941 2722 3212 2790 illorum
3272 2732 3549 2814 paratur
3594 2723 3877 2812 gluten:

2333 2831 2513 2921 qnod
2569 2831 2800 2921 gluten
2851 2832 2915 2896 in
2959 2829 3367 2920 quibusdam
3430 2831 3593 2897 loeis
3637 2831 3881 2898 melius

2333 2941 2399 3003 tit
2433 2961 2513 3004 ex
2545 2936 2856 3004 vesiculis
2897 2938 3207 3025 piscium.
3253 2938 3425 3003 sicut
3456 2938 3875 3026 praecipuum

2330 3046 2402 3111 lit
2429 3044 2767 3136 glutinum
2799 3067 2880 3110 ex
2914 3043 3205 3111 vesicula
3241 3042 3526 3111 busonis
3556 3055 3620 3111 et
3653 3068 3735 3110 ex
3766 3069 3878 3112 ve·

2327 3153 2555 3221 siculis
2595 3154 2791 3244 piscis
2833 3153 3073 3220 marini
3123 3154 3235 3243 qui
3290 3161 3574 3221 vocatur
3612 3176 3873 3221 ›nun-a.

2327 3262 2600 3329 Corium
2632 3270 2857 3329 autem
2889 3263 2957 3329 in
2997 3263 3183 3329 omni
3219 3261 3369 3329 locu
3422 3262 3533 3328 nbi
3577 3262 3874 3329 abscidi-

2326 3378 2434 3437 tur
2482 3372 2624 3437 sine
2681 3371 2865 3437 omni
2902 3378 3078 3436 tactu
3131 3370 3379 3448 carnis,
3424 3380 3601 3438 earet
3652 3393 3880 3445 sensu,

2324 3500 2404 3544 eo
2436 3477 2615 3567 quod
2658 3501 2793 3545 non
2832 3486 2932 3543 est
2962 3477 3090 3543 nisi
3124 3476 3439 3544 indurata
3469 3485 3534 3544 et
3569 3478 3887 3545 exsieca-

2322 3597 2387 3656 ta
2425 3589 2913 3678 mucilaginosa
2971 3586 3343 3655 humiditas
3391 3610 3545 3678 quae
3593 3585 3679 3654 ad
3723 3611 3883 3655 cor-

2319 3698 2504 3786 poris
2542 3695 2774 3763 ebullit
2815 3694 3240 3784 superficiem
3273 3693 3359 3760 ad
3388 3694 3622 3762 onmia
3656 3717 3866 3761 mem-

2317 3800 2438 3870 bra
2504 3800 2803 3892 corporis
2867 3798 3307 3875 involvenda,
3368 3800 3706 3891 pra-cipue
3762 3808 3870 3866 ta-

2317 3932 2471 3976 men
2510 3931 2709 3974 sensu
2739 3914 2918 3974 caret
2949 3904 3211 3973 corium
3241 3908 3508 3997 capitis,
3537 3908 3863 3996 quoniam

2316 4017 2383 4081 in
2439 4013 2588 4081 loco
2629 4012 2742 4080 illo
2800 4013 2975 4081 inter
3011 4034 3331 4080 craneum
3384 4019 3448 4077 et
3499 4013 3760 4079 corium
3794 4012 3862 4078 in

2313 4122 2714 4213 quibusdam
2762 4121 3170 4189 animalibus
3221 4144 3360 4188 non
3410 4130 3509 4187 est
3576 4121 3859 4188 omnino

2311 4254 2492 4299 caro.
2564 4228 2639 4296 ln
2696 4227 3088 4297 hominibus
3139 4238 3368 4296 autem
3428 4236 3528 4297 est
3589 4230 3656 4297 in
3709 4229 3860 4297 loco

2313 4334 2425 4403 illo
2447 4358 2602 4401 earo
2623 4356 2832 4424 pauca
2852 4357 2866 4401 :
2885 4343 2948 4401 et
2970 4332 3116 4402 lia-c
3136 4335 3342 4400 etiam
3376 4333 3719 4400 modicum
3737 4331 3866 4400 lia-

2315 4441 2423 4509 bet
2489 4463 2785 4508 sensum.
2822 4438 2902 4507 131
2962 4439 3401 4507 inveniuntur
3448 4438 3691 4506 medici
3749 4439 3864 4530 qui

2309 4571 2505 4616 aures
2559 4556 2673 4615 aut
2729 4548 2986 4615 corium
3039 4544 3507 4615 testiculorum
3571 4547 3857 4637 permit-

2310 4665 2456 4724 tunt
2497 4654 2623 4723 sihi
2655 4654 2976 4745 perforari
3007 4677 3131 4745 pro
3167 4652 3439 4722 modico
3473 4654 3687 4743 pretio
3721 4676 3736 4721 :
3772 4678 3858 4721 eo

2309 4764 2491 4854 quod
2518 4771 2791 4853 propter
2817 4761 3225 4851 paucitatem
3256 4762 3479 4828 earnis
3518 4771 3619 4828 est
3652 4762 3717 4827 in
3759 4770 3856 4828 ta·

2311 4872 2487 4939 libus
2522 4868 2721 4937 coriis
2753 4868 3058 4935 modicus
3106 4867 3304 4934 dolor
3336 4869 3403 4934 in
3456 4866 3865 4958 perforatio-

2309 5002 2418 5055 ne,
2453 4985 2517 5045 et
2551 4977 2697 5044 ssuit
2745 4999 2829 5045 ex
2872 4975 3153 5044 vulnere
3194 4975 3508 5043 modicus
3555 4974 3861 5066 sanguis,

2307 5095 2419 5154 aut
2451 5087 2619 5153 l'orte
2651 5084 2900 5151 nullus.

2393 5202 2639 5273 Adhuc
2687 5211 2914 5271 autem
2971 5202 3390 5294 ubicumque
3448 5202 3518 5269 in
3572 5224 3861 5293 corpore

2305 5318 2406 5378 est
2457 5309 2717 5378 corium
2757 5327 2894 5374 non
2950 5329 3107 5376 cum
3173 5307 3401 5399 aliqua
3456 5327 3683 5386 carne,
3744 5316 3862 5375 aut

2304 5419 2568 5487 modica
2615 5414 2813 5484 valde
2850 5414 2933 5484 de
2981 5440 3115 5508 qua
3164 5440 3303 5486 non
3344 5424 3448 5485 est
3474 5414 3856 5485 curandum

2302 5528 2354 5594 si
2387 5524 2794 5608 abscidatur,
2836 5523 3089 5594 ibidem
3121 5546 3503 5615 numquam
3546 5524 3859 5593 rec-rescit

2301 5656 2521 5726 neque
2555 5629 3116 5712 consolidabitur,
3149 5632 3323 5701 sicut
3384 5635 3454 5702 in
3503 5630 3854 5723 lacrymali

2300 5738 2597 5810 inferiori
2626 5738 2696 5807 in
2736 5747 3041 5807 extremo
3072 5761 3405 5831 genarum
3441 5763 3456 5808 :
3509 5748 3578 5809 et
3606 5736 3856 5806 simili-

2298 5856 2400 5916 ter
2434 5854 2533 5916 est
2565 5846 2635 5913 in
2674 5853 2981 5913 extremo
3017 5848 3360 5939 praeputii,
3406 5856 3470 5916 et
3512 5846 3581 5914 in
3620 5852 3853 5913 extre-
