4919 6371
2102 329 2270 396 LlB.
2326 325 2488 391 vlu
2539 323 2659 390 DE
2706 321 3298 400 ANlMALIBUS,
3347 318 3656 388 'FRAC'R
3714 315 3809 382 lv

4370 311 4498 376 469

1281 517 1509 575 autem
1555 506 1796 574 accidit
1842 497 2206 590 aliquando
2258 494 2442 586 quod
2479 517 2618 561 una
2673 516 2830 585 pars
2933 501 3270 582 cupantur
3307 491 3485 557 circa
3524 486 3873 578 pullorum
3907 506 4186 552 suorum
4234 478 4497 548 enutri-

1282 615 1613 683 examinis
1659 614 1861 678 unius
1906 608 2092 676 vadit
2132 605 2217 674 ad
2279 606 2445 672 alias
2514 626 2701 695 apeS,
2764 612 2830 670 et
2933 601 3243 667 tionem:
3296 605 3361 663 et
3401 597 3455 662 si
3507 594 3658 660 aliis
3689 593 4119 659 intenderent
4144 586 4488 679 operibus.

1284 722 1534 788 adunet
1561 711 1633 787 se
1663 720 1785 797 eis,
1830 727 1989 784 tunc
2029 715 2377 783 residuum
2408 712 2592 804 quod
2628 733 2831 779 man-
2936 706 3321 794 deperirent
3366 700 3560 791 pulli.
3616 700 4040 788 Praeponunt
4090 698 4299 785 igitur
4327 694 4497 760 at‘l'e-

1280 832 1369 895 sit
1398 851 1691 917 paucum
1722 849 2007 893 numero
2039 847 2326 892 examen
2356 845 2479 912 per
2507 843 2579 888 se
2610 818 2826 885 facere

1282 958 1419 1003 non
1451 944 1673 1026 potest
1704 958 1718 1002 ε
1754 945 1819 1004 et
1844 936 1994 1002 ideo
2025 932 2211 1000 vadit
2241 931 2324 998 ad
2355 930 2566 996 alium
2597 946 2826 1013 regem

1283 1051 1347 1110 et
1403 1043 1680 1113 dimittit
1734 1067 1931 1112 suum
1970 1066 1984 1109 ε
2029 1050 2096 1108 et
2140 1041 2196 1105 si
2247 1060 2366 1105 rex
2396 1055 2602 1124 quem
2633 1031 2831 1098 dimi-

1280 1151 1440 1219 serit
1476 1152 1875 1243 insequitur,
1912 1146 2325 1215 intersiciunt
2353 1164 2536 1209 eum.

1832 2126 2124 2197 CAPUT
2171 2124 2291 2193 IV.

1267 2884 1372 2950 De
1416 2880 1653 2948 ordine
1705 2901 1905 2970 quem
1944 2875 2299 2945 observant
2332 2875 2403 2941 ἰιι
2442 2870 2818 2965 operando,

1489 2998 1551 3056 et
1598 2987 1681 3055 de
1708 2988 1816 3055 leis
1852 3009 2004 3077 (ματ
2042 2993 2276 3051 nocent
2321 2981 2594 3073 apibus.

1356 3833 1559 3903 Modo
1591 3833 1797 3923 igitur
1833 3829 2149 3923 praedicto
2188 3852 2262 3898 se
2299 3826 2505 3897 habet
2547 3829 2630 3897 de
2661 3851 2822 3921 ope·

1267 3940 1645 4009 rationibus
1702 3962 1929 4030 apum.
1995 3937 2132 4006 Sed
2175 3960 2314 4005 non
2344 3936 2569 4004 solum
2600 3938 2820 4005 artili-

1267 4052 1449 4118 ciose
1508 4057 1898 4140 operantur,
1951 4046 2068 4115 sed
2117 4046 2324 4114 etiam
2402 4044 2820 4114 distribuunt

1202 4171 1210 4178 ’
1266 4179 1474 4249 opera
1505 4159 1680 4225 inter
1714 4179 1812 4235 se,
1848 4164 1924 4224 ut
1963 4178 2099 4222 una
2129 4153 2327 4222 faciat
2370 4177 2585 4221 unum
2614 4175 2813 4244 opus,

1267 4273 1333 4334 et
1380 4265 1513 4333 alia
1559 4263 1765 4332 aliud.
1829 4262 2160 4344 Quaedam
2209 4262 2282 4330 in
2363 4262 2602 4330 ordine
2650 4263 2819 4330 vicis

1267 4397 1406 4442 suae
1438 4373 1781 4441 adducunt
1818 4372 1887 4440 id
1924 4370 2106 4463 quod
2146 4369 2494 4461 colligitur
2538 4369 2622 4437 de
2651 4370 2817 4437 ssore

1268 4481 1443 4549 etde
1485 4479 1751 4550 roribus
1788 4481 1963 4571 aptis
2010 4478 2524 4570 operationibus
2553 4500 2760 4569 apum
2794 4499 2812 4544 :

1266 4599 1336 4659 et
1370 4588 1519 4657 aliae
1550 4587 1864 4681 qua-dam
1895 4589 2098 4656 etiam
2130 4587 2199 4654 in
2230 4586 2469 4656 ordine
2499 4585 2819 4655 distribu-

1265 4704 1336 4765 to
1368 4696 1764 4766 mollificant
1792 4719 2043 4773 ceram,
2096 4703 2163 4763 et
2200 4694 2508 4786 eliquant
2547 4693 2682 4763 mel
2731 4715 2818 4762 ex

1263 4806 1412 4897 ipsa
1440 4815 1788 4898 tamquam
1815 4827 1901 4874 ex
1937 4802 2100 4872 laece
2145 4826 2161 4871 ε
2204 4812 2272 4872 et
2301 4802 2434 4872 illa.»
2469 4827 2619 4896 quae
2659 4807 2819 4871 sunt

1264 4914 1441 4981 tertii
1489 4913 1769 4992 ordinis,
1825 4915 1893 4982 in
1933 4912 2170 4980 ordine
2216 4912 2386 4980 vicis
2415 4936 2557 4980 suae
2595 4910 2818 4979 addu-

1263 5029 1426 5090 cunt
1467 5044 1741 5112 aquam,
1790 5022 1983 5111 cujus
2012 5019 2300 5089 humore
2336 5020 2474 5088 mel
2512 5019 2744 5087 defluit
2776 5041 2816 5084 a

1263 5152 1415 5199 cera
1462 5131 1569 5198 cui
1631 5137 1775 5197 erat
1831 5129 2240 5197 inviscatum
2294 5150 2309 5195 :
2369 5135 2437 5196 et
2502 5127 2815 5219 quoedam

1264 5246 1684 5327 componunt
1702 5243 1878 5305 cerat
1909 5245 2357 5328 temperatam
2390 5237 2459 5303 in
2498 5259 2712 5305 casas.
2740 5235 2817 5303 ln

1265 5354 1571 5437 tempore
1611 5355 1840 5415 autem
1870 5366 2007 5436 quo
2038 5345 2349 5412 nutriunt
2377 5342 2630 5435 pullos,
2676 5366 2814 5413 non

1263 5452 1515 5522 cadunt
1568 5477 1772 5546 super
1834 5473 2094 5531 carnes,
2158 5475 2381 5543 neque
2448 5452 2821 5520 comedunt

1263 5582 1403 5638 eas,
1436 5584 1658 5654 neque
1688 5559 2141 5630 sollicitantur
2169 5559 2257 5628 ad
2283 5559 2699 5651 positionem
2730 5558 2822 5628 ci·

1264 5667 1507 5737 borum
1539 5672 1606 5738 in
1648 5669 2005 5756 thesauris,
2046 5670 2208 5761 quia
2247 5667 2662 5740 sufficienter
2697 5692 2819 5739 oe-

2937 820 3047 878 ctu
3090 819 3345 877 naturae
3395 831 3604 899 quem
3658 806 3913 874 habent
3966 805 4049 871 ad
4096 802 4339 894 pullos,
4372 823 4499 866 ne-

2935 918 3315 985 cessitatem
3344 917 3694 1007 pullorum
3720 913 3997 980 utilitati
4018 913 4333 1002 propriae,
4361 908 4490 974 nisi

2933 1034 3119 1094 tanta
3166 1027 3255 1092 sit
3294 1024 3671 1116 indigentia
3718 1020 3852 1089 cibi
3884 1021 3956 1086 in
3996 1018 4272 1093 alveari,
4308 1013 4494 1104 quod

2930 1134 3397 1224 periclitentur
3443 1133 3624 1200 fame
3678 1154 3693 1197 :
3745 1137 3914 1196 tunc
3956 1127 4138 1194 enim
4186 1122 4482 1190 dimissis

2930 1241 3134 1333 pullis
3163 1240 3533 1308 consulunt
3582 1237 3882 1327 sibiipsis
3930 1235 4012 1302 de
4044 1233 4353 1301 ciborum
4382 1230 4496 1296 in-

2932 1349 3323 1438 quisitione,
3388 1356 3456 1415 et
3508 1354 3672 1413 tune
3737 1340 4282 1435 frequentissime
4339 1360 4497 1405 mo·-

2933 1459 3200 1523 riuntur
3229 1455 3425 1546 pulli,
3473 1463 3541 1522 et
3579 1454 3947 1542 ejiciuntur
3993 1473 4029 1516 a
4069 1446 4487 1539 parentibuS.

2931 1563 3008 1631 In
3040 1571 3349 1652 tempore
3381 1570 3612 1630 autem
3635 1583 3777 1628 non
3807 1559 4125 1625 videntur
4153 1553 4492 1624 custodire

2929 1671 3240 1738 ordinem
3287 1693 3303 1736 :
3347 1670 3467 1738 sed
3525 1669 3755 1737 statim
3787 1676 3862 1735 ut
3904 1673 4005 1735 est
4052 1672 4320 1754 tempus
4361 1662 4495 1728 no-

2931 1803 3109 1855 rum,
3145 1801 3266 1869 per
3295 1786 3516 1846 totum
3558 1777 3726 1846 illud
3769 1785 4039 1865 tempus
4070 1775 4399 1840 instanter
4428 1778 4495 1836 et

2931 1889 3253 1955 continue
3284 1896 3678 1976 operantur,
3731 1882 4138 1951 arbitrantes
4185 1889 4252 1946 et
4294 1877 4492 1945 inda-

2931 1994 3206 2084 gatione
3252 2002 3510 2061 naturae
3538 1992 4075 2085 praesentientes,
4121 1985 4303 2078 quod
4334 2007 4492 2051 mo-

2933 2101 3161 2170 dicum
3185 2110 3454 2191 tempus
3473 2100 3730 2168 habent
3765 2120 3781 2166 :
3815 2099 3951 2166 cito
3974 2097 4155 2165 enim
4187 2092 4486 2161 siccitate

2936 2210 3190 2276 {estatis
3242 2208 3510 2276 deliciet
3555 2210 3654 2276 eis
3698 2208 3950 2274 ssorum
4002 2203 4285 2272 materia
4320 2221 4493 2269 con-

2933 2316 3241 2395 venienS,
3285 2324 3352 2384 et
3387 2325 3625 2406 postea
3663 2314 4067 2383 succedente
4104 2312 4354 2398 frigore
4396 2309 4495 2374 in-

2936 2433 3040 2493 tra
3085 2424 3317 2492 alvear
3361 2447 3565 2491 suum
3613 2422 4128 2492 concludentur.
4192 2416 4267 2484 ln
4324 2424 4494 2483 tem-

2934 2557 3099 2623 pore
3147 2556 3310 2623 ergo
3359 2554 3602 2600 sereno
3663 2531 3912 2598 llornm
3972 2527 4261 2596 assidua·
4336 2533 4496 2591 sunt

2933 2640 3351 2732 operationis
3390 2648 3454 2708 et
3496 2639 4079 2727 continuae.·Apis
4109 2644 4334 2701 autem
4376 2655 4496 2700 rex

2933 2773 3083 2841 quae
3123 2752 3298 2840 regit
3327 2750 3521 2833 aliaS,
3568 2747 3940 2840 aliquando
3981 2746 4253 2837 quidem
4304 2751 4498 2833 post-

2931 2883 3137 2950 quam
3190 2860 3413 2948 primo
3486 2859 3626 2925 exit
3704 2880 3864 2925 cum
3921 2855 4258 2932 exannine,
4317 2852 4492 2920 forte

2930 2976 3252 3058 operatur
3300 2990 3420 3057 per
3463 2975 3597 3035 tres
3646 2967 3791 3034 dies
3840 2965 3927 3032 ad
3974 2963 4152 3055 pluS,
4203 2971 4273 3030 et
4331 2969 4495 3028 tunc

2933 3077 3103 3145 redit
3149 3076 3234 3143 ad
3264 3075 3494 3144 locum
3535 3098 3738 3144 suum
3784 3077 3855 3144 in
3902 3073 4179 3150 alveari,
4223 3080 4292 3139 et
4320 3069 4496 3158 ordi-

2929 3194 3046 3255 nat
3069 3209 3195 3254 sua
3216 3185 3579 3277 praesentia
3604 3194 3672 3254 et
3691 3182 3994 3276 quodam
4016 3183 4299 3273 strepitu
4330 3203 4490 3272 ope-

2930 3319 3001 3363 ra
3031 3295 3345 3363 aliarum.

3014 3404 3334 3497 Amplius
3372 3413 3603 3474 autem
3652 3402 4023 3495 aliquando
4062 3408 4221 3469 sunt
4248 3399 4483 3468 alvea-

2927 3513 3025 3581 ria
3071 3513 3328 3582 sterilia
3374 3521 3655 3604 propter
3705 3510 4009 3603 aliquam
4072 3530 4347 3577 causam
4395 3529 4481 3575 ex

2925 3629 3116 3713 parte
3157 3622 3366 3700 vasiS,
3422 3630 3542 3689 aut
3588 3643 3673 3689 ex
3716 3628 3908 3712 parte
3952 3639 4160 3710 apum
4206 3614 4337 3685 hoc
4385 3615 4491 3683 la·

2926 3730 3252 3800 cientium
3298 3753 3315 3796 :
3348 3739 3416 3798 et
3445 3739 3608 3799 tunc
3637 3752 3801 3821 apes
3847 3730 4148 3817 antiqua·
4192 3725 4485 3792 retinent

2924 3838 3150 3930 pullos
3206 3860 3381 3929 quos
3436 3835 3692 3906 habent
3742 3860 3829 3905 ne
3861 3844 4133 3912 exeant,
4183 3836 4274 3900 ita
4305 3830 4490 3924 quod

2927 3946 3169 4014 retenti
3206 3953 3391 4013 stant
3440 3944 3811 4036 aliquando
3860 3966 3983 4035 per
4039 3940 4488 4034 quadraginta

2926 4052 3069 4121 dies
3096 4060 3252 4145 post
3279 4053 3622 4144 tropicum
3660 4050 3954 4120 hiemale
3996 4050 4065 4118 in
4113 4047 4308 4116 terris
4363 4068 4482 4113 ca·-

2927 4161 3105 4229 lidis.
3141 4161 3220 4228 ln
3251 4161 3445 4230 terris
3477 4161 3661 4229 enim
3693 4158 3960 4250 frigidis
3990 4179 4128 4226 non
4166 4156 4489 4225 emittunt

2926 4269 3175 4361 pullos,
3232 4269 3361 4335 nisi
3413 4268 3481 4336 in
3539 4267 3876 4358 principio
3914 4265 4193 4342 testatis,
4237 4271 4302 4331 et
4333 4283 4485 4329 raro

2925 4378 2996 4445 in
3028 4377 3160 4444 line
3197 4399 3213 4445 :
3248 4385 3316 4445 et
3340 4375 3455 4443 illa
3503 4375 3755 4444 emissa
3787 4375 4104 4443 examina
4135 4393 4276 4438 non
4317 4392 4488 4439 eon·

2925 4484 3305 4566 valescunt,
3375 4482 3539 4575 quia
3599 4490 3757 4550 ante
3824 4480 4099 4551 hiemen
4160 4477 4293 4546 mel
4357 4476 4485 4545 sibi

2927 4590 3273 4660 sufficiens
3303 4611 3723 4681 congregare
3755 4611 3896 4657 non
3949 4591 4234 4679 possunt
4276 4606 4292 4651 ε
4326 4606 4484 4653 cum

2927 4700 3112 4769 enim
3164 4698 3407 4767 volunt
3466 4706 3786 4790 parentes
3855 4697 4146 4763 retinere
4194 4696 4487 4784 juvenes

2928 4809 3108 4901 apud
3152 4832 3252 4887 se,
3302 4806 3629 4876 claudunt
3687 4828 3894 4896 super
3939 4828 4058 4872 eos
4093 4805 4240 4871 vias
4270 4802 4493 4870 exitus

2930 4941 3082 4987 cera
3138 4914 3396 4984 subtili.
3461 4913 3601 4982 Sed
3658 4922 4025 5005 postquam
4099 4909 4496 4981 confortatae

2929 5025 3181 5094 luerint
3216 5022 3501 5113 apiculae
3522 5022 3843 5112 juvenes,
3878 5028 4206 5111 rumpunt
4253 5016 4492 5086 obsta-

2929 5132 3187 5210 culum,
3217 5140 3282 5199 et
3305 5137 3585 5209 exeunt,
3619 5152 3700 5198 eo
3725 5128 3911 5221 quod
3943 5127 4187 5196 nolunt
4215 5147 4491 5194 manere

2930 5241 3062 5308 nisi
3103 5239 3172 5306 in
3202 5262 3416 5329 regno
3456 5237 3763 5328 proprio.

3024 5345 3265 5414 Adhuc
3296 5346 3366 5413 in
3406 5343 3731 5412 omnibus
3777 5343 4100 5435 operibus
4145 5342 4286 5411 suis
4326 5362 4487 5431 apes

2929 5453 3188 5524 habent
3230 5452 3558 5521 bestiolas
3605 5452 3874 5544 aliquas
3905 5474 4149 5545 parvas
4196 5448 4327 5518 sibi
4362 5470 4495 5516 no-

2930 5570 3160 5635 centes
3191 5585 3207 5630 :
3242 5568 3307 5631 et
3345 5560 3624 5652 quando
3653 5560 3906 5631 luerint
3949 5582 4111 5651 apes
4148 5557 4318 5625 bene
4346 5553 4494 5622 lor-

2932 5681 3058 5752 tes,
3094 5669 3511 5741 interficiunt
3556 5691 3672 5738 eas
3719 5677 3785 5738 et
3832 5669 4113 5758 ejiciunt
4148 5688 4263 5732 eas
4301 5671 4492 5732 extra
