4919 6371
1907 448 2078 513 LlB.
2134 443 2294 510 VlIl
2343 442 2463 508 DE
2510 441 3099 522 ANIMALIBUS,
3152 446 3459 516 TRACT.
3520 450 3613 516 lll

1138 621 1310 710 pigri
1363 633 1591 688 motus
1644 642 1660 687 ι
1708 630 1773 686 et
1822 617 1974 684 ideo
2019 615 2183 681 nihil
2232 624 2591 693 venantur,
2639 624 2702 684 et

1137 752 1262 817 per
1308 748 1754 818 consequens
1814 726 1987 791 mori
2069 747 2181 791 eas
2248 733 2349 792 est
2395 748 2691 793 necesse.

1135 836 1430 903 Marium
1491 843 1721 901 autem
1794 856 2030 901 carnes
2092 834 2244 924 plus
2304 836 2695 916 durescunt,

1136 943 1254 1010 sed
1282 951 1510 1009 tamen
1562 943 1845 1009 viscosae
1893 945 2099 1010 etiam
2149 944 2586 1011 efficiuntur:
2632 953 2699 1011 et

1134 1049 1287 1115 ideo
1351 1049 1626 1138 pigritia
1687 1049 2017 1140 subrepit,
2071 1058 2135 1117 et
2184 1050 2689 1117 insensibilitas,

1139 1156 1430 1246 Signum
1467 1166 1697 1225 autem
1728 1167 1869 1227 tam
1903 1159 2128 1227 brevis
2168 1160 2349 1234 vitae,
2403 1165 2478 1223 ut
2518 1157 2698 1223 dixi-

1136 1286 1311 1341 mus,
1358 1274 1459 1333 est
1508 1266 1693 1356 quod
1734 1266 2010 1356 quando
2062 1273 2221 1331 ovat
2265 1262 2585 1352 multipes
2628 1265 2694 1329 in

1131 1395 1315 1450 vere,
1350 1384 1591 1462 postea
1622 1375 1693 1439 in
1727 1382 2058 1439 autumno
2101 1369 2296 1438 multi
2338 1372 2698 1439 inveniun-

1132 1487 1239 1546 tur
1295 1481 1513 1568 parvi,
1560 1487 1627 1545 et
1675 1479 2069 1568 paucissimi
2123 1479 2564 1545 inveniuntur
2611 1479 2693 1545 de

1129 1587 1397 1675 magnis
1458 1607 1472 1651 :
1520 1594 1586 1652 et
1625 1593 1782 1653 ante
1840 1584 1972 1653 hoc
2020 1593 2286 1676 tempus
2346 1586 2693 1654 modicum

1131 1692 1426 1758 multum
1459 1692 1541 1760 de
1574 1694 1845 1785 magnis
1877 1694 2372 1762 inveniebatur.

1220 1798 1461 1865 Fertur
1516 1808 1749 1867 autem
1819 1800 1901 1868 ab
1972 1802 2290 1891 expertis,
2361 1799 2544 1890 quod
2619 1801 2691 1868 in

1132 1912 1446 1996 tempore
1479 1909 1822 1975 ovationis
1861 1916 2097 1975 natant
2127 1915 2266 1974 tam
2299 1929 2443 1973 mas
2484 1930 2688 1997 quam

1134 2013 1443 2093 immina,
1507 2024 1590 2083 et
1633 2015 2076 2089 debilitantur
2141 2016 2210 2096 in
2265 2025 2531 2100 tantum
2569 2040 2689 2106 per

1134 2123 1575 2191 emissionem
1660 2124 2011 2192 seminalis
2086 2123 2417 2204 lmmoriS,
2504 2127 2686 2216 quod

1128 2228 1338 2293 etiam
1371 2230 1603 2317 parvis
1634 2228 1935 2317 piscibus
1984 2252 2123 2297 non
2175 2230 2514 2307 resistunt,
2569 2231 2686 2298 sed

1135 2334 1591 2401 comeduntur
1622 2334 1707 2402 ab
1740 2336 1905 2425 ipsis
1943 2360 1957 2403 :
2002 2345 2065 2403 et
2098 2339 2151 2402 si
2192 2336 2398 2427 aliqui
2445 2361 2683 2405 eorum

1127 2449 1285 2529 post
1314 2442 1844 2509 seminationem
1875 2445 2161 2511 veniunt
2207 2444 2293 2511 ad
2330 2467 2680 2524 cavernaS,

1124 2546 1206 2615 de
1256 2547 1437 2615 facili
1496 2548 2119 2640 deprehenduntur,
2172 2575 2253 2619 eo
2304 2552 2488 2642 quod
2526 2563 2684 2622 sunt

1122 2655 1298 2744 pigri
1331 2662 1399 2722 et
1428 2655 1565 2723 fere
1597 2657 2029 2725 insensibiles
2065 2681 2080 2725 ε
2126 2668 2191 2727 et
2222 2658 2350 2727 hoc
2381 2683 2518 2726 non
2567 2684 2685 2729 ac-

1122 2760 1281 2827 cidit
1312 2762 1410 2829 eis
1441 2770 1597 2830 ante
1629 2763 2189 2853 pullisicationem
2227 2788 2243 2832 :
2288 2774 2449 2834 tunc
2497 2771 2680 2837 euim

1121 2875 1187 2934 et
1217 2890 1256 2934 a
1284 2868 1586 2959 piscibus
1619 2893 1689 2936 se
1731 2870 2126 2946 defendunt,
2173 2881 2234 2939 et
2265 2897 2404 2941 non
2443 2875 2527 2942 de
2576 2876 2682 2942 fa-

1121 2974 1230 3041 cili
1261 2977 1626 3065 capiuntur
1656 2977 1724 3045 in
1769 2982 2131 3049 cavernis:
2184 2989 2446 3049 tantum
2496 2985 2677 3051 enirn

1119 3081 1484 3151 debilitatis
1515 3107 1738 3174 neque
1769 3089 1997 3176 parvis
2029 3111 2247 3179 neque
2279 3092 2545 3180 magnis
2575 3114 2681 3159 ac-

1117 3189 1282 3260 cidit
1321 3193 1844 3283 multipedihuS,
1890 3205 1965 3265 ut
2013 3200 2470 3269 communiter
2508 3201 2681 3268 dici-

1116 3309 1225 3369 tur
1264 3301 1349 3368 ab
1389 3302 1711 3393 expertiS,
1747 3303 1877 3370 nisi
1917 3328 2039 3394 per
2065 3305 2619 3396 pulliticationem
2656 3331 2672 3376 ε

1117 3409 1284 3498 quin
1344 3409 1574 3497 potius
1622 3417 1779 3478 ante
1829 3409 1959 3478 hoc
2027 3418 2295 3503 tempus
2361 3413 2675 3484 fortiores

1114 3516 1322 3583 etiam
1391 3522 1552 3583 sunt
1628 3517 1930 3607 piscibus
1993 3520 2283 3610 magnis.
2348 3521 2678 3590 Similiter

1117 3629 1349 3689 autem
1419 3620 1651 3689 dicunt
1693 3621 1778 3690 de
1809 3624 1996 3715 sepia
2052 3633 2331 3716 propter
2365 3627 2676 3695 eamdem

1115 3752 1420 3810 causam,
1464 3731 1650 3822 quod
1688 3755 1831 3801 non
1860 3735 2031 3803 vivit
2051 3735 2318 3805 duobus
2348 3739 2568 3806 annis.

1200 3837 1448 3906 Nullus
1478 3846 1709 3908 autem
1741 3840 1825 3908 de
1855 3865 2107 3933 genere
2136 3845 2470 3913 malachie
2520 3870 2676 3916 mo-

1111 3944 1237 4014 dus
1268 3946 1406 4013 exit
1444 3945 1531 4013 ad
1572 3949 1860 4027 siccum,
1908 3950 2039 4016 nisi
2089 3951 2276 4019 solus
2322 3953 2668 4046 multipes,

1111 4053 1228 4143 qui
1259 4061 1361 4121 est
1389 4053 1665 4144 polipus
1697 4077 1715 4122 ε
1750 4062 1813 4122 et
1848 4055 1978 4124 hoc
2007 4057 2157 4124 ideo
2188 4068 2314 4136 est,
2341 4064 2502 4152 quia
2531 4062 2672 4153 ipse

1114 4158 1289 4250 fugit
1318 4158 1469 4228 loca
1497 4159 1729 4250 plana,
1766 4185 1917 4253 quoe
1946 4186 2031 4231 ex
2074 4162 2238 4232 limo
2278 4174 2342 4234 et
2392 4166 2535 4236 luto
2586 4169 2673 4237 li-

1108 4269 1250 4335 nita
1316 4270 1579 4337 suntin
1610 4290 1813 4359 aqua,
1857 4278 1924 4338 et
1962 4273 2204 4361 qnaerit
2241 4273 2384 4342 loca
2433 4299 2670 4367 aspera

1113 4396 1269 4464 qum
1298 4383 1457 4443 sunt
1491 4376 1558 4442 in
1590 4376 1798 4460 sicce,
1833 4377 1947 4445 ubi
1980 4388 2081 4447 est
2111 4381 2413 4450 durities.
2451 4383 2667 4453 llabet

1109 4489 1339 4548 autem
1399 4481 1726 4573 multipes
1767 4484 2234 4556 fortitudinem
2275 4492 2550 4582 quidem
2598 4493 2668 4562 in

1111 4595 1283 4655 testa
1336 4609 1352 4654 ε
1420 4587 1541 4655 sed
1596 4588 1852 4657 collum
1913 4592 2061 4680 ejus
2125 4603 2225 4662 est
2277 4595 2525 4675 debile,
2585 4622 2666 4667 eo

1113 4690 1299 4781 quod
1356 4690 1445 4759 ibi
1496 4691 1748 4761 lineam
1816 4699 2185 4787 quamdam
2252 4701 2666 4773 dividentem

1112 4793 1315 4863 habet
1365 4804 1538 4865 testa
1588 4799 1764 4886 ejus,
1809 4808 1874 4869 et
1930 4803 2176 4871 similis
2245 4828 2261 4874 ε
2331 4829 2455 4876 nec
2511 4819 2669 4879 sunt

1112 4903 1318 4971 etiam
1357 4905 1605 4994 pisces,
1649 4909 1769 4998 qui
1817 4920 2049 4978 carent
2107 4913 2298 4979 testis
2345 4923 2408 4981 et
2466 4918 2668 4986 coriis

1112 5007 1465 5077 testalihus
1512 5033 1528 5077 ε
1584 5021 1651 5080 et
1691 5013 1847 5082 ideo
1877 5014 2196 5085 facillime
2251 5018 2668 5090 dislocantur

1106 5117 1328 5206 capita
1361 5117 1667 5208 ipsorum
1700 5144 1786 5187 ex
1817 5121 1970 5189 colli
2003 5124 2106 5189 sui
2139 5123 2509 5195 debilitate.
2548 5128 2669 5196 Fa·

4235 455 4365 522 459

2813 618 2902 684 cit
2973 628 3200 685 autem
3261 621 3578 710 multipes
3658 624 3832 690 circa
3899 648 3968 691 se
4027 634 4364 693 texturam

2810 725 3176 814 quamdam
3236 727 3600 816 aliquando
3670 753 3684 796 :
3760 741 3826 797 et
3885 733 4168 821 quando'
4219 734 4367 801 vult

2809 833 3018 920 pasci,
3062 833 3198 897 exit
3230 855 3315 897 ex
3351 832 3464 899 illa
3505 837 3675 902 sicut
3715 859 3802 903 ex
3830 840 4177 927 quoddam
4251 867 4365 911 ve-

2807 938 3126 1003 stimento
3158 939 3299 1006 sive
3332 964 3414 1007 ex
3455 943 3682 1010 domo.

2898 1044 3245 1112 Invenitur
3276 1049 3478 1116 etiam
3520 1052 3833 1141 quiedam
3878 1057 4137 1144 species
4188 1056 4362 1124 mul-

2778 1150 3072 1239 ,tipedis,
3109 1155 3288 1245 quod
3328 1155 3714 1226 Graecorum
3758 1162 4020 1250 antiqui
4066 1162 4358 1232 lucalim

2803 1270 3242 1342 vocaverunt,
3320 1265 3501 1352 quod
3591 1266 3870 1355 quidam
3957 1267 4358 1337 Latinorum

2797 1367 3318 1458 pamphilonem
3347 1379 3592 1454 vocant
3631 1395 3645 1438 ε
3682 1383 3746 1440 et
3778 1373 3921 1441 haec
3953 1378 4210 1465 species
4244 1401 4358 1445 na·

2806 1476 3115 1542 turaliter
3168 1486 3271 1545 est
3342 1489 3563 1547 astuta
3633 1483 3925 1551 multum
4001 1509 4015 1553 :
4088 1510 4357 1578 magnae

2803 1584 2984 1650 enim
3024 1606 3162 1651 suae
3221 1586 3511 1654 solertia·
3583 1600 3686 1656 est
3745 1591 4100 1672 indicium,
4173 1596 4352 1685 quod

2802 1712 2956 1757 cum
2997 1713 3037 1757 a
3075 1693 3410 1782 profundo
3449 1695 3596 1762 vult
3653 1700 4016 1769 ascendere
4055 1705 4353 1772 natando

2800 1796 2885 1863 ad
2933 1799 3355 1887 superficiem
3413 1823 3627 1892 aquoe,
3712 1806 3987 1895 supinat
4035 1830 4105 1874 se
4156 1818 4230 1877 ut
4268 1810 4352 1877 ab

2801 1904 3102 1972 inferiori
3150 1907 3397 1977 habeat
3444 1920 3711 1992 testam,
3768 1924 3832 1981 et
3882 1917 3978 1982 sic
4014 1919 4228 1986 tutius
4269 1919 4352 1985 ab

2802 2011 3103 2080 inferiori
3135 2014 3220 2087 ad
3248 2020 3558 2106 superius
3590 2021 3905 2089 ascendat
3943 2045 3957 2089 ε
3995 2022 4200 2093 habet
4239 2049 4356 2093 au-

2800 2126 2937 2185 tem
3006 2120 3074 2186 in
3133 2123 3357 2191 medio
3424 2127 3526 2192 sui
3606 2126 3672 2193 id
3730 2131 3913 2217 quod
3956 2132 4350 2222 ssaydanon,

2799 2227 2993 2314 quasi
3043 2227 3374 2315 filicanon
3414 2243 3761 2312 vocatum,
3822 2236 3950 2304 hoc
3998 2248 4122 2318 est,
4182 2242 4358 2308 tela-

2798 2355 2940 2399 rem
2983 2337 3347 2423 quamdam
3399 2341 3571 2408 inter
3627 2342 3876 2433 digitos
3906 2346 4156 2434 pedum
4198 2371 4357 2415 eon-

2785 2442 3213 2530 junctionem
3266 2469 3283 2513 ε
3336 2447 3466 2516 hoc
3516 2452 3699 2518 enim
3761 2456 3998 2521 crescit
4054 2456 4113 2524 ei
4174 2459 4353 2526 sicut

2793 2547 3206 2636 quibusdam
3236 2555 3500 2622 avibus.
3541 2557 3677 2624 Sed
3710 2560 3778 2624 in
3811 2558 3941 2627 hoc
3969 2560 4352 2630 differentia

2792 2663 2919 2734 est,
2964 2658 3148 2747 quod
3179 2670 3283 2729 est
3311 2666 3530 2753 magis
3560 2664 3778 2733 latens
3818 2676 3882 2732 et
3923 2670 4144 2759 magis
4184 2671 4354 2737 sub-

2792 2763 2931 2840 tile,
2969 2788 3172 2855 quam
3208 2769 3382 2836 inter
3419 2771 3665 2861 digitos
3705 2776 3965 2855 avium,
4013 2778 4103 2844 ita
4162 2781 4349 2870 quod

2790 2870 2928 2938 fere
2978 2881 3079 2941 est
3125 2876 3345 2944 simile
3388 2886 3669 2948 texturae
3721 2905 3986 2950 araneae
4024 2907 4037 2950 :
4085 2894 4147 2953 et
4189 2911 4344 2954 cum

2790 2981 2977 3047 venit
3025 2992 3292 3066 ventus,
3344 2989 3557 3055 utitur
3596 2991 3905 3057 rnenihro
3972 2994 4125 3070 isto,
4171 2998 4346 3064 sicut

2789 3097 2887 3154 est
2937 3112 3100 3157 usus
3139 3094 3271 3159 veli
3323 3096 3505 3185 quod
3556 3109 3871 3167 asmrcou
3905 3103 4182 3191 quidam
4213 3128 4346 3173 vo-

2787 3205 2966 3273 cant,
3003 3206 3068 3266 et
3099 3200 3388 3271 declinat
3423 3206 3488 3271 in
3533 3216 3820 3276 ventum
3873 3211 4038 3278 illud
4078 3213 4344 3305 ssayda-

2786 3327 2924 3371 non
2980 3328 2994 3372 :
3057 3316 3123 3376 et
3176 3310 3541 3402 aliquando
3602 3316 3875 3405 quando
3947 3341 4082 3386 non
4138 3319 4340 3391 hahet

2784 3422 3089 3493 ventum,
3143 3421 3334 3507 ponit
3384 3422 3605 3512 ipsum
3649 3425 3715 3490 in
3768 3449 3891 3491 usu
3936 3450 4280 3498 remorum
4319 3454 4334 3499 ε

2784 3529 2848 3587 et
2879 3524 3152 3612 quando
3184 3526 3402 3606 timet,
3450 3528 3766 3622 impingit
3806 3556 3962 3600 cnm
3999 3534 4130 3602 illis
4179 3561 4339 3607 sur-

2782 3651 2962 3709 sum,
3032 3638 3098 3698 et
3153 3633 3516 3723 profundat
3574 3661 3646 3705 se
3706 3639 3774 3705 in
3833 3641 4029 3708 mari.
4092 3642 4336 3736 Implet

2781 3737 2966 3806 enim
2992 3745 3233 3807 testam
3264 3765 3459 3810 suam
3491 3766 3693 3836 aqua,
3726 3756 3795 3815 et
3844 3755 4006 3817 tunc
4046 3751 4334 3823 descen-

2781 3844 2880 3912 dit
2912 3846 3297 3938 impingens
3326 3874 3396 3916 se
3428 3853 3734 3941 pedibus.

2872 3953 3235 4022 Gener-atio
3293 3967 3520 4026 autem
3572 3971 3758 4031 testae
3808 3967 4201 4059 nuiltipedis
4267 3981 4333 4040 et

2779 4057 3072 4128 aliorum
3124 4066 3435 4132 omnium
3485 4075 3725 4137 testam
3777 4071 4179 4146 habentium
4234 4103 4333 4147 se-

2779 4168 3077 4236 cundum
3109 4193 3380 4240 causam
3412 4197 3642 4243 veram
3675 4178 3897 4248 adhuc
3930 4206 4068 4252 non
4116 4209 4331 4278 appa·

2779 4283 2903 4342 ret.
2942 4275 3074 4344 Sed
3105 4281 3477 4348 secundum
3519 4285 3701 4374 quod
3736 4289 3978 4356 melius
4024 4295 4331 4362 aestima-

2779 4388 2908 4458 tur,
2945 4405 3083 4450 non
3121 4398 3486 4475 generatur
3524 4415 3562 4458 a
3594 4395 3803 4473 coitu,
3842 4420 4062 4490 neque
4108 4409 4207 4468 est
4260 4404 4328 4469 in

2776 4496 2973 4579 partu
3014 4492 3237 4580 primo
3293 4499 3755 4584 generationis
3815 4510 4021 4572 testas
4069 4505 4333 4575 hahen-

2776 4596 2948 4663 tium
2994 4620 3010 4665 :
3042 4598 3160 4666 sed
3189 4611 3423 4691 postea
3462 4617 3828 4694 generatur
3856 4635 3895 4679 a
3925 4612 4078 4681 ciho
4111 4625 4175 4683 et
4208 4614 4331 4683 hu-

2778 4726 2966 4771 more
2993 4708 3307 4786 naturali,
3352 4719 3417 4778 et
3446 4716 3707 4791 crescit,
3745 4720 3915 4787 sicut
3950 4723 4153 4790 etiam
4191 4724 4326 4793 lere

2777 4811 2845 4878 in
2886 4814 3205 4883 omnibus
3242 4816 3315 4885 fit
3346 4823 3586 4888 ostreis
3613 4826 3990 4895 conchiliis.
4030 4830 4169 4899 Nec
4198 4831 4328 4899 ad-

2775 4917 2911 4985 huc
2940 4917 3113 4990 bene
3153 4935 3506 5015 expertum
3539 4940 3665 5016 est,
3703 4943 3932 5002 utrum
3964 4937 4201 5006 vivant
4233 4949 4331 5007 ta·

2775 5024 2863 5092 lia
2902 5039 3212 5118 separata
3243 5056 3283 5099 a
3320 5038 3534 5117 testis,
3570 5039 3675 5105 vel
3708 5063 3848 5107 non
3880 5044 4115 5111 vivant
4148 5055 4331 5135 post-

2778 5155 2984 5222 quam
3016 5149 3440 5228 separantur.
