4919 6371
656 397 784 463 362

739 564 981 634 Adhuc
1011 570 1238 629 autem
1281 564 1557 629 ovantia
1615 587 1694 628 ex
1746 570 1937 628 utero
2002 572 2063 629 et
2130 564 2199 629 in

661 681 853 743 utero
921 692 1049 740 ova
1121 671 1596 760 concipientia‚
1678 672 1967 739 duorum
2043 680 2200 738 sunt

658 777 1019 848 modorum
1066 800 1080 844 :
1160 780 1486 868 quoniam
1564 781 1870 871 quaedam
1945 779 2199 845 faciunt

653 907 782 953 ova
812 893 1047 963 testea,
1094 895 1160 954 et
1189 889 1502 978 quaedam
1569 887 1801 954 mollia
1857 889 1925 954 in
1983 908 2196 952 mem-

644 991 856 1062 brana
895 994 1208 1084 simplici.
1271 996 1356 1066 Et
1413 1004 1622 1064 testea
1670 993 1943 1082 quidem
1995 989 2196 1056 albu.-

662 1121 814 1173 men
871 1098 1123 1168 habent
1175 1109 1242 1169 et
1280 1124 1619 1169 croceum.
1696 1098 1925 1164 Mollia
1965 1104 2192 1162 autem

647 1206 982 1296 duplicem
1014 1208 1294 1298 quidem
1323 1227 1596 1274 necesse
1632 1214 1733 1270 est
1771 1202 2019 1271 habere
2061 1202 2194 1270 hu-

648 1339 906 1393 morem
944 1340 958 1382 :
1001 1316 1117 1383 sed
1158 1322 1389 1383 tamen
1424 1317 1492 1381 in
1546 1322 1833 1402 utroque
1865 1319 1965 1378 est
2003 1312 2192 1379 color

643 1447 819 1498 unus
886 1446 1164 1512 aqueus.
1245 1421 1614 1493 Ovantium
1690 1421 1963 1512 quidem
2057 1444 2189 1488 ova

643 1530 877 1604 mollia
916 1538 1206 1621 quatuor
1253 1538 1663 1598 enumerata}
1701 1537 1858 1596 sunt
1897 1528 2189 1596 diversi-

639 1646 808 1706 tates
868 1639 1344 1708 substantiales
1396 1661 1411 1707 :
1484 1638 1807 1729 quoniam
1876 1637 2184 1727 quaedam

638 1757 843 1814 ovant
884 1771 1015 1815 ova
1054 1771 1173 1838 per
1203 1769 1470 1836 sperma
1514 1744 1973 1812 masculorum
2006 1766 2188 1811 com-

635 1855 938 1945 plebilia.
977 1854 1304 1934 Quaedam
1362 1862 1588 1921 autem
1628 1861 1836 1919 ovant
1867 1875 1996 1918 ova
2032 1874 2182 1941 qnae

636 1971 997 2053 utramque
1041 1965 1106 2029 in
1138 1985 1208 2029 se
1240 1960 1494 2028 habent
1533 1961 1878 2034 virtutem,
1921 1982 2184 2026 mascu-

511 2080 522 2089 '
640 2072 683 2137 li
715 2070 1028 2138 videlicet
1061 2078 1121 2135 et
1163 2070 1486 2148 heminae,
1513 2069 1682 2134 sicut
1714 2089 1925 2156 grana
1970 2068 2182 2133 semi-

632 2177 894 2246 nalium
928 2177 1336 2266 plantarum.
1366 2173 1690 2253 Quaedam
1714 2182 1939 2240 autem
1972 2180 2180 2240 ovant

631 2307 761 2351 ova
801 2308 883 2350 ex
932 2306 1070 2350 suae
1124 2283 1519 2349 substantiae
1560 2280 2069 2371 putrefactione,
2116 2290 2180 2347 et

633 2417 718 2463 ex
751 2393 880 2459 illis
940 2395 1254 2459 oriuntur
1292 2390 1611 2459 animalia
1653 2388 1898 2455 similia
1930 2389 2180 2478 priori-

629 2501 756 2569 bus
811 2501 1029 2590 spoeie
1062 2508 1121 2566 et
1156 2507 1392 2566 natura
1440 2521 1454 2564 ε
1499 2505 1561 2564 et
1629 2495 1937 2586 quaedam
1970 2505 2177 2563 ovant

638 2632 766 2676 ova
798 2631 946 2698 quae
1022 2606 1339 2676 videntur
1403 2605 1607 2694 adeps
1645 2628 1788 2670 esse
1826 2603 2179 2693 pinguedi-

630 2719 757 2790 nis,
805 2718 970 2782 sient
1005 2716 1219 2804 pisces
1255 2714 1531 2803 onagri:
1568 2710 1707 2778 haec
1741 2712 1918 2777 enim
1951 2714 2173 2778 omnis

629 2823 980 2890 diversitas
1037 2830 1133 2887 est
1194 2820 1487 2887 duorum
1534 2817 1930 2885 animalium
1972 2818 2175 2884 indu-

639 2938 926 2996 ctorum.
1000 2927 1484 2994 tit-nerantium
1560 2932 1785 2990 autem
1853 2925 2173 2991 animalia

629 3045 960 3126 quantum
994 3034 1075 3100 ad
1110 3035 1324 3124 ipsam
1361 3033 1868 3123 generationem
1902 3053 2039 3098 non
2072 3041 2170 3099 est

630 3168 875 3235 magna
905 3143 1299 3211 diversitas:
1336 3142 1646 3209 omnium
1677 3141 1857 3207 enim
1897 3138 2168 3207 illorum

622 3262 744 3330 est,
781 3252 960 3343 qnod
1011 3250 1324 3342 quaedam
1365 3249 1747 3316 formantur
1776 3250 1844 3315 in
1877 3257 2072 3315 utero
2105 3257 2169 3316 et

622 3363 998 3452 pariuntur.
1024 3357 1349 3437 Quaedam
1372 3364 1600 3424 autem
1618 3355 1941 3423 violentia
1962 3379 2167 3445 quam

622 3468 919 3537 inserunt
947 3467 1169 3542 matri,
1218 3464 1681 3556 egrediuntur.
1724 3464 1898 3531 sicut
1934 3471 2167 3553 partus

620 3576 898 3667 viperea,
938 3584 1001 3641 et
1034 3572 1488 3666 quorumdam
1519 3570 1808 3639 aliorum
1837 3569 2169 3661 praeindu-

623 3690 911 3749 ctorum.

711 3796 812 3865 Ad
846 3797 1155 3864 omnium
1197 3803 1426 3863 autem
1477 3792 1723 3861 horum
1779 3790 2168 3883 intelligen-

620 3905 784 3971 tiam
825 3913 1087 3994 oportet
1122 3903 1319 3980 scire,
1354 3900 1536 3991 quod
1579 3909 1832 3967 naturae
1864 3921 2034 3989 opus
2064 3909 2166 3966 est

621 4037 791 4103 opus
820 4010 1280 4098 intelligentiae
1320 4010 1550 4076 onmia
1604 4007 2159 4100 praeordinantis:

622 4143 770 4211 qnae
799 4141 1000 4187 cansa
1039 4127 1139 4185 est
1178 4117 1435 4184 ordinis
1465 4126 1531 4183 et
1566 4116 1804 4205 optimi
1837 4117 1907 4182 in
1946 4113 2165 4205 quoli-

620 4226 753 4294 bet.
791 4226 961 4292 Cum
1003 4226 1208 4315 igitur
1236 4224 1393 4291 t'acit
1431 4222 1849 4289 ambulantia
1915 4231 1980 4288 et
2036 4243 2164 4288 na-

621 4335 830 4401 tantia
870 4342 933 4400 et
990 4334 1316 4408 volantia,
1350 4330 1506 4398 facit
1545 4352 1624 4395 ea
1656 4330 1722 4395 in
1755 4328 1986 4419 tiguris
2019 4351 2163 4395 mo-

617 4444 796 4513 tibus
854 4441 984 4508 illis
1041 4440 1543 4508 ordinatissime
1574 4436 2154 4504 convenientibus,

617 4547 1119 4618 Ambulationis
1184 4555 1409 4615 autem
1463 4546 1688 4614 onmis
1751 4543 2162 4612 ambulantis

616 4658 829 4724 virtus
869 4656 1069 4725 estin
1118 4654 1427 4722 cruribus
1468 4661 1533 4722 et
1586 4652 1868 4745 pedibus
1927 4661 2163 4743 poste-

614 4762 907 4832 rioribus
943 4763 1279 4853 przecipne
1307 4784 1324 4829 t
1358 4769 1637 4852 propter
1664 4758 1844 4851 qnod
1893 4765 2158 4850 oportet

613 4874 726 4941 illa
756 4872 954 4939 fortia
993 4881 1054 4939 et
1087 4893 1327 4959 grossa
1365 4893 1538 4953 esse,
1573 4877 1645 4936 ut
1678 4868 1760 4936 ad
1792 4876 2158 4965 utrumque

613 4982 789 5049 latus
827 4987 1047 5048 totum
1079 5001 1324 5070 corpus
1353 4975 1602 5045 vehere
1641 4975 1901 5066 possint
1948 4983 2013 5043 et
2043 4999 2161 5043 or-

613 5086 839 5155 dinate
881 5109 1176 5154 movere.
1224 5085 1370 5153 lioc
1402 5092 1628 5152 autent
1670 5082 1814 5148 fleri
1846 5104 1983 5149 non
2012 5089 2161 5173 pot-

613 5200 735 5272 est,
760 5193 887 5261 nisi
922 5191 1198 5260 inferius
1228 5192 1402 5260 circa
1436 5213 1630 5258 renes
1669 5195 1731 5255 et
1763 5186 2015 5255 ancbas
2062 5186 2161 5256 di-

610 5299 818 5367 latato
849 5322 1156 5391 corpore,
1201 5300 1284 5366 ad
1316 5320 1605 5390 quarum
1647 5298 1937 5390 partium
1981 5295 2158 5363 ‹lila-

607 5407 933 5476 tationem
965 5410 1135 5475 uteri
1169 5409 1476 5498 sequitur
1506 5403 1906 5496 amplitudo,
1946 5427 2159 5494 prop-

605 5524 707 5584 ter
742 5512 923 5606 quod
975 5514 1042 5581 in
1087 5515 1295 5581 uteris
1337 5512 1578 5581 talium
1645 5521 1708 5581 et
1767 5511 2042 5578 formari
2085 5519 2156 5580 et

608 5620 931 5715 compleri
967 5629 1257 5713 possunt
1314 5620 1677 5690 animalia:
1737 5629 1804 5690 et
1868 5627 1970 5688 est
2005 5618 2154 5688 hoec

601 5731 846 5799 melior
873 5738 936 5797 et
980 5728 1338 5818 perfectior
1385 5727 1703 5796 omnibus
1758 5727 2144 5818 generatio-

1645 389 1728 455 D.
1780 389 1978 458 ΑΕΒ.
2031 390 2248 458 MAG.

2303 390 2511 460 ORD.
2566 394 2861 461 PRAED.

2304 565 2504 632 nibus
2536 589 2684 657 quae
2710 566 3214 656 perfectissimis
3255 568 3540 636 debetur
3587 573 3858 637 anima-

2302 672 2506 738 libus.
2556 673 2674 740 Est
2714 682 2941 740 autem
2981 674 3185 763 hujus
3230 678 3435 743 etiam
3477 675 3607 742 alia
3661 679 3864 763 ratio,

2303 781 2629 869 quoniam
2682 780 2841 847 talia
2898 782 3220 850 animalia
3279 793 3554 873 propter
3611 786 3865 874 grossi-

2301 887 2465 950 tiem
2506 890 2809 975 corporis
2866 888 3063 955 multi
3120 899 3281 956 sunt
3337 893 3735 981 sanguinis:
3796 901 3863 960 et

2296 996 2646 1081 generatio
2697 996 2999 1084 ipsorum
3057 1021 3141 1064 ex
3201 999 3416 1067 multo
3458 1008 3558 1066 cst
3590 1004 3856 1068 semine

2298 1108 2367 1166 et
2393 1103 2772 1192 sanguine:
2809 1112 3083 1192 propter
3123 1105 3304 1193 quod
3348 1130 3485 1173 non
3517 1117 3736 1197 potest
3778 1110 3848 1175 in

2298 1231 2581 1298 corpore
2637 1213 3035 1301 congregari
3102 1212 3330 1290 simul,
3402 1214 3518 1280 sed
3575 1224 3846 1305 oportet

2296 1316 2480 1403 quod
2530 1317 2758 1388 al'tluat
2799 1318 2881 1384 ad
2937 1317 3162 1385 locum
3193 1321 3654 1409 generationis
3686 1345 3850 1389 suo-

2292 1425 2552 1491 cessive
2582 1448 2596 1491 :
2631 1433 2696 1491 et
2727 1425 2876 1492 ideo
2908 1425 2974 1491 in
3016 1427 3404 1492 utet-istalia
3425 1429 3845 1517 concipiunt,

2291 1538 2357 1597 et
2404 1554 2526 1620 per
2588 1533 2989 1621 sanguinem
3032 1535 3412 1602 successive
3453 1537 3849 1604 affluentem

2290 1639 2605 1704 nutriunt
2660 1647 3062 1729 conceptum
3134 1650 3200 1707 et
3261 1641 3559 1709 formant
3615 1665 3698 1710 ex
3767 1666 3849 1710 eo

2292 1743 2764 1834 supplementa
2792 1744 3286 1814 membrorum.

2376 1850 2694 1919 Volantia
2728 1861 2949 1920 autem
2980 1852 3271 1943 liguram
3294 1855 3579 1945 exigunt
3609 1863 3848 1923 rotun-

2286 1956 2444 2024 dam
2486 1966 2549 2025 et
2580 1959 2904 2036 strictam,
2949 1968 3023 2025 ut
3052 1982 3280 2027 aerem
3311 1968 3665 2050 penetrare
3717 1984 3844 2028 ve-

2284 2063 2525 2131 lociter
2561 2067 2843 2155 possint,
2866 2089 3071 2156 quem
3104 2066 3260 2134 lieet
3290 2069 3497 2135 etiam
3529 2068 3850 2159 gressibi-

2282 2171 2372 2239 lia
2404 2182 2783 2263 penetrent,
2817 2184 3044 2243 tamen
3076 2198 3217 2243 non
3248 2177 3476 2245 subito
3505 2178 3846 2246 violenter

2284 2280 2602 2350 dividunt
2640 2306 2837 2350 eum:
2872 2291 2937 2351 et
2971 2284 3121 2351 ideo
3172 2287 3551 2374 posteriora
3600 2307 3842 2354 eorum

2283 2398 2552 2479 oportet
2579 2394 2846 2482 stringi,
2881 2401 2953 2460 ut
2997 2395 3062 2460 in
3096 2396 3207 2461 via
3246 2397 3538 2483 pectoris
3598 2417 3840 2462 eorum

2280 2506 2628 2566 transeant
2667 2500 2736 2567 in
2772 2499 3031 2576 volatu,
3079 2502 3237 2592 quia
3296 2503 3492 2568 aliter
3548 2502 3849 2570 facerent

2280 2606 2349 2672 in
2377 2605 2610 2678 volatu
2644 2607 3235 2698 impedimentum,
3271 2619 3338 2676 et
3365 2619 3600 2699 pectus
3630 2633 3844 2698 opor-

2277 2719 2373 2779 tet
2402 2734 2548 2780 esse
2580 2713 2947 2780 rotundum
2977 2724 3053 2781 ut
3091 2716 3159 2781 in
3191 2714 3381 2793 nullo
3410 2714 3664 2804 angulo
3692 2718 3829 2783 aeri

2278 2818 2643 2886 dividendo
2702 2821 2953 2887 obviet.
3016 2821 3120 2889 Ad
3159 2821 3545 2888 stricturam
3605 2830 3835 2888 autem

2275 2927 2731 3014 posteriorum
2763 2928 3074 3017 sequitur
3112 2929 3502 2994 necessario
3535 2929 3709 2995 uteri
3745 2949 3849 2994 ar-

2274 3032 2558 3111 ctitudo‚
2587 3042 2864 3124 propter
2909 3057 3115 3125 quam
3183 3057 3322 3102 non
3356 3044 3649 3126 possunt
3692 3035 3837 3102 sor-

2274 3142 2449 3207 mari
2497 3142 2566 3208 in
2621 3138 2737 3208 tali
2807 3150 2998 3209 utero
3056 3141 3393 3233 complete
3445 3141 3821 3211 animalia:

2272 3256 2556 3338 propter
2582 3248 2765 3340 quod
2805 3249 2889 3317 de
2936 3250 3088 3316 ovis
3125 3250 3424 3340 providit
3466 3258 3733 3317 natura.

2363 3356 2440 3424 ln
2483 3356 2875 3424 natatilibus
2902 3366 3133 3425 autem
3157 3358 3288 3425 hoc
3326 3359 3545 3445 magis
3576 3366 3677 3426 est
3708 3381 3822 3425 ne-

2271 3468 2667 3545 ceesarium,
2709 3488 2792 3539 eo
2822 3465 3006 3557 quod
3036 3466 3151 3535 illa
3191 3466 3489 3534 natando
3537 3468 3823 3557 spissius

2269 3574 2585 3644 dividunt
2619 3574 3030 3645 elementum
3077 3597 3094 3642 ε
3162 3585 3581 3667 quapropter
3626 3576 3833 3645 etiam

2271 3682 2385 3749 illa
2415 3704 2454 3749 a
2494 3684 2713 3772 capite
2741 3683 2834 3750 ita
2873 3684 3066 3773 quasi
3125 3704 3396 3773 semper
3450 3683 3832 3773 procedunt

2271 3790 2356 3883 in.
2405 3798 2706 3859 acutum.
2778 3788 2959 3881 qnod
3028 3791 3232 3857 etlam
3292 3812 3417 3857 nec
3456 3811 3585 3856 ova
3635 3789 3706 3857 in
3758 3812 3830 3855 se

2268 3896 2612 3986 complere
2665 3906 2975 3988 possunt,
3036 3897 3151 3965 sed
3209 3897 3586 3965 secundum
3644 3896 3820 3963 uteri

2268 4002 2768 4092 longitudinem
2818 4012 2885 4072 et
2947 4005 3336 4070 stricturam
3405 4003 3619 4070 multa
3661 4025 3826 4093 par«

2264 4109 2427 4176 vula
2454 4110 2843 4199 concipiunt
2901 4119 2966 4177 et
3015 4110 3427 4200 incompleta
3468 4110 3817 4178 emittunt.

2265 4218 2417 4285 Alia
2447 4227 2676 4286 autem
2709 4241 2916 4291 causa
2956 4242 3039 4287 ex
3080 4222 3368 4287 materia
3405 4229 3680 4309 sumpta
3721 4228 3825 4287 eet

2267 4348 2427 4393 aves
2455 4324 2729 4417 quidem
2762 4348 2909 4393 esne
2941 4325 3111 4394 levis
3154 4324 3550 4393 substantiae
3603 4336 3669 4393 et
3700 4349 3822 4392 ae-

2267 4455 2425 4515 reae,
2498 4433 2713 4524 piace·
2750 4440 2979 4506 autem
3009 4431 3164 4523 plue
3219 4454 3480 4524 aquen.
3529 4431 3817 4522 Propter

2266 4541 2450 4633 quod
2481 4539 2839 4613 humidum
2874 4541 3057 4633 quod
3097 4550 3200 4610 est
3248 4544 3316 4610 in
3383 4540 3652 4619 avibus,
3723 4539 3830 4608 le·-

2263 4651 2416 4718 vius
2436 4656 2536 4717 est
2568 4657 2632 4717 et
2655 4650 2905 4727 minue,
2940 4658 3005 4716 et
3029 4648 3181 4717 ideo
3212 4649 3476 4717 facilius
3505 4651 3575 4718 in
3607 4669 3824 4715 unum

2263 4757 2741 4850 congregabile
2771 4780 2854 4825 ex
2903 4779 3043 4848 qno
3072 4757 3191 4832 tlat
3227 4756 3605 4848 generatio,
3639 4765 3706 4825 et
3750 4756 3823 4824 in

2263 4867 2561 4958 piscibus
2596 4865 2951 4934 similiter:
3002 4873 3069 4935 et
3112 4866 3267 4934 ideo
3322 4864 3821 4933 thesaurizatur

2264 4976 2333 5042 in
2364 4997 2600 5042 ovum.
2627 4974 2936 5041 Duorum
2969 4983 3196 5042 autem
3220 4973 3531 5041 colorum
3563 4980 3630 5040 et
3659 4971 3827 5038 dua·

2266 5107 2414 5156 rum
2520 5082 3058 5150 substantiarum
3158 5081 3564 5174 plerumque
3667 5086 3828 5146 sunt

2262 5191 2495 5258 avium
2526 5211 2682 5266 ova.
2725 5212 2806 5257 eo
2844 5188 3031 5281 qnod
3067 5190 3214 5257 avis
3270 5189 3554 5277 majoris
3584 5186 3824 5255 diver-

2260 5300 2480 5366 sitatis
2536 5304 2636 5364 est
2725 5297 2793 5362 in
2863 5297 3357 5389 compositione
3414 5317 3817 5386 corporum,

2259 5427 2410 5497 quae
2440 5404 2666 5472 omnis
2720 5403 3076 5472 diversitas
3133 5427 3216 5470 ex
3256 5401 3637 5470 substantia
3674 5423 3816 5470 uno

2258 5511 2469 5580 modo
2509 5532 2581 5578 se
2611 5510 2901 5578 habente
2942 5510 3085 5579 lieri
3118 5531 3257 5577 non
3298 5516 3548 5601 posset.
3586 5509 3818 5578 Pisces

2256 5627 2485 5688 autem
2534 5618 2673 5687 tere
2729 5640 2970 5689 omnes
3006 5618 3211 5685 unius
3237 5626 3397 5687 eunt
3436 5619 3707 5709 generis
3746 5618 3818 5684 in

2257 5724 2758 5816 compositione
2793 5745 3160 5816 corporum
3206 5748 3222 5794 :
3278 5734 3348 5792 et
3384 5725 3538 5793 ideo
3566 5727 3637 5794 in
3678 5723 3818 5792 hu-
