4919 6371
1915 422 2090 492 LIB.
2144 422 2275 491 XII
2324 422 2442 489 DE
2490 417 3086 497 ANIMALIBUS,
3137 418 3446 486 TRACT.
3502 419 3529 484 1

1115 608 1213 665 est
1247 600 1473 664 snmus
1520 594 1630 661 vel
1671 617 1891 683 vapor
1921 598 2234 663 incensus
2263 615 2533 682 semper
2561 598 2679 692 ‘cst

1117 705 1396 773 calidus.
1462 702 1661 769 Taeda
1721 710 1951 769 autem
2033 704 2177 770 sive
2245 701 2356 767 sax
2395 720 2547 788 quse
2578 703 2678 762 est

1117 812 1497 899 subjectum
1566 810 1772 899 igniS,
1818 810 1900 877 de
1967 834 2037 876 se
2096 830 2236 875 non
2278 814 2379 872 est
2427 802 2669 879 calida,

1111 917 1229 984 sed
1257 919 1480 1006 potius
1523 917 1699 1007 ignis
1742 916 2245 1005 compositione
2295 911 2370 978 fit
2399 910 2617 978 calida
2651 931 2665 975 ε

1113 1028 1437 1114 quoniam
1465 1025 1833 1115 aliquando
1865 1022 2323 1111 exstinguitur
2352 1028 2417 1087 et
2447 1017 2522 1084 fit
2551 1016 2673 1083 sri-

1112 1132 1293 1221 gida.
1366 1133 1608 1201 Oleum
1668 1141 1898 1199 autem
1968 1137 2032 1196 et
2092 1127 2269 1195 taeda
2326 1127 2529 1216 pinea
2556 1133 2673 1192 aut

1113 1240 1388 1309 alterius
1461 1240 1626 1331 ligni
1679 1239 1881 1305 citius
1930 1243 2089 1301 sunt
2127 1234 2396 1325 frigida.
2435 1232 2521 1300 Et
2585 1232 2671 1299 si-

1114 1348 1364 1416 militer
1421 1358 1523 1416 est
1568 1348 1649 1412 de
1694 1342 2017 1411 omnibus
2056 1343 2457 1432 corporibus
2489 1339 2672 1408 cale-

1108 1455 1300 1522 factis
1330 1478 1416 1523 ex
1445 1453 1670 1521 calore
1713 1450 1844 1520 sibi
1876 1449 2320 1517 adveniente:
2365 1448 2538 1515 sicut
2579 1448 2669 1515 ci-

1109 1564 1211 1628 nis
1236 1563 1349 1651 qni
1384 1570 1483 1629 est
1506 1560 1939 1651 superfluitas
1966 1580 2325 1627 remanens
2364 1579 2448 1623 ex
2480 1557 2659 1647 igne,

1112 1677 1173 1734 et
1216 1665 1526 1732 similiter
1565 1688 1805 1733 omnes
1835 1666 2334 1756 superfluitates
2365 1687 2518 1755 quae
2569 1686 2669 1730 re-

1115 1781 1386 1840 manent
1447 1782 1600 1863 post
1648 1773 2101 1864 digestionem
2159 1772 2230 1839 in
2269 1770 2666 1861 corporibus

1113 1881 1537 1950 animalium.
1576 1881 1658 1948 Et
1714 1882 2027 1949 similiter
2055 1879 2329 1948 cholera
2396 1879 2661 1956 citrina,

1112 1998 1178 2057 et
1245 1990 1377 2056 alia
1424 2013 1712 2080 corpora
1752 1990 2132 2066 combusta,
2187 1986 2454 2055 nullum
2498 1989 2669 2053 isto-

1117 2121 1266 2163 rum
1298 2097 1364 2164 lit
1421 2096 1746 2174 calidum,
1802 2096 1935 2163 nisi
1992 2118 2113 2185 per
2160 2093 2290 2162 hoc
2317 2094 2502 2184 quod
2552 2117 2667 2161 re-

1114 2214 1343 2273 manet
1372 2206 1609 2295 inipso
1642 2204 1902 2294 aliquid
1942 2205 2022 2272 de
2056 2205 2306 2272 virtute
2364 2205 2542 2293 ignis
2599 2211 2666 2270 et

1111 2315 1510 2383 substantia.
1550 2314 1874 2403 Subjecta
1912 2324 2139 2384 autem
2172 2315 2349 2405 ignis
2380 2338 2531 2405 quae
2553 2337 2665 2380 se-

1108 2423 1408 2489 cundnm
1485 2422 1952 2512 supradictum
2013 2421 2295 2489 modum
2346 2421 2664 2489 dicuntur

1107 2552 1245 2596 non
1310 2529 1551 2605 calida,
1617 2528 1751 2597 alio
1802 2528 2007 2596 modo
2055 2527 2275 2596 calida
2317 2527 2656 2605 dicuntur,

1107 2643 1278 2707 sient
1336 2639 1505 2707 taeda
1551 2640 1775 2730 pinea,
1824 2647 1891 2705 et
1955 2636 2087 2705 alia
2143 2635 2662 2704 inflammabilia

1107 2747 1422 2814 die-untur
1460 2746 1701 2830 calida,
1750 2770 1831 2812 eo
1894 2744 2076 2835 qnod
2126 2744 2318 2812 facile
2360 2743 2662 2811 alteran-

1107 2866 1217 2922 tur
1247 2864 1308 2920 et
1343 2862 1694 2920 minantur
1745 2876 1868 2944 per
1916 2855 2147 2943 ignem
2181 2850 2265 2917 ad
2305 2850 2434 2919 hoc
2477 2850 2659 2941 quod

1108 2970 1257 3027 actu
1297 2961 1640 3048 igniantur
1669 2968 1735 3027 et
1769 2957 2238 3025 incendantur.

1198 3069 1467 3160 Opinati
1509 3076 1668 3135 sunt
1702 3067 1979 3159 quidam
2014 3066 2196 3157 qnod
2226 3064 2522 3134 calidum
2573 3067 2660 3134 li-

1109 3178 1442 3269 quefaciat
1481 3187 1541 3245 et
1586 3174 1901 3268 coagulet
1941 3177 2172 3244 omnia
2202 3198 2517 3266 corpora,
2569 3175 2658 3243 li-

1104 3297 1207 3355 cet
1237 3286 1367 3354 hoc
1397 3307 1538 3353 non
1568 3285 1655 3353 sit
1710 3284 2181 3352 universaliter
2222 3306 2491 3361 verum,
2538 3284 2657 3351 sed

1100 3393 1326 3483 potins
1364 3412 1647 3481 corpora
1689 3410 1841 3479 quae
1874 3390 1943 3455 in
1990 3410 2116 3455 sna
2161 3388 2656 3477 compositione

1100 3509 1256 3566 sunt
1323 3497 1554 3565 mnltae
1625 3519 1850 3588 aqnae,
1911 3504 1979 3564 et
2033 3495 2263 3563 minus
2298 3503 2493 3563 terrae
2539 3493 2659 3563 ha-

1102 3606 1292 3684 bent,
1329 3608 1499 3674 sicut
1536 3603 1907 3688 metallica,
1941 3602 2389 3692 coagulantur
2427 3627 2510 3672 ex
2540 3604 2656 3672 sri-

1096 3741 1288 3804 gorc.
1352 3716 1520 3795 Qum
1584 3723 1819 3782 autem
1886 3711 2116 3781 multa}
2162 3712 2441 3804 quidem
2496 3722 2656 3782 snnt

1094 3847 1286 3914 aqum
1346 3832 1409 3891 et
1470 3820 1702 3889 multae
1760 3831 1951 3890 terroe
2027 3823 2098 3889 in
2156 3821 2652 3911 compositione

1096 3954 1244 4009 sua,
1303 3928 1757 4020 coagulantur
1821 3936 1888 3995 et
1953 3927 2341 3995 adunantur
2388 3936 2653 3996 etcon-

1095 4048 1272 4106 stant
1305 4060 1389 4106 ex
1420 4036 1643 4104 calore
1675 4042 2091 4125 evaporante
2121 4031 2434 4112 humide,
2478 4035 2650 4102 sicut

1096 4146 1191 4213 lar
1233 4142 1717 4236 coagulatum:
1746 4142 1909 4234 quia
1942 4141 2009 4209 id
2045 4139 2200 4232 plus
2229 4149 2426 4208 terra·
2468 4143 2647 4233 quod

1089 4264 1186 4321 est
1222 4256 1290 4322 in
1322 4253 1825 4343 compositione
1856 4249 2095 4318 talium
2126 4272 2519 4340 corporum,
2553 4253 2647 4319 ci-

1082 4365 1218 4430 tius
1258 4362 1636 4430 desiccatur
1684 4367 2098 4451 evaporante
2142 4357 2456 4428 humido.
2512 4359 2648 4428 Sed

1082 4474 1223 4562 jam
1262 4475 1328 4539 in
1369 4470 1503 4539 alio
1536 4470 1688 4539 loco
1719 4469 2052 4538 librorum
2085 4468 2499 4537 naturalium
2539 4468 2649 4538 lo-

1093 4580 1227 4646 cnti
1258 4599 1499 4645 sumus
1529 4576 1611 4644 de
1646 4577 1792 4645 istis
1834 4575 2034 4642 rebus
2092 4571 2540 4652 manifestius,
2575 4576 2642 4643 in

1087 4695 1328 4776 quarto
1366 4683 1682 4753 videlicet
1712 4686 2197 4765 ⁴lleleororum,
2232 4680 2345 4750 ubi
2377 4682 2461 4749 de
2491 4706 2647 4751 coa·

1087 4796 1505 4884 gulaliilibus
1570 4805 1638 4863 et
1705 4792 2145 4886 liquabilibus
2183 4793 2468 4862 fecimus
2506 4802 2644 4862 tra-

1085 4913 1366 4972 ctatum.
1439 4903 1539 4970 lbi
1627 4903 1809 4970 enim
1879 4901 2317 4968 distinximus
2355 4923 2642 4992 corpora

1083 5036 1234 5105 qua·
1264 5012 1648 5103 liqneliunt,
1693 5019 1761 5078 et
1791 5010 2090 5078 diximus
2136 5032 2438 5086 eausam,
2474 5034 2641 5101 pro-

1082 5128 1229 5210 pter
1268 5119 1429 5210 quid
1451 5127 1769 5188 constant
1799 5127 1863 5186 et
1903 5116 2292 5186 adunantur
2339 5140 2418 5185 ea
2486 5142 2638 5209 qum

1077 5226 1545 5317 coagulantur.

1168 5334 1259 5400 lix
1292 5333 1612 5400 ‹nninilms
1663 5341 1896 5401 aun-m
1931 5355 2080 5421 qnoe
2144 5329 2415 5399 inducta
2447 5341 2628 5402 sunt.

1076 5441 1510 5510 manifestum
1566 5450 1664 5509 est
1714 5439 1902 5531 quod
1958 5439 2310 5530 inquisitio
2376 5439 2633 5509 sciendi

1075 5549 1365 5617 calidum
1398 5556 1465 5615 et
1495 5546 1779 5614 calidius
1798 5544 2170 5614 secundum
2202 5543 2388 5637 quod
2419 5554 2523 5614 est
2550 5546 2632 5616 de

1077 5658 1553 5749 cumplexione
1589 5676 1959 5746 corporum
1991 5653 2404 5723 naturalium
2434 5676 2633 5724 com-

1078 5770 1463 5863 positorum
1518 5788 1602 5833 ex
1656 5764 2041 5842 contrariis,
2075 5771 2179 5831 est
2228 5762 2631 5832 indetermi-

4212 419 4334 484 601

2787 597 2945 656 nata
2991 611 3005 654 ε
3043 612 3124 656 eo
3177 589 3362 678 quod
3428 589 3891 678 multiplieiter
3917 589 4211 656 calidum
4244 587 4346 656 est

2781 695 2851 763 in
2892 696 3166 771 talibus,
3204 718 3325 763 nee
3358 706 3455 762 est
3490 698 3557 761 in
3588 697 3684 763 eis
3732 696 4051 762 omnibus
4082 720 4340 765 secun-

2779 804 2942 871 dum
2984 826 3199 871 unum
3251 813 3318 871 et
3358 803 3674 871 eumdem
3714 803 4017 871 modum.

2872 910 3154 1001 Oportet
3205 913 3415 1003 igitur
3453 912 3777 1001 distingui
3844 911 4163 990 calidum,
4237 915 4337 981 di-

2780 1017 2995 1085 cendo
3056 1018 3402 1109 quoddam
3478 1017 3771 1087 calidum
3805 1039 3949 1084 esse
3979 1041 4101 1108 per
4137 1041 4235 1103 se,
4270 1030 4339 1088 et

2778 1124 3123 1215 quoddam
3156 1148 3278 1217 per
3334 1125 3671 1194 accidens.
3718 1124 4043 1193 Calidum
4102 1134 4331 1194 autem

2770 1256 2893 1323 per
2945 1257 3015 1300 se
3079 1241 3202 1310 est,
3276 1234 3460 1323 quod
3510 1256 3777 1323 semper
3824 1240 3924 1300 est
3980 1233 4329 1302 calidum:

2776 1340 2960 1407 aliud
3014 1349 3245 1408 autem
3304 1340 3388 1407 ab
3447 1340 3587 1425 illo,
3621 1340 3807 1431 quod
3860 1340 4333 1408 videlieetsib1

2777 1448 3088 1515 relictum
3148 1446 3598 1537 infrigidatur,
3669 1455 3772 1515 est
3829 1447 4138 1514 calidum
4205 1471 4333 1539 per

2783 1554 3119 1623 accidens.

2863 1661 3107 1730 Adhuc
3136 1671 3368 1731 autem
3398 1661 3693 1731 calidum
3724 1663 3967 1731 dicitur
3992 1664 4324 1754 potentia,

2772 1779 2839 1839 et
2865 1771 3163 1840 calidum
3195 1779 3374 1840 actu.

2860 1878 3179 1969 Amplius
3210 1888 3439 1947 autem
3471 1880 3716 1948 dicitur
3743 1881 4036 1948 calidum
4068 1903 4328 1948 unum-

2773 1985 3095 2076 quodque
3144 1987 3519 2055 secundum
3560 1987 3839 2054 modum
3881 1987 3982 2053 sui
4050 1987 4320 2067 caloriS‚

2771 2095 2865 2162 ita
2921 2095 3107 2186 quod
3172 2096 3430 2187 aliquid
3488 2096 3732 2164 dicitur
3781 2098 4101 2175 calidum,
4163 2097 4323 2188 quia

2769 2203 2924 2293 plus
2972 2203 3108 2271 alio
3164 2204 3538 2272 secundum
3570 2204 4039 2273 alterationem
4080 2205 4322 2274 caloris

2768 2311 3090 2379 immutat
3127 2335 3428 2379 sensum.
3466 2312 3745 2380 Maximi
3798 2321 4023 2381 autem
4072 2314 4320 2382 caloris

2767 2418 3013 2486 dicitur
3077 2441 3223 2487 esse
3283 2418 3416 2488 hoc
3478 2420 3663 2511 quod
3718 2420 4180 2489 inflammatur
4235 2443 4320 2490 ex

2766 2548 2949 2616 igne.

2852 2636 3022 2706 Cum
3064 2649 3295 2708 autem
3364 2662 3447 2708 ex
3513 2641 3708 2708 dic-tis
3771 2642 4090 2719 sciamus,
4126 2643 4311 2734 quod

2764 2744 3062 2814 calidum
3120 2748 3365 2815 dicitur
3429 2748 3894 2838 multipliciter
3957 2749 4141 2840 quod
4205 2759 4306 2817 est

2765 2856 2936 2923 sicut
3005 2854 3302 2932 habitus,
3383 2879 3465 2925 ex
3525 2856 3764 2924 eodem
3823 2858 4075 2924 scimus
4108 2860 4316 2926 etiam

2764 2961 3085 3054 frigidum
3130 2963 3262 3032 dici
3313 2964 3782 3055 multiplic-iter
3809 2966 3992 3057 quod
4038 2976 4139 3034 est
4197 2988 4318 3056 per

2767 3068 3049 3137 modum
3110 3071 3546 3160 privationis:
3610 3073 3770 3162 qnia
3807 3072 3861 3138 si
3906 3095 4117 3139 nnum
4157 3095 4317 3140 con-

2764 3177 3128 3245 trariorum
3206 3188 3310 3246 est
3374 3177 3758 3269 multiplex,
3819 3188 3884 3247 et
3942 3177 4308 3271 reliquum.

2764 3287 3278 3375 Consequenter
3342 3295 3569 3354 autem
3635 3296 3902 3378 oportet
3952 3287 4172 3356 dicere
4228 3289 4310 3357 de

2762 3390 3263 3482 multiplicitate
3294 3393 3452 3461 sicci
3492 3402 3559 3461 et
3596 3393 3856 3461 humidi
3899 3402 4100 3485 prout
4153 3403 4311 3462 sunt

2763 3500 2829 3565 in
2860 3497 3263 3590 corporibus
3293 3498 3591 3591 physicis
3621 3501 3853 3569 mixtis
3887 3523 3902 3568 :
3940 3501 4080 3570 haec
4126 3500 4311 3569 enim

2760 3604 3080 3675 dicuntur
3118 3605 3603 3697 multipliciter.
3660 3605 3854 3676 Sicca
3902 3609 4083 3676 enim
4131 3630 4315 3698 qum·

2759 3714 2918 3781 dam
2958 3712 3278 3782 dicuntur
3306 3716 3633 3805 potentia,
3668 3723 3736 3783 et
3762 3715 4077 3806 qua-dam
4109 3723 4306 3783 actu:

2758 3820 3011 3911 glacies
3040 3823 3223 3889 enim
3265 3843 3416 3913 quoe
3443 3822 3819 3890 secundum
3852 3832 4168 3892 naturam
4207 3831 4310 3891 est

2759 3923 3043 3994 humida
3090 3936 3273 4007 actu,
3325 3938 3392 3996 et
3442 3950 3560 4020 per
3615 3929 3925 3998 accidens
3963 3938 4065 3998 est
4103 3930 4304 4009 sicca,

2757 4057 2880 4124 per
2916 4056 2988 4101 se
3045 4043 3274 4102 autem
3331 4042 3432 4104 est
3461 4034 3768 4104 humida.
3810 4035 4013 4105 Terra
4046 4046 4304 4116 autem,

2756 4143 2953 4222 cinis,
2989 4143 3196 4212 ethis
3233 4145 3485 4213 similia
3531 4147 3808 4237 quando
3859 4146 4308 4216 infunduntur

2756 4248 3074 4330 humore,
3117 4259 3276 4319 sunt
3308 4250 3589 4320 humida
3637 4277 3757 4342 per
3786 4253 4118 4332 accidens,
4175 4277 4309 4345 po-

2752 4359 2963 4425 tentia
3039 4368 3270 4426 antem
3337 4367 3403 4426 et
3469 4383 3591 4450 per
3641 4384 3713 4428 se
3777 4370 3937 4430 sunt
3983 4362 4303 4431 siccazet

2750 4465 3025 4555 qnando
3056 4466 3218 4534 talia
3248 4490 3385 4535 non
3415 4476 3725 4557 separata
3752 4478 3908 4537 sunt
3937 4470 4022 4537 ab
4053 4468 4309 4538 humo-

2749 4596 2844 4646 re,
2889 4572 3208 4640 dicuntur
3238 4574 3306 4641 in
3337 4583 3488 4642 actu
3524 4574 3829 4653 humida,
3875 4601 3957 4645 eo
4016 4577 4202 4669 quod
4234 4579 4302 4647 in

2747 4683 2845 4749 eis
2884 4680 3101 4749 nmlta
3138 4682 3479 4772 permixta
3518 4691 3618 4751 est
3650 4681 4025 4753 humiditas
4054 4706 4294 4776 aquae:

2742 4800 3027 4882 propter
3055 4789 3343 4859 multam
3375 4800 3603 4860 autem
3635 4800 3897 4884 partem
3928 4802 4124 4862 terrae
4153 4794 4295 4861 exi·

2742 4906 3033 4967 stentem
3102 4902 3169 4967 in
3231 4899 3328 4968 eis
3392 4899 3710 4968 dicuntur
3760 4903 4059 4992 potentia
4097 4902 4298 4972 sicca.

2750 5007 2882 5075 l‘er
2909 5005 3092 5074 hunc
3119 5008 3329 5098 igitur
3356 5009 3636 5077 modum
3668 5010 3927 5080 occulte
3967 5010 4304 5104 multipli-

2746 5119 2915 5184 citer
2953 5116 3201 5184 dicitur
3238 5118 3491 5185 siccum
3525 5129 3592 5187 et
3634 5118 4020 5200 humidum,
4063 5133 4128 5191 et
4189 5146 4300 5191 ca-

2744 5223 2959 5291 lidum
3000 5232 3068 5292 et
3096 5223 3418 5313 frigidum
3445 5248 3461 5292 :
3505 5235 3571 5293 et
3601 5226 3891 5317 quilibet
3922 5228 4170 5296 modus
4199 5237 4303 5297 est

2744 5333 2990 5402 modus
3057 5333 3359 5401 veritatis
3426 5335 3491 5401 in
3558 5336 3959 5427 corporibus
3998 5336 4298 5429 physicis

2740 5443 2999 5511 mixtis.

2829 5550 2953 5617 llis
2983 5557 3214 5618 autem
3244 5549 3340 5617 sic
3361 5548 3697 5618 distinctis
3717 5558 3783 5618 et
3802 5550 4293 5639 determinatis,

2737 5659 3178 5729 manifestum
3218 5666 3320 5727 est
3375 5657 3560 5749 quod
3597 5660 3878 5752 sanguis
3906 5669 4005 5729 est
4034 5661 4294 5732 calidus

2734 5791 2860 5861 per
2885 5790 2985 5848 se,
3017 5766 3136 5834 sed
3167 5765 3341 5834 forte
3380 5765 3628 5834 intensi
3658 5774 3727 5834 et
3783 5769 4016 5858 magni
4043 5768 4291 5838 caloris
