4919 6371
2097 407 2267 476 LIB.
2321 410 2383 478 11
2432 411 2551 479 DE
2597 413 3186 496 ANIMALIBUS,
3236 417 3553 486 TRACT.
3613 417 3643 484 1

1249 574 1513 649 ctionis,
1559 576 1833 663 quando
1866 578 2195 647 scinditur
2224 583 2295 649 in
2360 585 2501 652 suis
2538 587 2741 653 costis
2776 609 2791 652 ε

1247 679 1394 747 illas
1424 681 1606 747 enim
1636 685 1854 774 aperit
1881 696 1946 755 et
1975 688 2250 770 claudit,
2275 693 2795 787 constringendo

1247 795 1312 853 ct
1341 786 1708 858 dilatando.
1729 792 1991 863 Mansio
2023 805 2251 865 autem
2283 801 2427 887 eJus
2449 806 2548 865 est
2581 800 2648 864 in
2677 819 2794 866 ca-

1243 895 1468 961 vernis
1506 904 1574 962 et
1612 897 1872 969 fissuris
1919 911 2265 992 petrarum
2323 913 2388 970 ct
2454 907 2789 972 montium

1240 999 1410 1068 sicut
1448 1001 1736 1074 lacertae.
1772 1007 1919 1075 Hoc
1947 1017 2175 1076 autem
2208 1010 2457 1077 animal
2488 1034 2610 1101 pro
2640 1035 2790 1081 cer-

1241 1114 1306 1175 to
1348 1120 1449 1177 cst
1494 1111 1578 1180 de
1641 1135 1890 1203 genere
1947 1112 2303 1194 stellioniS,
2374 1126 2441 1185 et
2493 1117 2621 1187 hoc
2686 1129 2786 1188 est

1235 1218 1417 1306 quod
1445 1217 1694 1309 vulgus
1725 1228 1927 1287 vocat
1964 1221 2311 1304 dracones,
2345 1233 2413 1293 et
2440 1226 2511 1293 in
2548 1227 2783 1319 vulga-

1232 1324 1284 1389 ri
1317 1332 1552 1391 nostro
1593 1333 1881 1393 vocatur
1938 1327 2285 1398 lintwrom
2351 1334 2536 1423 quod
2582 1344 2780 1402 sonat

1228 1431 1472 1496 vermis
1502 1430 1701 1509 tilioe,
1737 1442 1856 1500 aut
1908 1438 2155 1504 vermis
2189 1437 2404 1505 silvae.
2448 1438 2627 1508 Raro
2660 1463 2779 1508 au-

1224 1543 1362 1601 tem
1391 1534 1661 1605 videtur
1696 1540 1951 1613 animal
1988 1542 2172 1610 istud
2203 1565 2218 1610 :
2264 1545 2424 1634 quia
2483 1555 2585 1614 est
2618 1547 2771 1614 val—

1224 1637 1305 1705 de
1342 1640 1519 1731 pigri
1549 1651 1780 1711 motus
1816 1653 1886 1713 et
1913 1645 2111 1713 multi
2149 1649 2425 1729 somnii,
2494 1660 2770 1741 propter

1220 1745 1472 1815 multos
1511 1756 1578 1817 et
1603 1772 1880 1840 grossos
1925 1750 2251 1823 humores
2297 1774 2479 1847 ⁴quos
2535 1757 2761 1844 habet,

1217 1859 1284 1919 et
1318 1854 1827 1943 spissitudinem
1853 1880 1997 1929 suae
2058 1861 2278 1952 pellis.
2340 1863 2472 1933 Ubi
2535 1875 2763 1937 autem

1212 1980 1488 2029 carnem
1526 1970 1596 2030 et
1622 1967 2029 2055 sanguinem
2067 1991 2208 2038 non
2236 1971 2442 2041 habet
2472 1975 2540 2042 in
2598 1998 2760 2044 cor-

1207 2089 1394 2157 pore,
1435 2068 1529 2136 ibi
1558 2069 1768 2141 habet
1791 2073 1979 2144 aliud
2015 2080 2401 2149 membrum
2450 2093 2519 2151 et
2545 2084 2755 2153 alium

1208 2170 1568 2244 humorem
1597 2176 1749 2246 loco
1778 2182 2000 2250 carnis
2036 2192 2103 2252 et
2149 2189 2524 2278 sanguinis.

1702 3166 2003 3241 CAPUT
2068 3173 2184 3244 Vl.

1168 3905 1268 3972 De
1318 3910 1641 3981 membris
1693 3922 2084 4010 manifestis
2111 3932 2526 4000 aecimule'um
2579 3962 2711 4002 mm

1244 4017 1779 4112 quadrupedum
1815 4026 2218 4101 habentium
2272 4042 2705 4130 sanquinem,

1206 4160 1212 4174 ·
1246 4133 1312 4191 et
1336 4129 1721 4215 coctilium,
1751 4157 1909 4225 quae
1958 4149 2123 4207 sun!
2165 4165 2326 4211 oves
2364 4160 2704 4238 pennalae.

1232 4971 1558 5042 Similiter
1583 4984 1814 5046 autem
1871 4979 2176 5051 dicemus
2232 4986 2691 5060 diversitatem

1147 5090 1214 5150 et
1249 5084 1800 5157 convenientiam
1864 5093 2338 5167 membrorum
2401 5102 2695 5171 manife-

1141 5196 1403 5258 storum
1440 5190 1513 5261 in
1543 5215 1684 5264 non
1714 5198 2197 5287 generantibus
2225 5226 2312 5274 ex
2341 5214 2532 5276 utero
2560 5208 2690 5278 sibi

1138 5293 1385 5380 simile,
1416 5298 1538 5367 sed
1566 5322 1707 5369 non
1742 5303 2324 5399 quadrupedibus,
2371 5310 2692 5384 babenti-

1134 5397 1261 5468 bus
1298 5411 1528 5476 tamen
1582 5411 2017 5503 sanguinem,
2071 5415 2248 5486 sicut
2302 5429 2464 5489 sunt
2524 5443 2685 5493 aves

1133 5529 1202 5575 m
1223 5530 1476 5599 genere
1505 5536 1660 5584 suo.
1772 5588 1780 5596 ,
2387 5548 2390 5549 ἢ

1214 5611 1540 5689 Dicamus
1569 5620 1816 5713 igiturf
1860 5626 2049 5716 quod
2112 5630 2354 5701 multa·
2381 5633 2683 5706 volatilia

1129 5717 1382 5791 habent
1480 5718 1693 5801 etiam
1778 5731 2096 5803 membra
2164 5741 2681 5831 proportionata

4360 427 4479 494 181

2906 588 3233 654 membris
3264 590 3607 655 dictorum
3628 589 4034 657 animalium
4058 599 4127 658 et
4147 590 4475 661 hominis,

2903 693 3230 771 Quaedam
3264 698 3453 764 enim
3505 697 3815 785 ipsorum
3860 709 4066 788 caput
4122 700 4378 770 habent
4411 711 4479 770 et

2898 799 3151 868 collum
3179 812 3246 871 et
3283 804 3569 870 dorsum
3614 826 3629 869 ε
3679 813 3745 871 et
3786 808 3854 871 in
3909 810 4309 896 corporibus
4349 834 4475 879 eo-

2895 930 3049 977 rum
3088 919 3191 979 est
3219 913 3528 980 anterius
3575 920 3640 979 et
3699 915 4066 1002 posteriuS,
4137 925 4205 983 et
4266 940 4469 1008 supe-

2893 1017 3033 1084 rius
3071 1027 3136 1086 et
3166 1019 3479 1100 inferius,
3507 1029 3575 1086 et
3614 1018 3934 1087 dextrum
3967 1029 4034 1089 et
4062 1023 4416 1092 sinistrum
4447 1050 4463 1093 ε

2890 1132 2953 1191 et
2984 1123 3243 1193 habent
3268 1126 3664 1193 membrum
3732 1128 4151 1208 conveniens
4206 1131 4465 1218 pectori

2887 1230 2957 1297 in
2989 1253 3126 1321 quo
3156 1231 3543 1322 spiritualia
3580 1254 3732 1309 sua,
3797 1255 3948 1323 quae
3996 1242 4155 1302 sunt
4212 1258 4333 1304 cor
4396 1245 4467 1305 et

2882 1337 3143 1427 pulmo,
3188 1343 3658 1408 continentur.
3708 1338 3929 1408 Omne
3973 1350 4204 1410 autem
4261 1343 4463 1411 vola-

2882 1446 2996 1513 tile
3035 1446 3436 1535 plumosum
3470 1445 3676 1513 habet
3705 1449 4264 1517 convenientiam
4294 1473 4454 1519 cum

2882 1551 3258 1623 hominein
3303 1577 3599 1622 numero
3649 1555 3957 1645 pedum:
4025 1557 4146 1625 sed
4191 1557 4454 1627 flexura

2880 1661 3157 1752 poplitis
3186 1664 3334 1752 ejus
3364 1672 3468 1731 est
3497 1665 3674 1731 sicut
3700 1663 4221 1755 quadrupedum
4251 1689 4269 1735 ε
4302 1666 4450 1738 haec

2870 1769 3054 1835 enirn
3084 1779 3414 1837 curvatur
3440 1770 3808 1860 posterius.
3871 1770 4155 1839 Nullum
4212 1780 4445 1842 autem

2864 1878 3151 1946 omnino
3180 1877 3463 1947 volatile
3494 1878 3895 1969 plumosum
3925 1888 3993 1948 et
4064 1889 4441 1971 pennatum

2862 1984 3061 2052 nobis
3091 1994 3359 2064 notum,
3395 1985 3608 2054 habet
3655 1986 3866 2076 pedes
3931 1971 4305 2056 anteriores
4341 1998 4437 2064 ‚ut

2859 2115 3157 2162 manus:
3227 2095 3349 2164 sed
3401 2093 3557 2163 loco
3626 2094 3903 2163 illorum
3956 2097 4430 2166 membrorum

2855 2199 3063 2269 habet
3090 2202 3258 2282 alus,
3291 2225 3377 2271 eo
3408 2201 3599 2294 quod
3629 2203 4020 2270 membrum
4060 2213 4166 2273 est
4182 2227 4428 2296 appro-

2852 2309 3148 2399 priatum
3177 2311 3444 2380 volatili
3477 2320 3808 2401 pennato,
3851 2320 3918 2380 et
3946 2311 4031 2379 ab
4061 2311 4195 2382 boc
4219 2315 4423 2383 vola-

2851 2415 2977 2483 tile
3001 2425 3309 2487 vocatur.
3361 2416 3609 2486 Ancha
3646 2426 3879 2486 autem
3928 2419 4252 2500 volatilis,
4286 2420 4421 2493 boc

2849 2531 2979 2607 est,
3009 2547 3089 2593 os
3135 2525 3221 2592 ad
3287 2525 3478 2616 quod
3544 2524 3800 2616 ligatur
3852 2548 4007 2595 crus
4071 2528 4246 2618 ejus,
4314 2541 4420 2601 est

2847 2629 3055 2722 longa
3091 2632 3337 2701 similis
3379 2654 3576 2701 coxae
3625 2631 4089 2723 quodrupedis
4136 2635 4422 2706 anima-

2845 2737 3040 2819 lium,
3083 2748 3150 2808 et
3206 2740 3515 2808 adhaeret
3580 2741 3854 2831 corpori
3911 2741 4058 2830 ejus
4114 2745 4309 2833 quasi
4375 2769 4417 2816 a

2844 2846 3052 2916 latere
3091 2848 3296 2916 medii
3328 2848 3594 2918 ventris
3627 2869 3643 2914 ε
3680 2857 3750 2916 et
3794 2846 3930 2917 hoc
3983 2847 4191 2919 babet
4246 2874 4417 2942 pro-

2838 2957 3064 3046 prium
3096 2980 3217 3048 per
3252 2956 3446 3048 quod
3476 2979 3518 3026 a
3555 2956 3898 3049 gressibili
3921 2956 4405 3051 distinguitur:

2837 3072 2906 3132 et
2943 3064 3097 3134 ideo
3129 3074 3413 3157 putatur
3440 3087 3590 3133 esse
3618 3086 3798 3133 coxa
3835 3065 4110 3156 quando
4149 3068 4410 3137 scindi-

2834 3165 3334 3236 turavolatili.
3387 3164 3579 3235 Coxa
3615 3188 3783 3234 vero
3841 3165 4165 3248 volatilis,
4226 3169 4405 3241 sicut

2834 3275 3156 3351 diximus,
3190 3284 3294 3344 est
3357 3296 3438 3343 os
3493 3272 3667 3342 illud
3724 3274 3913 3365 quod
3983 3299 4142 3344 cum
4196 3299 4400 3347 carne

2831 3383 2960 3451 sibi
2991 3383 3412 3464 adhaerente,
3444 3384 3771 3452 continue
3794 3382 3978 3471 jacet
4005 3384 4182 3453 inter
4242 3408 4399 3456 crus

2828 3498 2896 3559 et
2922 3489 3313 3561 membrum
3343 3487 3609 3568 anchae,
3643 3490 3809 3581 quia
3837 3489 4137 3560 adhaeret
4191 3491 4397 3563 dorso

2826 3596 3151 3666 volatilis.

2911 3703 3157 3774 Adhuc
3183 3714 3418 3775 autem
3451 3707 3523 3773 in
3550 3705 3883 3774 membris
3913 3707 4060 3773 istis
4114 3705 4399 3777 diversi·

2821 3815 3111 3882 ficantur
3137 3812 3449 3882 volatilia
3496 3835 3511 3881 ε
3564 3812 3895 3904 quoniam
3945 3834 4151 3882 omne
4204 3814 4398 3884 vola·

2824 3922 2934 3989 tile
2976 3944 3184 4013 rapax
3209 3944 3588 3993 curvorum
3617 3921 3957 4012 unguium
4005 3922 4394 4012 proportio-

2817 4053 2901 4097 ne
2931 4030 3240 4120 corporis
3265 4028 3376 4097 sui
3416 4036 3524 4096 est
3573 4049 3991 4118 magnarum
4055 4050 4386 4098 coxarum

2812 4145 2880 4205 et
2926 4137 3221 4228 pectoris
3249 4135 3557 4205 fortioris
3583 4157 3797 4227 quam
3823 4131 4012 4204 aliud
4074 4135 4379 4210 volatile.

2898 4245 3088 4316 Medi
3116 4256 3350 4317 autem
3400 4245 3789 4338 specierum
3829 4243 4217 4316 volatilium
4248 4270 4386 4317 no-

2809 4351 3160 4423 minantur
3184 4354 3391 4424 valde
3420 4351 3651 4431 multi,
3684 4353 3770 4420 de
3800 4350 4050 4443 quibus
4107 4377 4250 4423 non
4277 4363 4385 4425 est

2808 4456 3210 4552 Philosophi
3239 4460 3470 4529 iacere
3497 4459 3953 4538 mentionem,
3978 4459 4099 4528 sed
4124 4482 4387 4530 conve-

2806 4564 3098 4634 nientias
3134 4576 3201 4635 et
3231 4565 3661 4635 differentias
3706 4586 4115 4634 communes
4171 4565 4245 4634 in
4279 4567 4382 4636 eis

2801 4673 3233 4745 considerare
3276 4697 3297 4744 ε
3340 4696 3431 4743 ex
3497 4670 3607 4741 his
3663 4680 3899 4743 autem
3963 4672 4382 4745 sufficienter

2801 4780 3013 4849 scitur
3067 4789 3317 4851 natura
3343 4802 3619 4850 eorum.
3662 4778 4102 4850 Conveniunt
4139 4789 4373 4851 autem

2800 4909 3040 4956 omnes
3070 4887 3260 4957 modi
3293 4888 3684 4978 specierum
3758 4885 4147 4955 volatilium
4203 4908 4374 4978 pen·

2798 5003 3117 5063 natorum
3186 4997 3255 5064 in
3311 4992 3477 5075 hoc,
3548 4993 3738 5085 quod
3810 5015 4052 5062 omnes
4115 4990 4373 5065 habent

2794 5101 3039 5193 pedem
3076 5103 3226 5173 siue
3254 5102 3531 5194 pectine
3559 5102 3759 5193 quasi
3788 5124 3827 5168 a
3864 5099 4165 5192 quodam
4202 5123 4372 5171 cen-

2796 5217 2900 5279 tro
2938 5210 3239 5280 divisum
3277 5211 3354 5278 in
3383 5210 3640 5301 digitos
3669 5206 3953 5289 multos,
3976 5209 4095 5301 qui
4133 5215 4367 5281 tamen

2792 5316 2929 5388 fere
2960 5320 3029 5388 in
3060 5319 3391 5390 omnibus
3417 5326 3722 5410 quatuor
3768 5318 4257 5387 inveniuntur:
4300 5326 4369 5389 et

2788 5435 3017 5516 partes
3097 5428 3383 5520 quidem
3435 5426 3696 5495 lissurae
3767 5426 4142 5495 multorum
4208 5433 4371 5497 sunt

2788 5533 3266 5605 distinctorum
3342 5558 3383 5602 a
3452 5557 3527 5601 sc
3599 5532 3901 5602 invicem
3957 5533 4361 5627 digitorum,

2785 5640 2959 5710 sicut
2987 5664 3151 5711 aves
3181 5663 3324 5710 non
3363 5640 3689 5709 natatiles
3744 5637 4001 5711 habent
4051 5639 4306 5732 digitos
4337 5663 4358 5710 ε

2784 5749 2904 5818 sed
2928 5752 3408 5841 aquaticarum
3437 5748 3679 5818 avium
3705 5757 3776 5819 et
3809 5750 4195 5819 natantium
4229 5748 4361 5818 sic-
