4919 6371
577 447 704 515 276

578 624 858 683 extensa
888 605 1203 673 continue
1246 620 1459 689 usque
1493 595 1578 662 ad
1638 593 1944 668 interim,
2015 590 2137 655 sic·

578 726 652 783 ut
682 722 781 781 est
811 729 1126 798 expresse
1164 705 1395 772 videre
1438 703 1508 768 in
1573 698 1880 776 animali,
1957 693 2137 784 quod

581 823 742 889 laha
771 825 1053 885 vocatur
1088 837 1101 880 z
1150 813 1269 881 sed
1299 822 1530 880 tamen
1574 793 1773 898 nigro
1815 805 1894 872 dc
1963 801 2135 868 lahae

582 929 806 996 minor
824 934 925 992 est
956 923 1308 1015 nigredine
1341 920 1680 986 dictorum
1705 909 2131 980 animalium.

583 1036 701 1103 Est
730 1042 958 1102 autem
988 1030 1169 1107 laha,
1205 1035 1280 1094 ut
1310 1032 1614 1116 putatur,
1647 1016 1918 1086 testudo
1945 1015 2139 1101 nigra

582 1144 723 1212 sive
755 1143 959 1210 domo
998 1138 1255 1206 vadens
1294 1136 1366 1202 in
1416 1130 1629 1197 silvis.
1695 1120 1965 1192 Animal
2022 1142 2137 1186 au·

578 1259 716 1319 tem
747 1246 1069 1316 conchale
1108 1244 1252 1307 sive
1282 1239 1532 1305 haheat
1572 1239 1839 1323 portam
1898 1249 2130 1302 unam,

578 1359 718 1424 sive
747 1355 938 1429 duaS,
985 1351 1054 1416 in
1093 1346 1436 1415 creatione
1469 1341 1574 1407 sui
1607 1336 1910 1427 corporis
1979 1333 2141 1400 assi-

585 1465 861 1533 milatur
890 1459 994 1526 his
1017 1478 1165 1549 quae
1195 1455 1496 1522 diximus
1527 1446 1902 1518 secundum
1926 1465 2137 1510 unum

585 1572 892 1647 modum,
928 1576 993 1635 et
1021 1563 1518 1633 diversificatur
1547 1558 1631 1627 ab
1654 1580 1735 1625 eo
1768 1552 2137 1623 secundum

584 1678 818 1746 alium.
863 1674 1011 1742 Iloc
1050 1673 1233 1740 enim
1274 1667 1529 1737 animal
1570 1661 1779 1730 habet
1808 1664 2010 1748 caput
2075 1665 2133 1722 et

584 1787 717 1853 cluo
749 1805 1002 1852 cornua
1034 1787 1099 1847 et
1137 1801 1215 1845 os
1253 1774 1505 1865 linguae
1545 1768 1766 1838 simile
1805 1789 1820 1833 ε
1851 1764 1968 1833 sed
1999 1763 2141 1829 haec

589 1915 727 1961 non
766 1888 1292 1956 manifestantur
1359 1881 1428 1947 in
1506 1876 1734 1968 parvis
1791 1875 1934 1940 sive
2008 1870 2143 1937 sint

588 2007 882 2077 mortua,
925 1995 1054 2064 hoc
1086 2000 1211 2071 est,
1258 1985 1667 2066 immobilia,
1720 1983 1864 2052 sive
1912 2001 2142 2047 move-

590 2116 811 2176 antur.

676 2222 1058 2292 Membrum
1100 2229 1331 2286 autem
1362 2211 1548 2305 quod
1578 2229 1782 2299 supra
1823 2205 2143 2273 nomina-

586 2334 835 2416 vimus,
870 2328 1123 2398 seilicet
1170 2344 1475 2399 mareon,
1546 2326 1646 2386 est
1697 2317 1763 2383 in
1824 2313 2141 2381 omnibus

588 2440 684 2508 eis
712 2441 854 2507 sive
885 2435 1179 2505 habeant
1199 2453 1409 2500 unam
1442 2435 1739 2518 portam,
1763 2423 1906 2490 sive
1929 2420 2095 2487 duas
2122 2441 2137 2485 ε

589 2549 703 2617 sed
754 2555 981 2614 tamen
1046 2565 1184 2610 non
1260 2546 1420 2608 sunt
1476 2534 1619 2603 hoec
1671 2533 1739 2598 in
1798 2550 1937 2597 uno
1993 2526 2141 2595 loco

582 2677 945 2745 corporum
1036 2670 1299 2723 eornm,
1386 2665 1608 2733 neque
1682 2647 1782 2707 est
1859 2632 2144 2724 {equali-

587 2774 692 2832 tas
730 2764 1064 2830 dictorum
1133 2754 1604 2824 membrorum
1646 2750 1716 2815 in
1767 2744 2087 2814 omnibus
2124 2765 2138 2808 :

590 2872 913 2963 qnoniam
990 2866 1120 2933 hoe
1178 2860 1563 2931 membrum
1626 2854 1806 2945 quod
1869 2873 2140 2917 mareon

588 2978 1008 3057 νῡοῑινὶιιιυε,
1079 2968 1374 3038 multum
1444 2963 1792 3031 invenitur
1866 2957 2141 3024 inst-rins

583 3086 1066 3179 profundatum
1127 3082 1196 3147 in
1266 3095 1550 3166 corpore
1631 3073 1699 3138 iu
1777 3092 1858 3137 eo
1918 3076 2140 3133 ostreo

583 3194 765 3287 quod
804 3191 1035 3261 rubem
1068 3196 1378 3256 vocatur.
1416 3183 1490 3250 ln
1541 3180 1640 3249 eis
1706 3184 1932 3245 autem
1991 3196 2141 3265 qum

586 3304 753 3371 duas
817 3300 1066 3369 liabent
1151 3303 1408 3387 portas,
1491 3288 1840 3358 iuvenitur
1931 3304 2139 3374 prope

585 3410 968 3480 membrum
1002 3403 1372 3474 rotundum
1433 3401 1500 3465 in
1553 3420 1701 3488 quo
1758 3403 1910 3460 sunt
1982 3413 2135 3467 ova,

584 3523 757 3587 sicut
799 3520 866 3584 in
906 3512 1180 3584 animali
1216 3508 1399 3601 quod
1444 3506 1693 3573 dicitur
1739 3511 1938 3569 mesa!
1974 3521 1989 3565 :
2044 3507 2142 3564 ta-

580 3649 737 3695 mvn
789 3627 915 3691 ista
983 3618 1292 3688 membra
1350 3611 1895 3684 manifestantur,
1966 3606 2138 3673 sicut

575 3734 871 3800 diximus
910 3727 1248 3819 superius,
1293 3723 1361 3789 in
1408 3719 1729 3811 magnis:
1784 3716 1854 3783 in
1912 3712 2139 3804 parvis

576 3848 804 3909 antem
833 3860 970 3906 non
993 3834 1163 3904 adeo
1194 3838 1352 3899 sunt
1376 3826 1759 3900 manifesta,
1784 3828 1901 3889 aut
1932 3820 2135 3887 etiam

589 3949 870 4016 omnino
909 3941 1296 4013 occultata:
1347 3942 1626 4028 propter
1683 3928 1863 4022 quod
1933 3925 2136 3995 etiam

592 4055 943 4124 manifesta
974 4058 1130 4117 sunt
1167 4048 1237 4115 iu
1277 4051 1499 4125 ansat,
1542 4038 1725 4131 qnod
1752 4037 1931 4103 idem
1954 4032 2135 4124 qnod

588 4160 765 4253 apud
794 4183 922 4228 nos
950 4167 1050 4226 est
1078 4153 1260 4248 quod
1328 4158 1568 4244 pecten
1626 4166 1954 4235 maguum
1995 4163 2009 4207 :
2072 4148 2137 4206 et

590 4269 734 4338 liaec
796 4274 950 4335 sunt
1017 4262 1330 4356 quaedam
1386 4257 1613 4327 ostrea
1670 4275 1821 4344 quae
1887 4246 2139 4317 habent

587 4400 794 4444 unam
826 4380 1091 4466 portam
1157 4368 1367 4437 latam
1425 4363 1510 4432 ad
1564 4359 1847 4429 modum
1907 4354 2141 4443 cujus-

589 4483 744 4552 dam
773 4477 1205 4571 coopertorii,
1239 4474 1412 4544 sicut
1443 4477 1547 4538 est
1584 4466 1872 4537 latitudo
1936 4462 2143 4552 pecti·

588 4591 718 4658 nis.
762 4588 980 4656 Locus
1009 4608 1172 4653 vero
1203 4582 1426 4651 exitus
1482 4572 1972 4667 superfluitatis
2038 4575 2138 4635 est

591 4699 657 4766 in
699 4720 834 4764 una
863 4703 1051 4786 parte
1102 4690 1409 4781 corporis
1444 4708 1458 4753 :
1522 4694 1586 4752 et
1619 4683 1731 4750 illa
1790 4675 2141 4769 superflui·

588 4816 715 4883 tas,
747 4805 917 4873 sicut
945 4799 1270 4875 diximus,
1313 4792 1628 4885 dirigitur
1678 4787 2013 4879 superius,
2076 4791 2139 4849 et

590 4922 688 4982 est
718 4914 786 4980 in
815 4910 950 4980 tela
988 4915 1271 4977 retenta.
1306 4901 1483 4971 lllud
1521 4920 1686 4967 vero
1719 4894 1900 4987 quod
1932 4914 2141 4959 voc-a-

590 5029 700 5087 tur
726 5042 925 5087 orum
947 5016 1153 5108 liujus
1173 5009 1517 5086 animalis,
1552 5028 1690 5074 non
1723 5001 1928 5070 habet
1959 4999 2141 5065 viam

591 5151 711 5219 per
748 5148 953 5219 quam
993 5129 1190 5192 exeat
1238 5120 1307 5187 in
1365 5115 1495 5185 hoc
1552 5107 1858 5185 animali,
1919 5114 1984 5175 ct
2041 5112 2141 5171 est

590 5233 885 5324 positum
924 5252 1132 5322 super
1156 5247 1431 5297 carnem
1462 5222 1610 5310 ejus
1640 5214 1946 5289 interius,
1982 5233 2145 5302 qua-

589 5342 646 5410 si
675 5348 851 5409 esset
887 5339 1107 5409 nodus
1161 5351 1560 5404 excrescens
1618 5347 1702 5393 ex
1750 5323 1894 5414 ipsa
1939 5342 1956 5387 ε
2003 5340 2141 5385 non

589 5451 814 5515 autem
853 5444 1132 5536 ponitur
1159 5442 1230 5509 in
1261 5436 1585 5507 intestino
1624 5430 1857 5523 aliquo
1893 5447 1909 5493 τ
1950 5422 2143 5511 cujus

589 5555 860 5646 signum
924 5560 1051 5634 est,
1112 5548 1298 5641 quod
1372 5540 1743 5635 aliquando
1800 5533 2145 5603 invenitur

588 5682 795 5730 ovum
828 5659 897 5727 in
924 5661 1116 5748 parte
1144 5653 1410 5729 dextra,
1455 5658 1520 5717 et
1575 5643 1974 5714 intestinum
2032 5637 2147 5704 iu-

585 5768 855 5837 venitur
873 5767 942 5834 in
971 5771 1160 5858 parte
1187 5759 1487 5829 sinistra.
1526 5750 1919 5824 Secundum
1948 5743 2145 5844 ,huno

1580 425 1658 491 l).
1714 419 1911 487 ΑΕΒ.
1966 414 2178 483 MAG.
2232 412 2437 481 ORD.
2494 413 2793 481 PRAED.

2248 587 2457 676 igitur
2496 586 2780 653 modum
2824 586 3040 651 exitus
3073 591 3170 650 est
3219 578 3702 671 superfluitatis
3730 578 3797 641 in

2245 696 2486 762 ostreis
2538 719 2693 786 quae
2770 695 3087 762 diximus.
3152 693 3227 758 In
3298 694 3516 759 modis
3570 697 3800 757 autem

2242 800 2641 868 animalium
2703 801 2813 892 qui
2856 808 3184 868 vocantur
3243 799 3444 889 lupen
3505 803 3792 887 ayrestC,

2244 931 2321 974 eo
2353 907 2536 996 quod
2572 909 2639 973 in
2683 931 2846 997 agro
2874 910 3079 996 ejecta
3123 907 3584 983 inveniuntur,
3642 924 3794 993 quae

2241 1022 2303 1079 et
2335 1012 2586 1102 vulgus
2621 1021 2820 1081 vocat
2850 1012 3203 1080 auriculas
3240 1015 3478 1091 mat-12³,
3505 1035 3583 1079 eo
3608 1008 3792 1100 quod

2242 1120 2488 1187 similia
2521 1121 2654 1189 sint
2685 1120 3029 1200 auriculiS‚
3073 1128 3230 1187 sunt
3268 1120 3486 1187 exitus
3553 1140 3795 1209 super-

2245 1228 2521 1295 tluitatis
2562 1251 2800 1296 eorum
2832 1227 2956 1295 sul)
2998 1235 3166 1294 testa
3209 1248 3223 1291 :
3263 1234 3327 1292 ct
3359 1224 3448 1291 ibi
3490 1213 3794 1291 testa‘est

2242 1335 2576 1424 perforata
2618 1336 2704 1402 ad
2734 1342 3021 1425 partem,
3074 1356 3194 1423 per
3248 1331 3430 1422 quod
3489 1330 3795 1397 foramen

2242 1442 2522 1509 distillat
2552 1443 3005 1532 superfluitas
3065 1440 3330 1506 liabent
3378 1446 3604 1505 autem
3656 1435 3800 1503 haec

2243 1558 2550 1616 ventrem
2585 1549 2711 1616 sub
2752 1571 2868 1616 ore
2907 1547 3227 1638 positum.
3267 1545 3348 1613 Et
3386 1545 3499 1635 qui
3542 1543 3802 1611 deside-

2246 1665 2341 1723 rat
2413 1655 2729 1722 onmium
2789 1653 3033 1722 horum
3120 1651 3366 1720 habere
3451 1651 3797 1733 notitiam,

2244 1770 2511 1851 oportet
2545 1761 2730 1851 quod
2753 1760 3059 1851 inspiciat
3092 1760 3373 1826 istorum
3397 1755 3797 1824 animalium

2244 1870 2696 1935 anatomiam.

2783 2843 3072 2911 ‹31³th
3139 2840 3253 2907 lv.

2247 3592 2347 3657 Dc·
2385 3596 2642 3654 natura
2690 3594 2754 3652 et
2774 3577 3214 3673 de‘spose’lione
3267 3569 3597 3638 aninmlis
3653 3588 3799 3631 mc·-

2333 3695 2436 3763 dii
2486 3694 2663 3761 inter
2698 3689 2970 3759 animal
3021 3685 3210 3752 ‹Ium-
3256 3689 3438 3747 eestae
3466 3686 3531 3744 et
3558 3672 3795 3743 mollis

2332 3810 2538 3878 testa·⁹
2573 3797 2764 3891 quod
2797 3793 3229 3864 assimilatur
3273 3806 3560 3854 arone-2.

2338 4660 2445 4726 Est
2497 4663 2727 4721 autem
2803 4645 3144 4740 quoddam
3219 4662 3435 4727 genus
3480 4632 3796 4704 animalis

2248 4764 2548 4834 medium
2583 4759 2758 4826 inter
2793 4776 2873 4823 ea
2902 4771 3050 4842 quae
3108 4755 3262 4815 sunt
3312 4741 3539 4811 mollis
3575 4747 3792 4813 testa»,

2246 4885 2305 4940 ot
2340 4896 2415 4939 ea
2458 4890 2612 4959 qua²
2649 4871 2805 4932 sunt
2836 4861 3018 4928 durae
3076 4862 3263 4925 testoe
3306 4873 3321 4919 ε
3384 4848 3500 4917 sed
3567 4855 3796 4914 tamen

2245 4981 2464 5071 magis
2500 4975 2822 5045 convenit
2858 4989 3015 5038 cum
3045 4964 3151 5033 liis
3186 4983 3337 5053 qua²
3379 4965 3538 5026 sunt
3570 4952 3799 5022 mollis

2247 5098 2431 5159 testa·
2468 5109 2482 5152 τ
2520 5085 2683 5176 quia
2720 5101 2842 5172 per
2894 5074 3025 5143 hoc
3081 5067 3264 5162 quod
3320 5064 3526 5134 habet
3591 5059 3802 5152 pedes

2248 5201 2466 5271 fissos,
2500 5192 2774 5260 videtur
2799 5207 2945 5254 esse
2971 5183 3039 5249 in
3060 5197 3308 5271 genere
3345 5190 3746 5242 cancrorum
3777 5188 3794 5233 ε

2248 5310 2376 5379 hoc
2398 5305 2585 5374 enim
2608 5294 2861 5369 animal
2883 5295 2953 5361 in
2975 5290 3293 5380 adspectu
3314 5281 3587 5374 quidem
3617 5285 3802 5346 exte·

2248 5418 2409 5489 riori
2441 5406 2857 5480 assimilatur
2893 5400 2975 5468 ad
3017 5395 3273 5466 karalio
3307 5413 3324 5460 :
3366 5387 3484 5458 sed
3543 5388 3611 5454 in
3670 5382 3799 5452 hoc

2248 5521 2430 5617 quod
2464 5521 2672 5585 intrat
2708 5520 2774 5579 et
2805 5514 3032 5577 manet
3078 5506 3148 5571 in
3204 5505 3375 5567 testa
3440 5491 3802 5583 congenita

2248 5632 2401 5707 sibi,
2447 5629 2621 5693 sient
2661 5616 2912 5690 animal
2940 5613 3135 5702 cujus
3170 5605 3421 5677 creatio
3451 5612 3554 5673 cst
3610 5600 3806 5693 posi-

2248 5751 2315 5810 ta
2346 5762 2430 5808 ex
2462 5741 2636 5803 testa
2672 5728 2868 5805 dura,
2909 5719 3304 5792 affinitatem
3334 5715 3541 5782 ctiam
3598 5707 3807 5777 habet.
