4919 6371
509 358 638 423 648

512 520 695 588 enim
737 513 1025 604 pedibus
1084 510 1538 577 anterioribus
1598 534 1739 576 non
1795 520 2077 577 utuntur

510 627 593 693 ad
641 620 1138 690 ambulandum
1177 626 1469 697 tanturn,
1532 617 1686 695 sed,
1708 642 1867 685 cum
1915 618 2074 707 ipsis

512 735 719 799 ctiam
771 714 1112 816 accipiunt
1163 726 1391 794 cibum
1435 733 1500 793 et
1531 726 1668 793 alia
1719 749 1926 815 opera
1975 725 2078 791 fa-

513 841 701 907 ciunt
728 837 901 903 sicut
928 836 1088 903 facit
1114 833 1326 902 homo
1367 857 1520 901 curn
1557 855 1797 898 manu.
1825 833 1908 898 Et
1937 830 2079 898 haec

513 955 615 1013 est
654 967 884 1026 causa,
939 965 1150 1033 quare
1214 940 1376 1008 talia
1440 938 1769 1007 animalia
1828 938 2080 1006 habent

514 1052 764 1120 multos
805 1060 871 1119 et
900 1048 1146 1138 longos
1168 1048 1441 1137 digitos,
1476 1051 1552 1111 ut
1582 1044 1667 1109 ad
1703 1067 1905 1109 usum
1929 1065 2082 1109 ma-

513 1185 642 1229 nus
695 1184 814 1250 pes
872 1162 1315 1249 praeparetur.
1371 1149 1792 1240 Elephantes
1855 1158 2078 1216 autem

514 1272 673 1359 quia
712 1291 851 1335 non
901 1264 1158 1332 habent
1207 1261 1461 1327 multos
1490 1259 1748 1347 digitos
1782 1261 1849 1325 in
1885 1258 2082 1347 pedi-

506 1378 636 1445 bus
676 1396 941 1451 eorum,
995 1393 1077 1438 eo
1111 1368 1296 1460 quod
1343 1390 1481 1434 non
1550 1377 1712 1434 sunt
1767 1369 1954 1434 scissi
2009 1374 2078 1431 ut

511 1487 724 1554 fortes
756 1486 1158 1548 remaneant
1205 1477 1292 1545 ad
1336 1498 1586 1566 corpus
1616 1476 2083 1563 ponderosum

511 1588 1013 1665 sustinendum,
1041 1586 1125 1654 ad
1156 1583 1326 1652 nihil
1350 1582 1534 1652 aliud
1554 1590 1849 1651 utuntur
1877 1583 2038 1673 ipsis
2063 1593 2077 1635 :

522 1699 752 1791 posuit
814 1704 1060 1765 natura
1098 1716 1302 1761 usum
1358 1715 1608 1760 manus
1649 1702 1714 1759 et
1750 1692 2087 1760 anhelitus

519 1810 589 1873 in
631 1804 1037 1896 proboscide
1093 1803 1266 1870 nasi.
1321 1800 1406 1867 Et
1454 1800 1617 1890 quia
1686 1798 1942 1866 animal
1991 1808 2090 1866 est

523 1913 943 2004 aquaticum,
965 1909 1269 1999 oportuit
1292 1928 1538 1974 nasum
1572 1927 1724 1971 esse
1758 1905 2040 1995 longum
2070 1929 2084 1972 :

514 2020 677 2110 quia
706 2040 863 2086 cum
893 2014 1229 2106 profunde
1261 2018 1613 2102 mergatur
1635 2035 1723 2077 ex
1760 2013 2089 2101 gravitate

513 2125 849 2216 corporiS,
893 2125 962 2190 in
995 2129 1139 2190 toto
1162 2128 1540 2196 necaretur,
1570 2119 1701 2184 nisi
1748 2119 1952 2210 longa
1982 2144 2092 2186 es-

514 2243 617 2303 set
645 2232 1003 2324 proboscis
1044 2231 1265 2298 ferens
1298 2227 1678 2295 anhelitum
1722 2250 1736 2292 :
1786 2229 2091 2318 applica-

518 2342 727 2410 bilem
768 2346 997 2407 autem
1049 2338 1208 2406 fecit
1238 2339 1491 2426 ipsam,
1536 2358 1619 2401 eo
1661 2335 1854 2423 quod
1885 2336 2095 2402 utitur

522 2452 665 2540 ipsa
705 2448 858 2516 loco
895 2468 1168 2530 manus,
1211 2445 1388 2512 sicut
1435 2449 1731 2510 utuntur
1770 2443 2094 2510 animalia

520 2556 838 2648 quaedam
868 2553 1159 2645 pedibus
1190 2550 1676 2619 anterioribus,

610 2663 790 2730 Aves
813 2668 1043 2729 autem
1084 2667 1152 2726 et
1190 2664 1542 2747 serpentes
1593 2667 1656 2722 et
1694 2659 1903 2723 etiam
1945 2657 2098 2722 ani-

520 2772 728 2839 malia
805 2766 1275 2860 quadrupedia
1339 2764 1615 2833 ovantia
1688 2767 2093 2855 sanguinem

522 2879 865 2956 habentia,
909 2878 1058 2944 vias
1098 2876 1248 2942 nasi
1279 2875 1495 2942 autin
1530 2881 1758 2939 rostro
1803 2883 1919 2941 aut
1949 2897 2100 2963 pro-

526 3011 610 3079 pe
643 3010 720 3056 os
749 2986 1006 3054 habent
1044 3006 1186 3052 non
1227 2982 1647 3063 manifestas,
1704 3004 1927 3071 neque
1958 2982 2100 3048 dis-

528 3096 800 3162 tinctas·
846 3092 1148 3183 Propter
1177 3089 1363 3180 quod
1392 3089 1596 3156 etiam
1638 3085 1857 3177 aliqui
1906 3087 2100 3154 dixe-

528 3210 687 3271 runt
752 3201 899 3269 haec
969 3197 1300 3269 animalia
1356 3220 1560 3265 nasos
1621 3218 1765 3262 non
1823 3195 2093 3264 habere.

529 3310 678 3377 lloc
713 3317 943 3376 autem
988 3306 1146 3374 inde
1195 3305 1464 3384 accidit,
1517 3303 1705 3397 quod
1738 3304 1914 3371 duos
1960 3312 2099 3370 ter-

530 3417 759 3484 minos
788 3414 873 3482 ad
912 3414 1083 3481 duas
1104 3435 1305 3481 nares
1325 3434 1446 3502 per
1465 3434 1536 3478 se
1567 3411 1926 3480 distinctas
1955 3409 2098 3478 haec

528 3523 855 3593 animalia
884 3545 1026 3591 uon
1059 3520 1318 3589 habent
1349 3541 1366 3586 t
1417 3517 1534 3587 sed
1564 3517 1815 3587 ultima
1846 3519 2093 3587 distin-

521 3634 655 3701 ctio
690 3641 792 3701 est
823 3631 1023 3700 rostri
1053 3628 1163 3696 vel
1192 3627 1753 3695 mandibularum
1785 3648 2089 3694 suarum.

524 3743 611 3810 Et
648 3740 780 3810 hoc
806 3740 1083 3832 quidem
1116 3747 1271 3829 apte
1295 3735 1369 3804 fit
1401 3737 1470 3803 in
1499 3735 1774 3805 avibus,
1809 3760 1891 3805 eo
1915 3737 2094 3828 quod

519 3857 678 3916 sunt
708 3846 1044 3915 incurvati
1075 3843 1161 3912 ad
1200 3850 1359 3911 ante
1398 3843 1712 3931 corporis
1751 3865 1766 3907 :
1816 3852 2095 3934 propter

524 3955 709 4046 quod
743 3963 943 4045 eaput
992 3951 1314 4020 convenit
1388 3972 1681 4041 parvum
1716 3961 1784 4017 et
1842 3951 2091 4019 modici

516 4063 836 4156 ponderis
898 4086 1072 4141 esse,
1133 4085 1221 4129 ne
1277 4059 1542 4128 decidat
1600 4067 1667 4125 et
1727 4059 2088 4150 deprimat.

513 4172 688 4240 Aliae
720 4178 949 4238 autem
988 4169 1178 4259 longi
1208 4176 1271 4235 et
1306 4166 1516 4235 stricti
1547 4175 1710 4231 sunt
1751 4169 2081 4257 corporis,

516 4287 795 4371 propter
835 4275 1020 4367 quod
1066 4275 1288 4365 capita
1351 4274 1660 4363 ipsorum
1729 4275 1959 4341 stricta
2022 4284 2086 4341 et

512 4395 711 4456 acuta
747 4407 894 4454 esse
924 4384 1232 4474 oportuit
1275 4403 1291 4448 ε
1325 4388 1390 4449 et
1413 4379 1565 4448 ideo
1596 4381 1750 4446 nasi
1801 4381 1903 4447 sui
1938 4389 2085 4449 ter-

513 4495 741 4562 minus
772 4513 894 4583 per
920 4512 993 4558 se
1022 4511 1173 4557 esse
1203 4510 1345 4556 non
1400 4487 1648 4578 potuit.
1684 4489 1853 4577 quia
1882 4497 2084 4579 caput

511 4604 808 4693 spissum
839 4599 1107 4668 fecisset
1135 4605 1205 4666 et
1231 4596 1733 4666 inordinatum.
1762 4595 1937 4675 Quia
1967 4621 2085 4664 au-

517 4719 656 4778 tem
687 4731 848 4776 aves
869 4706 1179 4797 indigent
1204 4704 1360 4774 cibo
1392 4725 1596 4795 quem
1626 4703 1874 4790 vigore
1907 4727 2086 4794 qno-

514 4816 673 4884 dam
701 4821 974 4905 oportet
996 4810 1288 4883 evellere
1318 4818 1384 4880 et
1414 4813 1708 4901 eripere.
1748 4811 1901 4878 ideo
1931 4812 2080 4880 tecit

392 4978 403 4990 .
518 4924 616 4991 eis
646 4929 891 4991 natura
943 4928 1245 4989 rostrum
1297 4919 1468 4988 forte
1518 4918 1719 5007 quasi
1764 4918 1849 4986 de
1879 4941 2030 4987 osse
2068 4943 2083 4987 :

510 5054 662 5122 quae
690 5039 920 5098 tamen
953 5038 1173 5097 rostra
1201 5029 1430 5096 stricta
1460 5035 1615 5092 sunt
1649 5035 1937 5116 propter
1973 5050 2083 5095 ca-

505 5138 672 5229 pitis
699 5137 1136 5228 parvitatem,
1170 5142 1236 5203 et
1289 5136 1359 5202 in
1389 5134 1538 5224 ipso
1599 5141 1829 5201 rostro
1877 5157 2085 5223 supe-

505 5243 645 5311 rius
682 5243 832 5310 vias
872 5239 1125 5309 habent
1157 5239 1445 5308 olfactus
1481 5261 1496 5305 ε
1533 5248 1597 5305 et
1642 5247 1924 5327 propter
1954 5238 2079 5307 hoc

506 5347 677 5417 alios
716 5368 922 5414 nasos
949 5345 1372 5436 superfluum
1415 5351 1587 5411 esset
1631 5339 1913 5410 habere.

593 5456 749 5525 Jam
780 5461 1008 5521 autem
1049 5453 1351 5522 diximus
1379 5454 1449 5520 in
1479 5451 1866 5544 praemissis
1910 5475 2079 5521 cau-

508 5585 658 5632 sam
692 5561 776 5630 de
816 5560 1014 5628 aliter
1084 5557 1564 5628 anhelantibus
1624 5556 2070 5642 animalibus,

509 5677 787 5760 propter
813 5687 1023 5758 quam
1063 5664 1576 5755 quodammodo
1621 5660 2066 5732 anhelabant.

1507 341 1591 409 D.
1653 342 1852 411 ALB.
1907 341 2122 411 MAG.

2178 341 2381 414 ORD.
2436 346 2729 413 PRAED.

2184 510 2373 581 Sicut
2401 516 2556 581 enin
2610 539 2729 606 per
2764 539 3014 583 cannas
3061 515 3472 606 pulmonum
3513 518 3732 587 anhe-

2180 618 2321 687 lant
2348 644 2497 711 quae
2536 646 2691 692 vere
2729 625 3069 701 anhelant,
3120 626 3212 691 ita
3231 648 3351 715 per
3381 626 3722 695 branchos

2182 727 2499 795 anhelant
2533 731 2839 819 quaedam
2879 733 3201 800 animalia
3235 737 3549 825 aquatica
3582 757 3732 825 quae

2182 834 2502 902 anhelant
2552 837 3082 927 quodammodo,

2271 942 2526 1010 Praeter
2546 944 2783 1013 ambos
2799 955 3027 1014 autem
3057 948 3273 1015 dictos
3304 950 3549 1018 modos
3580 954 3737 1018 ani-

2186 1048 2319 1115 mal
2350 1049 2662 1119 annulosi
2712 1054 3012 1142 corporis
3052 1077 3175 1143 per
3203 1055 3408 1122 telam
3443 1058 3547 1124 sui
3598 1059 3739 1125 dia-

2183 1155 2600 1247 phragmatis
2630 1158 2899 1227 anhelat
2946 1185 2959 1227 ε
2994 1169 3269 1252 propter
3318 1164 3504 1253 quod
3535 1167 3741 1233 mira·

2188 1262 2409 1330 hilitcr
2428 1275 2625 1333 sonat
2663 1267 3075 1347 bombando,
3110 1270 3385 1359 quando
3419 1279 3744 1339 movetur

2186 1393 2308 1459 per
2335 1393 2582 1440 aerem.
2645 1374 2849 1442 Venit
2878 1384 3106 1444 autem
3147 1377 3426 1468 spiritus
3471 1379 3741 1447 subtilis

2185 1500 2306 1567 per
2325 1480 2614 1549 annulos
2644 1506 2802 1550 suos
2827 1484 2911 1551 ad
2951 1486 3376 1574 parietem,et
3398 1486 3734 1576 perillum

2191 1587 2471 1655 modum
2495 1593 2694 1658 sentit
2712 1594 2913 1660 etiam
2937 1593 3181 1662 odores
3207 1617 3221 1660 :
3250 1604 3533 1685 propter
3552 1596 3739 1687 quod

2188 1694 2259 1760 in
2315 1695 2562 1763 talibus
2615 1700 2681 1764 in
2713 1699 2914 1767 corde
2971 1700 3314 1790 perficitur
3355 1702 3681 1770 odoratus
3718 1725 3732 1770 :

2192 1802 2260 1866 in
2290 1804 2506 1891 capite
2535 1807 2714 1872 enim
2738 1828 2874 1873 non
2894 1817 3182 1896 possunt
3201 1807 3453 1876 habere
3477 1832 3738 1901 organa

2193 1935 2514 1979 sensuum
2545 1915 2851 1983 omnium
2892 1909 3190 2006 propter'
3213 1918 3420 1984 nimis
3451 1940 3734 2007 parvam

2194 2020 2294 2086 sui
2327 2021 2562 2109 capitis
2599 2024 3067 2112 quantitatem.
3112 2022 3333 2091 Omne
3366 2032 3596 2092 autem
3625 2049 3743 2092 an-

2193 2123 2426 2193 helans
2454 2129 2861 2217 praecipuam
2892 2127 3095 2197 habet
3117 2153 3394 2198 causam
3417 2131 3747 2200 anhelan-

2194 2234 2285 2316 di,
2345 2238 2644 2325 corporis
2703 2238 3227 2316 eventationem,
3274 2262 3431 2308 aere
3491 2239 3738 2331 frigido

2197 2345 2510 2422 intrante,
2572 2353 2635 2411 et
2693 2345 2908 2412 calido
2967 2355 3283 2425 exeunte,
3334 2349 3511 2415 sicut
3562 2348 3746 2415 dixi-

2196 2472 2349 2515 mus
2398 2450 2464 2516 in
2523 2450 2692 2517 libro
2741 2451 2822 2518 de
2870 2453 3328 2543 [respiratione
3374 2464 3440 2521 et
3494 2455 3742 2545 Respi-

2199 2558 2481 2624 ratione.
