4919 6371
1983 485 2150 551 LlB.
2204 479 2298 548 Ill
2348 479 2466 547 DE
2513 474 3103 554 ANIMALIBUS,
3156 476 3467 546 TRACT.
3524 477 3585 544 ΙΙ

1719 1519 2011 1590 CAPUT
2041 1518 2192 1586 Vll.

1188 2279 1292 2345 De
1331 2284 1589 2342 natura
1628 2281 1692 2339 el
1722 2267 2114 2336 diversitate
2130 2261 2571 2331 humiditatis
2591 2281 2736 2326 me-

1800 2372 2127 2441 dullaris.

1285 3255 1796 3342 Consequenter
1815 3255 2044 3314 autem
2076 3241 2247 3310 ratio
2277 3239 2475 3308 docet
2494 3256 2745 3327 ponere

1197 3372 1514 3432 naturam
1545 3367 1612 3428 et
1659 3356 1942 3425 modum
2000 3349 2397 3421 medullaris
2445 3342 2748 3414 humidi-

1197 3472 1357 3540 tatis
1402 3468 1781 3560 :quonium
1833 3459 2132 3530 medulla
2186 3466 2290 3526 est
2347 3477 2484 3522 una
2520 3452 2748 3520 humi-

1198 3579 1486 3647 ditutum
1517 3594 1886 3665 corporum
1911 3566 2310 3639 animalium
2342 3563 2745 3654 sanguinem

1202 3685 1627 3757 habentium.
1691 3679 1977 3773 Oportet
2033 3684 2262 3745 autem
2309 3675 2504 3750 scire,
2565 3668 2747 3761 quod

1205 3811 1449 3860 omnes
1476 3786 1920 3856 humiditates
1957 3803 2109 3873 quae
2146 3785 2303 3848 sunt
2342 3777 2411 3845 in
2441 3775 2753 3866 corpori-

1207 3897 1337 3967 bus
1374 3891 1774 3965 naturaliter
1808 3896 2079 3983 oportet
2105 3885 2436 3956 contineri
2475 3884 2546 3952 in
2575 3881 2755 3950 vasis

1210 4003 1458 4074 adhoc
1513 4000 1959 4093 praeparatis:
2004 3997 2164 4090 quia
2210 3992 2405 4061 aliter
2443 3988 2757 4058 ess'unde-

1212 4120 1445 4180 rentur
1469 4106 1876 4186 inordinate,
1918 4111 1982 4171 et
2013 4101 2327 4171 laederent
2358 4117 2668 4188 corpora,
2691 4101 2756 4160 et

1209 4225 1721 4312 putrescerent:
1765 4237 1849 4285 eo
1888 4211 2072 4304 quod
2126 4207 2403 4302 proprio
2458 4203 2753 4275 termino

1212 4349 1349 4395 non
1381 4322 1860 4392 terminantur.
1896 4317 2192 4407 Sanguis
2221 4316 2404 4384 enim
2425 4311 2618 4383 estin
2646 4332 2760 4379 ve·

1209 4434 1349 4510 nis,
1412 4440 1480 4500 et
1541 4426 1855 4497 similiter
1918 4423 2240 4493 humores
2299 4421 2413 4511 qui
2482 4423 2761 4486 currunt

1210 4565 1368 4611 cum
1409 4540 1768 4627 sanguine.

1301 4647 1501 4717 Alius
1545 4654 1772 4714 autem
1828 4640 2196 4711 humorum
2237 4637 2354 4728 qui
2403 4656 2561 4702 cum
2608 4654 2763 4699 san·

1213 4755 1420 4847 guine
1459 4775 1601 4821 non
1638 4751 1875 4829 currit,
1924 4746 2127 4816 habet
2171 4766 2299 4812 suo
2345 4738 2768 4831 receptacula

1216 4862 1691 4939 determinata,
1760 4861 1933 4927 sicut
1971 4853 2248 4926 cholera
2299 4850 2506 4921 ruben
2546 4848 2768 4918 cistim

1218 4973 1418 5049 fellis,
1461 4979 1532 5038 et
1558 4967 1867 5060 splenem
1922 4961 2401 5035 melancholia,
2434 4968 2503 5028 et
2538 4958 2637 5026 sic
2670 4964 2775 5026 est

1220 5076 1521 5149 medulla
1560 5076 1629 5143 in
1667 5072 1939 5143 ossibus
1975 5070 2061 5139 ad
2098 5069 2358 5137 ossium
2399 5065 2776 5135 nutrimen·

1216 5195 1387 5256 tuni.
1423 5181 1755 5265 Quaedam
1785 5187 2014 5249 autem
2035 5185 2195 5245 sunt
2234 5176 2302 5244 in
2333 5173 2517 5242 vasis
2546 5193 2772 5239 mem-

1214 5288 1637 5366 branulibus,
1673 5287 1901 5356 autin
1954 5283 2169 5363 corio,
2210 5289 2329 5350 aut
2387 5282 2454 5348 in
2505 5286 2767 5360 ventre,

1215 5401 1387 5467 sicut
1417 5396 1676 5467 cerebri
1706 5393 1959 5463 humor
1998 5392 2067 5459 in
2106 5390 2215 5481 pia
2250 5398 2489 5465 matre,
2525 5396 2590 5455 et
2628 5383 2776 5454 liu-

1221 5531 1447 5577 ωσι-οε
1476 5506 1657 5577 oculi
1687 5505 1759 5573 in
1789 5500 2126 5589 miringis,
2159 5506 2228 5568 et
2257 5499 2456 5566 urina
2486 5496 2555 5564 in
2574 5496 2760 5565 corio

1217 5614 1482 5694 vesicae,
1534 5623 1601 5682 et
1646 5609 2087 5681 humiditates
2143 5604 2456 5696 eliquatae
2493 5627 2536 5670 a
2587 5610 2763 5670 ster-

1221 5746 1376 5794 core
1405 5723 1666 5791 suntin
1696 5720 1881 5793 vasis
1917 5716 2198 5787 ventris.

1313 5830 1614 5902 Medulla
1641 5836 1873 5899 autem
1899 5826 2120 5918 magis
2146 5823 2562 5914 sanguinosa
2579 5818 2773 5886 estin

4261 477 4390 543 249

2832 650 3235 740 corporibus
3257 651 3593 738 juvenum
3630 648 3943 716 etmollis
3972 669 3985 713 ε
4023 647 4231 714 sedin
4255 670 4403 714 cor-

2831 760 3113 849 poribus
3145 782 3384 826 eorum
3415 759 3529 849 qui
3573 759 3639 823 in
3670 765 3865 842 aetate
3898 763 4391 845 processerunt,

2829 873 2930 934 est
2995 864 3299 932 medulla
3362 864 3636 953 pinguis
3704 862 4044 951 saginosa,
4116 863 4171 928 si
4230 862 4393 951 pin-

2829 970 3053 1062 guedo
3094 970 3452 1059 sagiminis
3512 966 3815 1034 abundat
3873 966 3939 1031 in
3987 969 4388 1056 corporibus

2833 1099 3100 1154 eorum,
3137 1083 3258 1143 aut
3279 1074 3580 1142 medulla
3600 1095 3844 1163 seposa
3875 1073 3927 1139 si
3959 1072 4132 1139 forte
4155 1095 4395 1161 sepum

2833 1184 2976 1250 sive
3015 1181 3289 1272 girbum
3331 1179 3634 1248 abundat
3682 1182 3748 1246 in
3788 1201 4027 1246 eorum
4086 1180 4399 1268 corpori-

2834 1289 2960 1356 bus
3004 1312 3019 1356 :
3066 1297 3133 1357 et
3159 1288 3365 1378 hujus
3397 1310 3599 1356 eausa
3648 1296 3772 1365 est,
3838 1287 3999 1374 quia
4043 1294 4205 1352 aetas
4237 1307 4404 1376 pro-

2833 1397 3079 1465 cedens
3119 1405 3222 1465 est
3250 1395 3460 1486 tepidi
3492 1393 3736 1462 caloris
3778 1392 3894 1483 qui
3927 1400 4213 1481 generat
4251 1414 4405 1457 san-

2833 1507 3112 1597 guinem
3170 1525 3536 1594 aquosum,
3581 1502 3698 1591 qui
3740 1501 3821 1567 de
3871 1498 4049 1566 sacili
4109 1499 4402 1589 pingue-

2833 1617 2984 1694 scit,
3028 1615 3204 1681 sicut
3235 1635 3320 1680 ex
3366 1609 3722 1679 antedictis
3754 1610 3917 1676 satis
3971 1615 4072 1674 est
4114 1606 4403 1674 manife-

2834 1728 3041 1787 stum.
3090 1717 3245 1784 Non
3276 1724 3508 1783 autem
3538 1715 3609 1780 in
3649 1712 3969 1781 omuibus
4001 1710 4269 1778 ossibus
4298 1718 4398 1778 est

2837 1825 3161 1904 medulla,
3196 1824 3316 1893 sed
3357 1824 3546 1891 estin
3605 1821 3711 1889 his
3735 1843 3884 1911 quae
3910 1828 4070 1886 sunt
4089 1841 4390 1887 conc-ava

2832 1945 3127 2004 tantum.
3176 1933 3253 1999 ln
3284 1931 3554 1999 ossibus
3587 1939 3816 1998 autem
3846 1936 4118 1995 rascetze
4148 1950 4392 1994 manus

2836 2052 2900 2111 et
2931 2042 3122 2133 pedis
3163 2037 3464 2108 medulla
3513 2060 3651 2104 non
3714 2036 4082 2116 invenitur,
4143 2042 4210 2101 et
4253 2034 4401 2123 ipsa

2837 2159 2998 2218 sunt
3016 2148 3409 2217 durissima.

2925 2256 3171 2326 Adhuc
3201 2264 3434 2322 autem
3475 2274 3614 2319 non
3645 2273 3918 2341 semper
3966 2259 4068 2316 est
4108 2247 4409 2315 medulla

2840 2371 2908 2436 in
2949 2363 3361 2457 quibusdam
3404 2359 3721 2429 concavis
3760 2358 4055 2436 ossibus,
4101 2380 4182 2424 eo
4216 2355 4402 2446 quod

2838 2478 2908 2544 in
2949 2472 3220 2542 ossibus
3252 2468 3409 2538 colli
3440 2467 3660 2535 leonis
3701 2464 3999 2533 medulla
4040 2487 4179 2531 non
4211 2463 4409 2529 inve-

2838 2585 3046 2652 nitur.
3102 2577 3438 2647 Similiter
3475 2584 3707 2643 autem
3747 2574 3816 2640 in
3857 2571 4126 2641 ossibus
4162 2592 4415 2661 porco-

2840 2714 2992 2760 rum
3031 2710 3252 2780 pauea
3288 2684 3488 2753 valde
3518 2693 3620 2751 est
3653 2681 3976 2758 medulla,
4023 2689 4089 2747 et
4142 2679 4207 2744 in
4257 2677 4415 2768 qui-

2841 2799 3129 2868 busdam
3170 2793 3359 2862 nulla
3398 2791 3684 2860 omnino
3717 2797 4022 2880 apparet.

2938 2907 3085 2974 lslae
3143 2905 3353 2996 igitur
3409 2923 3561 2992 quse
3611 2897 3801 2966 dictae
3845 2905 4005 2963 suut
4044 2891 4407 2961 humidita-

2847 3028 2971 3095 tes,
3004 3022 3162 3082 sunt
3204 3013 3274 3079 in
3305 3031 3588 3099 corpore
3622 3030 3662 3073 a
3687 3006 3905 3096 prima
3940 3002 4408 3094 generatione,

2846 3129 2908 3190 vt
2935 3141 3207 3210 semper
3226 3122 3506 3184 manent
3528 3113 3597 3177 in
3631 3111 3791 3201 ipsis
3821 3106 4149 3199 quamdiu
4166 3106 4411 3170 vivunt

2848 3226 3198 3298 animalia.
