4919 6371
1969 457 2140 525 LIB.
2188 455 2321 522 VII
2367 454 2488 522 DE
2535 451 3126 531 ANIMALIBUS,
3178 451 3489 522 TRACT.
3543 451 3639 520 111

1183 636 1317 704 lem
1350 638 1584 704 sortita
1615 640 1774 700 sunt
1803 631 2126 709 calorem,
2172 651 2444 698 necesse
2504 636 2604 695 est
2634 627 2743 693 in-

1183 743 1441 831 spirare
1475 748 1540 808 et
1571 761 1798 806 aerem
1824 738 2181 829 attingere.
2213 736 2333 803 Est
2350 742 2580 803 autem
2610 731 2742 799 hu-

1174 851 1287 938 jus
1319 846 1565 917 caloris
1605 866 1810 912 causa
1844 868 1859 912 :
1908 846 2236 936 quoniam
2288 865 2376 911 ex
2420 840 2740 908 substan-

1182 954 1277 1020 tia
1304 951 1608 1020 terrestri
1637 952 2023 1040 composita
2052 971 2328 1019 necesse
2368 955 2469 1016 est
2497 945 2736 1013 nutriri

1180 1080 1321 1125 suae
1385 1056 1847 1147 complexioni
1919 1054 2483 1148 congruentibus,
2555 1049 2738 1117 duris

1180 1164 1458 1245 scilic-et,
1530 1175 1597 1235 et
1659 1165 2094 1236 terrestribus
2142 1187 2157 1231 ε
2218 1168 2495 1251 propter
2555 1154 2739 1246 quod

1178 1274 1384 1341 etiam
1422 1275 1667 1343 fortem
1711 1280 1983 1364 oportet
2043 1291 2189 1337 esse
2229 1266 2524 1335 calorem
2555 1263 2739 1353 dige-

1176 1391 1440 1450 rentem
1478 1405 1492 1448 :
1540 1390 1791 1450 etcum
1822 1378 2236 1469 principium
2277 1373 2500 1440 omnis
2555 1371 2739 1461 dige-

1176 1489 1419 1557 stionis
1472 1490 1559 1555 sit
1625 1510 1665 1554 a
1707 1484 1937 1563 corde,
1973 1488 2243 1573 oportet
2290 1481 2361 1548 in
2416 1478 2734 1547 cordibus

1173 1618 1412 1664 eorum
1482 1616 1629 1662 esse
1696 1590 1996 1659 calorem
2060 1588 2258 1657 valde
2314 1588 2660 1656 intensum
2712 1607 2727 1650 ε

1170 1710 1454 1793 propter
1483 1701 1667 1793 quo‘d
1709 1700 2149 1792 refrigerante
2180 1697 2439 1787 indiget
2471 1704 2535 1762 et
2566 1702 2733 1762 tem-

1168 1819 1450 1902 perante
1473 1812 2010 1878 instrumentum
2034 1814 2100 1875 et
2118 1803 2509 1875 vehiculum
2531 1826 2728 1870 suum

1169 1920 1356 2010 quod
1387 1927 1489 1987 est
1537 1919 1840 2009 spiritus.
1895 1915 2060 1984 Haec
2107 1915 2316 2006 igitur
2353 1920 2454 1980 est
2499 1933 2723 1989 causa,

1169 2027 1355 2118 qnod
1386 2027 1565 2095 dicta
1594 2034 1755 2094 sunt
1785 2023 2116 2114 spirantia
2155 2044 2234 2089 ea
2255 2043 2406 2111 quae
2444 2021 2726 2110 spirant,

1169 2141 1233 2201 et
1271 2132 1732 2201 necessarium
1780 2138 1882 2199 est
1938 2152 2017 2196 ea
2078 2149 2304 2196 aerem
2369 2128 2724 2216 attingere.

1170 2243 1324 2310 Non
1364 2245 1549 2311 enim
1580 2242 1698 2309 diu
1730 2247 2040 2308 maneret
2067 2237 2448 2305 substantia
2474 2235 2732 2301 instru-

1168 2351 1382 2418 menti
1413 2357 1480 2416 et
1528 2346 1924 2416 vehiculum
1965 2347 2112 2435 ejus
2161 2344 2347 2435 quod
2376 2352 2478 2411 est
2504 2342 2729 2410 vitalis

1165 2460 1384 2526 virtus
1450 2458 1521 2525 in
1596 2454 2007 2523 animalibus
2072 2452 2512 2544 spirantibus,
2599 2451 2725 2519 nisi

1162 2589 1285 2656 per
1321 2564 1728 2653 inspiratum
1770 2561 2099 2652 reciperet
2136 2560 2721 2628 restaurationem.

1163 2673 1629 2763 Quaecumque
1702 2679 1933 2737 antem
2009 2691 2092 2735 ex
2160 2668 2727 2759 componentibus

1159 2784 1399 2872 primis
1436 2781 1812 2871 plurimum
1871 2784 2031 2844 sunt
2079 2775 2313 2844 mollia
2351 2783 2416 2843 et
2453 2774 2719 2866 frigida,

1160 2888 1364 2955 talem
1388 2910 1525 2955 non
1557 2894 1717 2954 sunt
1737 2885 1980 2952 sortita
2007 2882 2305 2951 calorem
2335 2884 2509 2950 circa
2529 2883 2724 2972 prin-

1155 2996 1411 3084 cipium
1449 2993 1633 3070 vitae,
1671 2992 1792 3060 sed
1821 2991 2205 3058 minorem:
2242 2997 2307 3057 et
2339 2989 2491 3056 ideo
2524 2988 2720 3055 refri-

1154 3127 1400 3196 gerans
1432 3105 1658 3196 ipsum
1693 3125 1831 3170 non
1866 3107 2085 3192 potest
2123 3122 2244 3191 per
2271 3099 2718 3167 substantiam

1156 3224 1441 3305 tangens
1474 3212 1903 3304 refrigerium
1951 3209 2211 3278 facere:
2250 3210 2720 3299 exstinguere-

1155 3332 1263 3392 tur
1284 3325 1469 3391 enim
1491 3322 1803 3391 modicus
1831 3320 2020 3389 calor
2038 3326 2358 3410 tangente
2378 3342 2449 3387 se
2473 3318 2715 3410 frigido

1151 3456 1273 3524 per
1355 3433 1810 3501 substantiam
1843 3453 1861 3499 t
1933 3438 2035 3497 est
2088 3437 2321 3496 tamen
2405 3450 2718 3496 necessa-

1150 3540 1328 3606 rium
1356 3538 1762 3629 refrigerans
1801 3534 2082 3618 habere,
2111 3557 2197 3603 ne
2237 3541 2427 3602 motu
2468 3533 2552 3601 ad
2601 3535 2711 3601 in·-

1150 3655 1259 3716 tus
1296 3646 1484 3715 calor
1513 3645 1835 3715 incendat
1879 3668 1895 3713 :
1939 3652 2008 3712 et
2054 3643 2209 3713 ideo
2256 3643 2580 3734 frigidum
2611 3651 2709 3710 est

1152 3755 1560 3846 refrigerans
1589 3754 1753 3823 talia
1810 3776 1932 3845 per
1979 3751 2325 3843 qualitatis
2362 3752 2705 3821 alteratio-

1148 3887 1335 3945 nem,
1388 3872 1456 3933 et
1509 3886 1648 3932 non
1705 3887 1828 3955 per
1889 3861 2345 3930 substantiam
2394 3870 2702 3952 tangens,

1144 3972 1324 4040 sicut
1353 3973 1575 4062 pisces
1621 3969 1943 4039 branchis
1983 3990 2234 4060 aquam
2291 3967 2706 4037 attrahentes

1140 4087 1209 4147 et
1243 4085 1667 4158 evomentes,
1693 4099 1846 4167 quae
1876 4099 2018 4145 non
2049 4076 2374 4167 pertingit
2390 4098 2514 4166 per
2539 4073 2706 4141 sub-

1143 4185 1467 4253 stantiam
1498 4184 1585 4253 ad
1615 4184 2027 4274 principium
2068 4182 2253 4250 vitae.
2299 4181 2544 4250 Aerem
2578 4204 2706 4248 au-

1139 4300 1277 4361 tem
1328 4300 1697 4376 potuerunt
1753 4289 1914 4359 talia
1965 4287 2328 4366 attrahere,
2378 4312 2463 4358 eo
2520 4288 2702 4379 quod

1141 4425 1258 4469 aer
1312 4401 1693 4470 seeundum
1750 4409 2067 4468 naturam
2105 4397 2403 4467 calorem
2443 4396 2643 4466 habet
2681 4397 2696 4465 'z

1140 4515 1209 4575 et
1245 4506 1568 4598 frigidum
1597 4506 1784 4598 quod
1815 4505 2023 4575 habet
2043 4504 2420 4574 secundum
2443 4513 2695 4581 actum,

1138 4639 1278 4684 non
1301 4624 1406 4685 est
1435 4617 1842 4696 adunatum,
1867 4623 1936 4685 et
1962 4616 2099 4684 cito
2130 4613 2379 4682 recedit
2413 4636 2428 4680 :
2456 4622 2520 4681 et
2546 4613 2697 4682 ideo

1135 4747 1259 4815 per
1298 4723 1600 4793 medium
1636 4747 1774 4791 non
1815 4722 1980 4791 satis
2009 4720 2325 4790 alteraret
2353 4720 2691 4790 calorem:

1135 4842 1201 4900 et
1232 4834 1285 4898 si
1328 4854 1451 4923 per
1478 4830 1845 4899 essentiam
1869 4838 2205 4922 tangeret,
2238 4828 2695 4917 exstingueret

1133 4963 1255 5032 per
1293 4941 1397 5007 sui
1452 4938 1959 5007 immixtionem
2015 4936 2102 5005 ad
2158 4936 2472 5027 spiritum
2536 4937 2691 5004 vitae

1134 5047 1251 5139 qui
1292 5054 1393 5114 est
1423 5046 1492 5113 in
1523 5044 1751 5113 corde.
1792 5044 1908 5111 Sic
1976 5043 2186 5134 igitur
2222 5040 2373 5110 duae
2417 5063 2695 5134 compo·

1132 5156 1415 5222 sitiones
1454 5153 1648 5221 factae
1689 5159 1853 5218 sunt
1881 5158 1949 5219 et
1988 5151 2141 5219 duae
2179 5148 2692 5240 complexiones

1132 5264 1201 5330 in
1232 5285 1481 5354 genere
1517 5284 1533 5330 ε
1578 5284 1716 5328 una
1745 5258 2028 5351 quidem
2064 5282 2148 5328 ex
2185 5260 2359 5326 duro
2390 5259 2689 5327 terrestri

1133 5371 1447 5462 indigens
1495 5369 1721 5439 calore
1778 5369 1964 5448 forti,
2026 5376 2094 5437 et
2155 5389 2292 5436 una
2346 5390 2430 5435 ex
2497 5368 2687 5437 molli

1132 5483 1620 5573 pinguescente
1642 5489 1708 5549 et
1736 5486 2094 5550 constante
2123 5477 2438 5569 indigens
2466 5478 2688 5548 calore

1131 5589 1362 5660 debili.
1400 5587 1485 5655 Et
1508 5586 1697 5656 calor
1732 5587 2010 5679 quidem
2050 5586 2241 5655 fortis
2269 5585 2556 5677 indiguit
2593 5611 2690 5655 re-

1130 5699 1159 5767 f
1160 5701 1498 5791 riget-ante
1520 5696 1710 5787 quod
1730 5704 2040 5789 tangeret
2066 5719 2189 5788 per
2206 5694 2680 5764 substantiam.

4270 451 4401 518 409

2842 648 2965 713 per
3009 624 3480 692 alterationem
3523 621 3747 688 solum
3798 644 3918 709 per
3952 621 4253 688 medium
4292 620 4401 687 fa-

2843 739 3048 807 ctam,
3096 733 3165 796 in
3228 752 3364 818 quo
3425 728 3649 795 medio
3701 727 4017 794 elementi
4067 728 4400 818 frigiditas

2844 834 3182 902 excellens
3213 856 3372 901 cum
3421 832 3638 899 calido
3688 839 4133 921 temperatur,
4170 855 4252 900 ne
4284 857 4402 901 ca-

2843 941 3060 1009 lorem
3086 943 3571 1032 exstingueret.
3622 940 3785 1008 Ilaec
3813 940 4020 1030 igitur
4059 948 4160 1008 est
4198 961 4402 1007 causa

2840 1048 3079 1137 primae
3119 1048 3475 1117 divisionis
3497 1045 3897 1114 animalium
3921 1046 4400 1135 inspirantium

2841 1176 3095 1235 aerem,
3129 1162 3196 1223 et
3234 1156 3640 1246 spirantium
3673 1176 3946 1243 aquam.

2930 1262 3004 1330 Si
3048 1272 3280 1330 autem
3321 1264 3472 1353 quis
3503 1261 3800 1350 objiciat,
3837 1260 4023 1350 quod
4049 1260 4247 1352 ‚calor
4276 1260 4398 1328 de-

2838 1368 2992 1436 bilis
3024 1392 3166 1437 non
3197 1368 3455 1459 indiget
3505 1367 3943 1457 refrigerante
3978 1389 3993 1432 :
4066 1367 4391 1447 dicemuS,

2839 1471 3023 1563 quod
3061 1470 3195 1539 hoc
3217 1493 3357 1538 non
3387 1480 3489 1539 est
3507 1492 3749 1538 verum
3785 1492 3800 1537 ε
3835 1471 4163 1560 quoniam
4193 1492 4399 1560 prop-

2838 1588 2938 1647 ter
2976 1580 3526 1647 contrarietatem
3594 1577 4109 1667 compositionis
4168 1577 4393 1644 omnis

2836 1684 3023 1753 calor
3051 1694 3206 1753 actu
3237 1706 3448 1776 agens
3478 1683 3820 1752 consumit
3873 1682 4327 1750 substantiam
4363 1704 4378 1748 :

2835 1800 2935 1860 est
3001 1800 3230 1859 autem
3292 1790 3479 1859 calor
3532 1790 3907 1881 digestivus
3952 1790 4175 1858 cordis
4205 1798 4388 1859 actu

2837 1921 3086 1989 agens:
3122 1906 3190 1967 et
3220 1899 3369 1967 ideo
3400 1899 3530 1967 nisi
3564 1907 3738 1967 esset
3770 1897 4028 1988 aliquid
4052 1899 4389 1966 actionem

2834 2006 3046 2095 ipsius
3079 2007 3425 2098 mitigans,
3471 2009 3604 2076 cito
3640 2006 4090 2075 substantiam
4131 2029 4387 2074 consu·
4424 1996 4431 2003 ’

2835 2123 3073 2181 meret.

2928 2239 3043 2308 Sic
3073 2248 3305 2309 autem
3345 2241 3579 2308 divisis
3633 2241 4069 2321 animalibuS‚
4112 2263 4388 2311 necesse

2834 2356 2935 2414 est
2973 2356 3037 2416 et
3077 2347 3534 2417 habitationes
3574 2371 3814 2418 eorum
3855 2357 3921 2416 et
3949 2349 4137 2418 cibos
4178 2349 4390 2418 dividi

2833 2458 3209 2526 secundum
3249 2459 3558 2527 eamdem
3600 2459 4034 2527 divisionem.
4099 2459 4389 2549 Spiran-

2838 2567 2931 2633 tia
2942 2566 3126 2633 enim
3150 2588 3423 2635 necesse
3442 2575 3541 2635 est
3562 2566 3865 2635 babitare
3886 2568 3956 2635 in
3988 2576 4167 2635 terra
4180 2590 4384 2658 quam

2836 2697 2952 2743 aer
2980 2676 3350 2766 inspiratus
3388 2677 3682 2768 attingit,
3719 2686 3794 2744 ut
3838 2685 4013 2745 terra
4055 2678 4251 2746 detur
4289 2679 4386 2744 eis

2836 2784 3027 2851 locus
3057 2791 3337 2875 propter
3366 2785 3657 2875 ponduS,
3700 2808 3815 2854 aer
3852 2795 4080 2853 autem
4110 2792 4389 2875 propter

2832 2893 3228 2960 interiorem
3291 2894 3451 2960 vitae
3507 2895 3844 2984 spiritum.
3911 2893 4376 2984 Quaecumque

2829 3010 3058 3068 autem
3145 3000 3495 3069 attrahunt
3570 3024 3818 3092 aquam
3885 3010 3951 3069 et
4017 3011 4373 3084 evomunt,

2829 3115 3106 3196 propter
3127 3105 3394 3196 pondus
3424 3106 3698 3197 quidem
3729 3105 4123 3173 substantia!
4147 3108 4216 3173 in
4245 3116 4381 3174 ter-

2828 3238 2897 3281 ra
2929 3214 3250 3294 resident,
3294 3214 3410 3283 sed
3441 3214 3628 3283 locus
3648 3213 4090 3283 habitationis
4130 3237 4370 3283 eorum

2823 3323 2944 3389 erit
2984 3320 3098 3389 ubi
3121 3345 3299 3412 aqua
3328 3329 3576 3390 terram
3599 3322 3894 3413 attingit,
3928 3329 3993 3389 et
4023 3322 4198 3391 facta
4220 3330 4380 3390 sunt

2819 3429 2952 3496 alia
3000 3432 3336 3520 aquatica,
3379 3428 3512 3496 alia
3567 3436 3798 3498 autem
3847 3430 4213 3497 terrestria.
4259 3428 4378 3496 Ci-

2817 3535 2943 3604 bos
2972 3546 3203 3605 autem
3243 3544 3397 3606 actu
3426 3536 3669 3605 molles
3698 3535 4157 3627 complexioni
4188 3536 4371 3627 ipso-

2818 3668 2968 3712 rum
3039 3653 3519 3736 congruentes,
3589 3666 3865 3714 necesse
3948 3652 4051 3712 est
4124 3642 4375 3713 habere

2814 3753 3125 3842 aquatica
3159 3773 3174 3819 :
3221 3752 3380 3842 quia
3411 3751 3582 3820 alios
3610 3750 3855 3819 debilis
3892 3750 4078 3818 calor
4107 3772 4246 3818 non
4276 3750 4378 3818 di-

2818 3869 3111 3948 gereret,
3131 3882 3257 3926 nec
3278 3858 3599 3926 animalia
3620 3856 4071 3926 substantiam
4094 3855 4372 3925 mollem

2825 3969 3185 4035 nutrirent.
3220 3967 3481 4036 Debilis
3534 3968 3717 4036 enim
3757 3967 3942 4036 calor
3980 3990 4118 4035 non
4149 3967 4374 4035 influit

2814 4076 3027 4143 vitam
3058 4074 3279 4143 solido
3309 4076 3604 4166 corpori,
3648 4075 3764 4144 sed
3808 4077 4107 4144 vincitur
4143 4074 4228 4143 ab
4260 4077 4373 4167 ip-

2811 4207 2887 4251 so
2927 4192 2994 4252 et
3036 4183 3442 4261 retunditur,
3488 4193 3555 4252 et
3592 4184 3786 4252 fortis
3839 4183 4027 4253 calor
4053 4192 4364 4273 penetrat

2811 4292 2877 4359 in
2900 4291 3148 4359 durum
3190 4299 3527 4371 terrestre,
3562 4301 3625 4359 et
3657 4291 3872 4383 liquat
3903 4290 4110 4359 molle
4139 4299 4205 4360 et
4234 4290 4372 4359 hu-

2810 4399 3097 4466 midum.
3145 4398 3431 4489 Propter
3456 4421 3662 4491 quam
3702 4421 3978 4467 causam
4009 4406 4164 4467 actu
4198 4398 4368 4466 mel-

2807 4502 3055 4574 lificata
3109 4506 3286 4574 facta
3332 4513 3491 4573 sunt
3533 4504 3726 4574 cibus
3772 4506 4267 4597 aquaticorum,
4302 4513 4372 4573 et

2807 4614 3186 4681 constantia
3235 4618 3302 4678 et
3339 4610 3510 4679 dura
3539 4611 3710 4681 facta
3743 4620 3902 4680 sunt
3940 4611 4133 4681 cibus
4161 4619 4369 4681 terre-

2805 4721 3073 4789 strium.
3101 4719 3261 4788 llaec
3282 4719 3489 4809 igitur
3517 4720 3585 4787 in
3615 4743 3864 4812 genere
3893 4728 3992 4789 est
4023 4743 4228 4789 causa
4254 4719 4366 4788 di-

2802 4851 3018 4897 versa·
3042 4826 3482 4896 habitationis
3502 4836 3568 4896 et
3597 4827 3908 4897 ciborum
3931 4828 4359 4897 diversorum

2804 4933 3205 5003 animalium
3246 4934 3622 5003 secundum
3660 4934 3800 5003 duo
3838 4956 4114 5026 genera.

2894 5050 3118 5119 Media
3146 5073 3313 5119 vero
3355 5051 3532 5118 inter
3559 5049 3704 5119 haec
3753 5072 4028 5119 necesse
4066 5059 4169 5119 est
4214 5051 4363 5122 fieri

2805 5156 3038 5228 multis
3077 5158 3324 5233 modis,
3360 5158 3534 5227 sicut
3565 5159 3740 5226 inter
3776 5156 4101 5249 quoelibet
4129 5166 4364 5228 extre-

2803 5276 3019 5334 trema
3046 5264 3352 5357 physica,
3389 5265 3611 5334 media
3662 5275 3821 5335 sunt
3858 5267 4077 5335 multa
4122 5290 4138 5336 ε
4181 5291 4364 5359 quo-

2801 5374 2985 5442 niam
3025 5382 3125 5442 est
3163 5380 3392 5441 motus
3421 5372 3597 5441 inter
3635 5372 3859 5442 media
3896 5372 4205 5467 physica,
4242 5378 4361 5467 qui

2800 5481 3011 5572 accipi
3044 5481 3298 5571 ubique
3315 5488 3540 5570 potest
3559 5480 3812 5550 factum
3834 5503 3982 5551 esse
4004 5490 4070 5551 et
4093 5492 4359 5551 motum

2800 5611 2969 5666 esse,
3011 5596 3080 5657 et
3120 5586 3275 5654 facit
3301 5586 3394 5654 ibi
3423 5587 3725 5656 medium
3749 5596 4102 5679 tamquam
4131 5598 4365 5658 extre-

2797 5718 3014 5765 mum.
3043 5694 3188 5763 lloc
3209 5700 3439 5762 autem
3462 5694 3826 5785 probatum
3870 5703 3973 5765 est
4001 5696 4073 5763 in
4111 5695 4361 5785 Physi-

1131 5806 1333 5876 Calor
1363 5813 1597 5875 autem
1634 5801 1878 5872 debilis
1916 5804 2210 5896 indiguit
2247 5802 2682 5893 refrigerante
2795 5806 2893 5872 cis
2923 5825 2939 5870 ε
3000 5809 3277 5892 propter
3301 5800 3487 5892 quod
3516 5804 3723 5870 etiam
3757 5810 4000 5870 natura
4046 5822 4198 5893 quae
4235 5824 4361 5892 per
