4919 6371
2029 445 2196 513 LIB.
2248 445 2276 510 l
2324 445 2443 514 DE
2490 445 3078 535 ANIMALIBUS,
3127 447 3437 517 TRACT.
3490 449 3580 515 Ill

1182 620 1407 696 simul,
1442 627 1508 685 et
1537 615 2051 706 proportionata
2073 617 2404 706 capitibus
2434 640 2674 687 eorum
2701 640 2715 683 :

1177 738 1245 797 et
1278 727 1410 794 hoc
1438 733 1539 792 est
1597 727 1665 791 in
1734 723 2142 814 quibusdam
2208 749 2356 817 quae
2431 724 2722 793 rotunda

1176 843 1332 903 sunt
1371 835 1439 899 in
1469 832 1661 908 facie,
1706 832 1881 899 sicut
1919 831 2128 901 homo
2168 840 2235 901 et
2270 834 2490 900 simia.
2526 831 2724 909 Quae-

1178 941 1334 1007 dam
1372 947 1601 1007 autem
1647 941 2089 1031 proportione
2144 961 2281 1006 suae
2328 939 2720 1029 quantitatis

1176 1047 1427 1116 habent
1454 1057 1658 1138 caput
1692 1069 1983 1137 parvum
2015 1054 2078 1113 et
2114 1044 2541 1112 mandibulas
2571 1066 2722 1111 ma-

1176 1179 1368 1248 gnam,
1403 1158 1577 1227 sicut
1604 1178 1808 1225 omne
1858 1153 2108 1221 animal
2138 1152 2396 1222 habens
2431 1154 2719 1222 caudam

1178 1265 1491 1355 pilosam,
1523 1264 1698 1331 sicut
1735 1284 1977 1352 equus,
2033 1260 2284 1340 mulus,
2355 1270 2421 1330 et
2458 1263 2713 1330 asinus.

1180 1371 1419 1440 Gauda
1475 1378 1704 1436 autem
1781 1368 2012 1459 pilosa
2069 1375 2351 1435 vocatur
2423 1390 2575 1459 quae
2648 1368 2717 1435 in

1177 1486 1317 1556 toto
1383 1475 1539 1568 pilis
1595 1474 1821 1567 longis
1887 1483 1956 1544 et
2009 1476 2240 1543 multis
2318 1484 2422 1543 est
2500 1474 2720 1566 reple-

1173 1593 1267 1652 ta.

1255 1687 1571 1780 Amplius
1599 1695 1831 1757 autem
1859 1686 2088 1755 nullus
2126 1681 2407 1756 omni'no
2437 1687 2717 1778 sanguis

4267 448 4391 516 137

2837 623 3111 706 tequam
3142 617 3541 706 perveniant
3606 618 3688 684 ad
3745 618 3975 686 locum
4041 642 4268 695 suum,
4323 620 4394 686 in

2836 745 2973 812 quo
3042 733 3143 790 est
3207 725 3539 791 terminus
3604 722 3878 814 spiritus
3946 724 4388 792 decurrentis,

2835 826 2985 895 Hoc
3048 836 3277 896 autem
3347 831 3416 896 in
3475 830 3774 920 piscibus
3852 831 4072 921 magis
4135 837 4322 920 patet
4370 852 4388 896 :

2834 936 3108 1024 quando
3142 938 3324 1005 enim
3390 937 3744 1007 cerebrum
3792 939 3996 1028 piscis
4035 938 4392 1006 decoctum

2833 1048 2935 1109 est
2963 1051 3030 1109 et
3056 1052 3506 1123 contractum,
3552 1045 3995 1112 inveniuntur
4017 1044 4184 1113 ·duae
4213 1044 4344 1111 viae
4371 1066 4388 1113 :

2831 1172 2971 1218 una
2999 1151 3085 1219 ab
3115 1153 3436 1220 anteriori
3477 1153 3765 1231 intrans,
3800 1160 3865 1220 et
3908 1175 4049 1220 una
4086 1176 4125 1219 a
4154 1160 4394 1242 poste-

2831 1257 2992 1324 riori
3035 1259 3239 1325 etiam
3282 1260 3541 1328 intrans
3572 1262 3642 1327 in
3672 1259 4022 1328 cerebrum
4061 1283 4077 1328 :
4115 1269 4183 1328 et
4238 1281 4393 1327 ma-

2830 1365 3188 1435 nifestatur
3224 1369 3424 1437 tertia
3460 1371 3574 1436 via
3602 1370 3835 1438 exiens
3867 1393 3907 1437 a
3936 1369 4217 1440 cerebro
4237 1392 4394 1460 pro·

2827 1494 2912 1562 pe
2944 1494 3188 1542 nasum
3219 1476 3582 1544 terminata
3616 1498 3632 1544 :
3667 1485 3736 1545 et
3764 1477 3858 1545 ibi
3895 1484 4058 1546 sunt
4084 1477 4213 1546 viae
4239 1500 4394 1568 par-

2832 1608 2937 1654 vae
2966 1583 3193 1676 plures
3232 1607 3382 1675 quae
3431 1584 3621 1653 nullo
3661 1585 3867 1675 modo
3909 1586 3997 1653 ad
4034 1584 4389 1654 cerebrum

2828 1701 3267 1762 concurrunt.

1171 1805 1271 1865 est
1299 1799 1370 1864 in
1399 1795 1658 1865 cerebri
1684 1795 1833 1885 ipsa
1860 1793 2262 1881 substantia,
2294 1817 2514 1885 neque
2540 1817 2718 1864 vena
2829 1869 2840 1875 ‚

1168 1929 1317 1997 quae
1358 1908 1548 1975 unita
1573 1906 1662 1974 sit
1690 1905 1778 1983 ei.
1819 1905 1997 1975 sicut
2023 1905 2351 1973 uniuntur
2377 1905 2528 1973 aliis
2555 1928 2718 1996 par-

1167 2014 1346 2083 tibus
1383 2014 1739 2105 corporis:
1785 2022 1854 2082 et
1893 2012 2049 2083 ideo
2104 2014 2310 2081 etiam
2361 2011 2714 2082 cerebrum

1167 2121 1489 2213 frigidum
1518 2120 1717 2190 estin
1755 2127 1941 2189 tactu
1973 2141 1991 2188 ε
2025 2120 2209 2212 quod
2236 2142 2376 2188 non
2422 2127 2623 2198 esset,
2655 2118 2714 2188 si

1166 2230 1443 2320 sanguis
1473 2236 1541 2298 et
1566 2249 1761 2296 venae
1789 2227 2392 2296 commiscerentur
2405 2226 2716 2304 substau-

1103 2387 1109 2393 ·
1167 2337 1274 2404 tiae
1314 2336 1481 2425 ejus,
1526 2337 1688 2427 quia
1723 2334 2005 2427 sanguis
2034 2343 2098 2402 el
2142 2358 2325 2398 vvivr*
2366 2343 2514 2400 sunl
2561 2334 2713 2400 vali-

1166 2442 1291 2513 dae.
2390 2501 2423 2531 ,

1164 2627 1169 2630 ,
1245 2547 1489 2619 Adhuc
1526 2557 1756 2617 autem
1799 2548 1869 2617 in
1909 2547 2135 2616 medio
2173 2548 2425 2617 cerebri
2468 2557 2567 2617 est
2604 2548 2715 2618 lo-

1165 2681 1283 2726 cus
1307 2657 1683 2750 profundus
1723 2666 1789 2726 et
1815 2657 2067 2751 longus
2124 2659 2238 2750 qui
2297 2667 2398 2727 est
2451 2660 2714 2727 ventri-

1158 2763 1350 2832 culus
1378 2764 1644 2832 medius
1691 2765 1928 2856 ipsius,
1964 2763 2050 2834 Et
2101 2764 2476 2834 secundum
2502 2765 2712 2834 dictas

1159 2869 1637 2963 dispositiones
1683 2869 2037 2940 cerebrum
2081 2878 2182 2939 est
2231 2873 2301 2940 iu
2330 2874 2521 2940 omni
2561 2873 2713 2940 ani-

1159 2976 1321 3046 mali
1361 2976 1545 3069 quod
1582 2975 1791 3048 habet
1826 2976 2207 3048 cerebrum.
2252 2977 2418 3049 Tela
2482 2989 2712 3050 autem

1157 3105 1310 3174 quae
1347 3090 1451 3152 est
1488 3085 1601 3173 pia
1630 3092 1873 3163 mater,
1907 3107 2057 3176 quae
2111 3085 2418 3178 sequitur
2482 3085 2713 3155 invol-

1156 3214 1325 3261 vens
1354 3194 1605 3283 ipsum,
1644 3193 2007 3285 participat
2058 3216 2268 3263 venas
2306 3203 2376 3264 et
2409 3195 2714 3266 continet

1158 3322 1273 3370 eas
1323 3323 1408 3371 ne
1454 3299 1874 3372 disloceutur
1913 3324 1930 3369 ε
1964 3324 2119 3395 quae
2165 3301 2300 3373 tela
2338 3312 2441 3374 est
2469 3304 2713 3375 similis

1159 3410 1348 3479 corio
1413 3407 1557 3477 sive
1620 3407 1782 3503 pelli
1843 3406 2074 3478 subtili
2120 3410 2492 3482 continenti
2531 3434 2715 3483 cere·

1159 3515 1383 3586 hrum.
1427 3514 1506 3585 ln
1532 3514 1898 3608 posteriori
1925 3522 2154 3588 autem
2180 3525 2374 3611 parte
2428 3516 2545 3587 ubi
2584 3518 2712 3590 de·
2819 3606 2846 3619 ,-

1157 3623 1296 3693 ficit
1352 3623 1466 3716 pia
1529 3631 1773 3705 mater,
1841 3622 1935 3693 ibi
1993 3633 2097 3715 est
2130 3647 2337 3720 super
2388 3627 2612 3722 ipsum
2640 3637 2710 3698 et

1152 3753 1358 3823 super
1384 3729 1628 3801 duram
1685 3739 1976 3802 matrem
2013 3754 2093 3802 os
2153 3732 2401 3803 subtile
2456 3733 2702 3819 debile,

1151 3836 1338 3930 quod
1363 3860 1439 3906 os
1470 3837 1704 3907 laudo
1738 3847 2048 3916 vocatur,
2076 3839 2164 3909 ud
2190 3864 2421 3910 suram
2451 3852 2709 3934 postre-

1156 3968 1344 4015 mam
1372 3947 1873 4027 continuatum,
1906 3956 1973 4016 et
2008 3945 2143 4017 boc
2161 3950 2363 4019 estin
2390 3952 2700 4042 occipite.

3384 2664 3683 2735 CAPUT
3728 2663 3818 2733 ll.

2816 3415 2922 3483 De
2947 3412 3313 3507 oesoplaaqo
3340 3421 3406 3479 et
3433 3435 3683 3493 catum,
3716 3420 3779 3478 el
3815 3407 4176 3477 αηαίοηιία
4197 3406 4378 3502 pul-

3467 3541 3715 3589 morer-5.

1154 4053 1380 4147 Super
1412 4063 1776 4147 utrumque
1821 4063 2051 4125 autem
2093 4054 2345 4149 pellem
2390 4066 2459 4128 et
2499 4082 2708 4154 super
2813 4146 2820 4151 Γ

1148 4160 1407 4233 cerebri
1460 4161 1939 4244 substantiam,
1975 4172 2071 4233 cst
2120 4165 2329 4236 etium
2366 4188 2447 4239 os
2481 4166 2708 4241 subti-

1147 4267 1213 4337 le
1265 4277 1334 4337 et
1395 4267 1618 4339 debile
1682 4269 1757 4340 in
1792 4271 2130 4363 sincipite.
2181 4272 2366 4365 quod
2419 4285 2707 4346 vocatur

1147 4398 1224 4444 os
1241 4397 1471 4470 [ποτε
1497 4377 1776 4471 capitis,
1805 4386 1875 4449 et
1902 4402 1942 4448 a
1962 4380 2376 4471 quibusdam
2406 4407 2482 4451 os
2506 4406 2706 4454 coro-

1147 4481 1365 4551 noles.

1246 4588 1431 4663 luter
1482 4597 1853 4684 utrumque
1905 4590 2112 4662 etiam
2150 4593 2504 4665 oculorum
2541 4606 2699 4668 sunt

1156 4704 1289 4765 tres
1316 4697 1446 4768 via·
1476 4721 1519 4767 a
1546 4699 1853 4791 cerebro,
1886 4706 1953 4775 et
2012 4700 2099 4771 ad
2143 4700 2498 4775 cerebrum
2529 4726 2549 4774 ε
2579 4704 2699 4776 sed

1146 4803 1298 4873 dure
1327 4803 1599 4875 illarum
1626 4804 2012 4898 procedunt
2038 4806 2125 4879 sd
2151 4811 2443 4903 occiput,
2468 4818 2537 4885 et
2563 4834 2698 4883 una

1146 4911 1422 5004 quidem
1454 4911 1726 4983 illarum
1755 4924 1854 4984 est
1885 4939 2037 5007 quae
2067 4927 2170 4987 est
2196 4920 2305 4988 via
2335 4921 2698 5012 spirituum

1147 5042 1269 5111 per
1293 5018 1574 5090 cellulas
1616 5043 1635 5091 ε
1668 5029 1738 5093 et
1762 5022 2058 5093 secunda
2088 5047 2240 5116 quae
2285 5049 2537 5120 magna
2565 5037 2694 5112 est,

1148 5134 1249 5195 est
1300 5126 1414 5195 via
1467 5128 1692 5199 caruis
1746 5127 2212 5200 vermicularis
2277 5153 2295 5202 t
2358 5129 2465 5203 11ae
2511 5136 2696 5207 enim

1148 5228 1367 5302 ambae
1396 5232 1481 5301 ad
1523 5236 1794 5327 occiput
1847 5234 2127 5304 vadunt.
2189 5236 2409 5308 Parva
2464 5250 2694 5312 autem

1147 5335 1458 5429 quaedam
1519 5339 1706 5428 venit
1772 5339 1858 5409 acl
1921 5339 2217 5435 sinciput
2244 5343 2331 5412 ab
2373 5347 2694 5419 anteriori

1143 5442 1430 5527 cerebri,
1468 5453 1540 5517 et
1592 5469 1718 5539 per
1778 5445 1967 5518 illam
2033 5448 2107 5520 tit
2153 5450 2475 5523 odoratus
2514 5476 2533 5526 ς
2583 5455 2698 5525 via

1141 5548 1327 5618 enim
1383 5549 1612 5623 minor
1673 5552 1862 5622 venit
1903 5556 2297 5652 pertingens
2333 5582 2545 5654 prope
2573 5583 2696 5632 co-

1140 5678 1307 5725 num
1364 5650 1742 5753 nasi.1Duze
1770 5666 2001 5733 autem
2045 5652 2175 5735 {tiae
2201 5665 2498 5758 maiores
2525 5689 2697 5743 con-r

1142 5773 1423 5835 currunt
1463 5765 1553 5836 cd
1589 5789 1664 5871 se
1693 5766 1986 5841 invicem
2006 5769 2078 5847 in
2105 5773 2333 5846 media
2356 5774 2533 5852 cells
2564 5798 2697 5847 sn-

2809 4468 2812 4471 ,
2897 4382 3084 4454 lutra
3119 4382 3376 4454 collum
3405 4391 3638 4452 autem
3655 4390 3814 4475 post
3840 4406 3921 4452 os
3949 4391 4018 4453 et
4054 4382 4362 4477 linguam

2804 4498 2908 4560 est
2942 4489 3381 4583 oesophagus.
3436 4497 3768 4582 augustus
3825 4486 4106 4579 quidem
4153 4511 4366 4581 supe-

2802 4593 2972 4676 rius,
3038 4602 3108 4664 et
3134 4593 3383 4688 longus
3438 4592 3746 4679 inferius,
3794 4592 3884 4663 ad
3928 4590 4363 4665 stomachum

2801 4724 2925 4796 per
2949 4698 3396 4795 diaphragma
3427 4707 3828 4792 protensus:
3860 4707 3928 4770 et
3945 4699 4218 4771 trachea
4249 4725 4364 4769 ar-

2798 4809 2973 4896 teria
2998 4817 3105 4880 est
3133 4809 3437 4880 anterius
3489 4811 3566 4880 iu
3602 4809 3807 4887 collo,
3841 4818 3910 4880 et
3946 4806 4362 4902 oesophagus

2799 4918 2873 4989 iu
2895 4923 3092 5010 parte
3119 4915 3480 5009 posteriori
3529 4914 3599 4985 in
3636 4936 3961 5006 supremo
4016 4911 4358 5019 colli-sive

2799 5021 3120 5117 gutturis.
3149 5020 3453 5093 Truchea
3497 5027 3726 5092 autem
3764 5021 4016 5090 arteris
4070 5040 4210 5089 non
4257 5024 4361 5088 est

2798 5127 3030 5202 nisiin
3070 5125 3481 5200 habentibus
3497 5128 3930 5222 pulmonem,
3956 5132 4022 5196 et
4062 5122 4356 5194 trachea·

2797 5236 3055 5309 creatio
3111 5243 3213 5309 est
3268 5259 3356 5306 ex
3416 5234 3691 5307 annulis
3741 5232 4265 5326 cartilaginosis,
4291 5242 4360 5302 et

2798 5357 2900 5416 est
2945 5343 3143 5440 pauci
3208 5344 3590 5438 sanguinis,
3617 5363 3700 5411 eo
3739 5339 3926 5434 quod
3954 5337 4357 5409 arteriarum

2797 5451 3180 5527 esthabere
3226 5476 3472 5545 parum
3502 5449 3586 5520 dc
3607 5448 3836 5520 subtili
3886 5447 4247 5542 sanguiue,
4290 5454 4357 5516 et

2794 5559 3094 5642 multum
3156 5559 3242 5631 de
3297 5559 3545 5654 spiritu
3594 5579 3613 5630 z
3671 5578 4009 5627 venarum
4059 5561 4289 5624 eutem
4319 5576 4357 5622 e

2794 5658 3155 5757 converso.
3221 5666 3309 5741 Et
3369 5664 3551 5737 hanc
3603 5662 3951 5735 tracheam
4006 5660 4361 5734 continent

2794 5797 3000 5876 yeme!
3023 5762 3312 5871 subtiles
3350 5761 3832 5868 panniculares
3877 5774 4358 5844 connectentes
