4919 6371
2168 412 2335 480 LIB.
2388 409 2419 476 I
2466 408 2585 475 DE
2628 403 3218 490 ANIMALIBUS,
3269 410 3584 481 TRACT.
3637 409 3701 477 ΙΙ
4450 416 4540 483 45

1320 608 1495 654 unus
1524 608 1774 653 nervus
1803 583 2110 675 pervenit
2147 581 2231 649 ad
2268 586 2495 648 autem
2525 576 2853 656 dextram,

1222 775 1232 786 ,
1320 703 1384 765 et
1431 694 1834 763 diffunditur
1861 694 1931 760 in
1960 715 2042 760 ea
2083 713 2098 757 ε
2135 697 2201 757 et
2237 687 2405 756 alter
2430 690 2738 778 pervenit
2772 687 2860 754 ad

1321 825 1554 871 aurem
1582 803 1952 877 sinistram,
1987 805 2055 865 et
2080 797 2151 863 in
2177 819 2256 865 ea
2282 794 2591 864 similiter
2618 795 2861 864 diss'un-

1321 912 1530 981 ditur.
1790 981 1796 988 ,

1410 1019 1497 1086 Et
1524 1022 1683 1085 sunt
1722 1014 1876 1082 duae
1924 1034 2123 1080 aures
2167 1013 2540 1093 tantumin
2585 1009 2861 1080 animali

1320 1124 1599 1194 habenti
1636 1141 1857 1199 aureS,
1893 1121 2054 1209 quia
2080 1119 2216 1188 illae
2255 1119 2599 1189 sufficiunt
2625 1117 2709 1185 ad
2737 1140 2864 1184 au-

1320 1232 1541 1300 ditum
1587 1250 1601 1296 :
1663 1234 1730 1296 et
1784 1228 1840 1295 si
1870 1228 1989 1296 uni
2045 1228 2287 1297 accidit
2349 1234 2858 1304 nocumentum,

1323 1339 1534 1407 altera
1564 1337 1805 1428 accipit
1841 1359 2113 1405 sonum.
2147 1336 2355 1405 Nervi
2382 1337 2586 1402 etiam
2624 1333 2864 1401 motivi

1321 1469 1408 1515 ex
1461 1445 1822 1537 posteriori
1876 1452 2068 1536 parte
2128 1441 2384 1511 cerebri
2451 1442 2732 1508 veniunt
2780 1439 2866 1508 ad

1324 1574 1522 1621 aures
1578 1549 2034 1643 quorumdam
2089 1546 2513 1628 animalium,
2563 1554 2630 1614 et
2665 1568 2867 1636 super

1324 1659 1478 1727 illos
1523 1664 1888 1727 moventur
1936 1677 2158 1723 aures.
2200 1653 2288 1723 Et
2357 1676 2560 1722 omne
2615 1652 2866 1722 animal

1324 1764 1584 1833 habens
1632 1785 1852 1842 aureS,
1894 1760 2102 1828 habet
2146 1782 2259 1830 eas
2304 1760 2592 1829 mobiles
2627 1769 2870 1851 praeter

1324 1872 1704 1949 hominem,
1740 1877 1809 1938 et
1839 1868 2352 1938 similitudinem
2391 1865 2691 1938 hominis
2719 1890 2869 1960 quae

1327 1988 1430 2065 est
1487 1977 1688 2047 simia
1724 1985 1791 2046 et
1828 1997 2184 2069 pygmeus.
2234 1974 2320 2043 Et
2366 1974 2549 2066 quod
2593 1974 2870 2066 quidam

1328 2085 1646 2176 hom—ines
1721 2090 2004 2153 movent
2076 2105 2296 2161 aures,
2354 2104 2492 2149 non
2548 2080 2622 2149 fit
2676 2088 2870 2152 motu

1326 2192 1605 2286 proprio
1671 2194 1967 2271 aurium,
2046 2191 2164 2259 sed
2225 2214 2347 2282 per
2408 2191 2871 2260 extrusionem

1328 2300 1621 2389 musculi
1662 2300 1777 2392 qui
1817 2308 1916 2368 est
1945 2299 2124 2367 circa
2153 2297 2617 2366 mandibulam
2659 2321 2676 2365 :
2710 2307 2874 2367 tunc

1332 2411 1518 2479 enim
1589 2431 1676 2477 ex
1747 2407 2256 2476 continuatione
2304 2430 2461 2476 eum
2501 2405 2617 2475 illo
2645 2430 2684 2474 a
2721 2408 2870 2499 qui-

1332 2516 1623 2585 busdam
1655 2518 1772 2607 qui
1812 2516 1896 2584 ad
1952 2514 2081 2585 hoc
2128 2538 2168 2584 a
2195 2539 2403 2608 puero
2443 2515 2868 2594 studuerunt,

1329 2632 1655 2694 movetur
1692 2626 1899 2692 auris.

1416 2737 1661 2807 Adhuc
1690 2746 1921 2807 autem
1954 2737 2263 2829 quaedam
2309 2737 2654 2818 animalia,
2686 2745 2868 2818 sunt,

1338 2869 1492 2939 quae
1533 2845 1809 2938 quidem
1867 2845 2175 2914 auditum
2220 2843 2494 2923 habent,
2528 2853 2596 2915 et
2649 2854 2876 2916 tamen

1332 2977 1532 3024 aures
1569 2976 1711 3023 non
1765 2952 2021 3022 habent
2064 2953 2234 3022 :sed
2280 2953 2584 3023 foramen
2623 2952 2877 3024 habent

1331 3062 1415 3131 de
1480 3084 1617 3153 quo
1658 3060 1977 3139 diximus,
2030 3067 2100 3129 et
2161 3081 2281 3152 per
2337 3059 2505 3129 illud
2565 3060 2870 3142 audiunt,

1330 3173 1508 3241 sicut
1548 3169 1857 3242 volatilia
1903 3173 2136 3240 omnia
2163 3193 2315 3263 quae
2365 3178 2529 3241 nota
2561 3180 2720 3241 sunt
2745 3195 2878 3241 no-

1328 3279 1458 3360 bis,
1490 3286 1557 3348 et
1595 3300 1835 3348 omues
1872 3280 2093 3370 pisces
2136 3279 2508 3370 squamosi.
2549 3279 2875 3360 Quaedam

1328 3394 1562 3456 autem
1584 3384 1919 3457 hauriunt
1944 3412 2147 3462 voces
2175 3400 2241 3461 et
2268 3414 2476 3462 sonos
2510 3415 2632 3484 per
2669 3413 2872 3481 poros

1330 3518 1615 3594 suorum
1678 3497 2114 3582 annulorum,
2178 3502 2355 3572 sicut
2413 3501 2768 3581 annulosa,
2807 3506 2876 3569 et

1336 3606 1484 3697 apis
1510 3627 1789 3697 genera,
1821 3614 1890 3676 et
1914 3629 2198 3679 muscae.
2228 3607 2480 3680 Omnia
2506 3627 2670 3679 vero
2724 3608 2882 3678 ani-

1340 3712 1548 3784 malia
1611 3711 1775 3784 nota
1839 3715 2061 3796 nobis,
2101 3739 2255 3809 quae
2297 3717 2426 3788 sibi
2472 3718 2721 3787 similia
2755 3739 2884 3809 ge-

1342 3830 1585 3895 nerant
1609 3823 1956 3907 animalia,
2004 3825 2229 3917 primo
2284 3835 2504 3918 partu,
2546 3848 2630 3896 ex
2687 3835 2881 3896 utero

1338 3932 1595 4002 babent
1621 3952 1818 4001 aures
1854 3941 2101 4023 pra-ter
2133 3932 2558 4026 delphinum,
2596 3943 2666 4004 et
2691 3932 2880 4003 bale-

1338 4060 1528 4119 nam,
1595 4046 1663 4108 et
1734 4037 2079 4131 quoddam
2151 4062 2367 4132 genus
2430 4041 2643 4110 muris
2696 4039 2884 4133 quod

1338 4146 1573 4217 Graece
1600 4155 1884 4216 vocatur
1910 4146 2089 4226 kolu‘,
2122 4157 2189 4216 et
2208 4155 2309 4216 est
2336 4146 2534 4242 talpa
2562 4155 2881 4218 vocatum

1189 4317 1212 4349 .-
1334 4253 1521 4346 apud
1584 4277 1735 4323 nos.
1780 4252 1982 4335 Quod
2053 4263 2282 4325 autem
2318 4279 2524 4348 supra
2586 4255 2883 4326 diximus

1334 4360 1641 4432 volatilia
1697 4369 1860 4431 nota
1894 4360 2093 4432 nobis
2148 4384 2288 4432 non
2341 4360 2591 4434 habere
2656 4386 2878 4444 aures,

1333 4467 1625 4562 intelligi
1684 4466 1889 4538 habet
1926 4468 2011 4539 de
2046 4469 2306 4539 volatili
2344 4469 2661 4563 plumoso
2688 4480 2760 4543 et
2784 4469 2887 4539 bi·

1335 4576 1516 4669 pedi.
1566 4574 1978 4669 vespertilio
2028 4577 2215 4647 enim
2250 4573 2455 4648 habet
2511 4601 2731 4659 aures,
2761 4579 2884 4650 sed

1334 4691 1437 4754 est
1462 4682 1684 4776 pilosa
1727 4706 1744 4752 ε
1787 4692 1855 4754 et
1898 4682 2054 4754 licet
2084 4707 2222 4753 non
2276 4684 2524 4755 babeat
2553 4686 2684 4756 nisi
2710 4686 2885 4756 duos

1332 4789 1543 4884 pedes
1570 4790 1642 4861 in
1670 4790 2069 4861 membrana
2136 4817 2273 4861 suae
2332 4794 2593 4874 eandm,
2655 4806 2885 4865 tamen

1332 4895 1537 4967 habet
1573 4897 1748 4967 duos
1785 4897 2038 4992 digitos
2076 4900 2268 4991 pedis
2304 4899 2376 4969 iu
2442 4899 2684 4971 cubitis
2738 4900 2887 4972 ala-

1333 5025 1488 5073 rum
1515 5026 1827 5089 suarum,
1861 5005 2112 5099 quibus
2142 5007 2353 5075 utitur
2402 5005 2557 5078 loco
2596 5007 2885 5079 duorum

1331 5109 1585 5201 pedum
1638 5132 1656 5192 ;
1705 5117 1772 5180 et
1829 5110 1980 5181 ideo
2035 5135 2193 5182 cum
2257 5110 2461 5195 cadit,
2528 5115 2775 5206 excipit
2809 5137 2885 5188 se

1337 5213 1513 5284 alis:
1558 5223 1627 5285 et
1681 5218 1841 5309 quia
1889 5219 2144 5291 accedit
2199 5218 2285 5289 ad
2349 5228 2660 5290 naturam
2726 5245 2887 5313 qua·

1337 5319 1682 5413 drupedis,
1724 5323 1879 5394 ideo
1907 5323 2111 5397 babet
2140 5348 2335 5396 aures
2370 5327 2542 5395 sicut
2587 5329 2889 5420 quadru-

1334 5429 1541 5521 pedes
1616 5431 2077 5526 insuperiori
2138 5443 2327 5526 parte
2382 5433 2610 5506 lateris
2646 5438 2885 5529 capitis

1336 5537 1466 5606 sui.
1519 5537 1862 5614 Homines
1889 5551 1960 5620 et
2001 5550 2251 5624 caetera
2287 5542 2592 5635 bipedia,
2636 5543 2889 5616 habent

1336 5669 1563 5729 aures,
1602 5650 1713 5721 vel
1752 5652 2088 5724 foramina
2133 5676 2290 5747 quae
2336 5662 2495 5724 sunt
2553 5655 2703 5725 loco
2758 5680 2890 5727 au·-

1339 5753 1517 5824 rium
1564 5759 1651 5827 in
1711 5758 2010 5831 inferiori
2070 5769 2258 5853 parte
2321 5760 2550 5834 lateris
2590 5765 2887 5856 capitum

2973 600 3258 647 suorum
3342 589 3524 649 retro
3608 583 4005 670 juncturam
4088 581 4529 649 mandibulae.

2973 687 3321 756 Animalia
3376 699 3607 758 autem
3650 692 3911 758 marina
3982 713 4137 782 quae
4172 699 4332 759 sunt
4386 714 4542 758 ma-

2972 798 3090 888 gni
3130 802 3464 889 corporis,
3506 807 3574 868 et
3602 800 3942 890 praecipue
3981 822 4137 890 quae
4178 800 4384 892 pedes
4415 798 4546 867 ha-

2972 903 3156 983 bent,
3238 929 3437 975 aures
3511 907 3766 976 habent
3812 906 4231 987 manifestae,
4266 916 4334 977 et
4383 914 4544 976 sunt

2971 1012 3138 1080 boni
3186 1013 3461 1083 auditus
3499 1039 3514 1083 z
3559 1017 3721 1107 quia
3750 1015 3882 1082 nisi
3919 1021 4145 1081 essent
4196 1015 4362 1083 boni
4421 1038 4540 1084 au-

2975 1116 3178 1196 ditus,
3213 1140 3356 1186 non
3417 1121 3733 1188 venirent
3798 1120 3883 1188 ad
3940 1140 4055 1187 eas
4109 1121 4265 1187 soni
4302 1142 4425 1211 per
4460 1142 4543 1187 a-

2977 1246 3210 1314 quam.

3066 1330 3543 1412 Quorumdam
3585 1342 3816 1401 autem
3855 1334 4219 1404 hominum
4261 1345 4328 1405 et
4362 1358 4546 1427 prae-

2975 1443 3174 1531 cipue
3211 1443 3522 1510 virorum
3553 1449 3712 1510 sunt
3742 1442 3981 1534 pilosae
4012 1445 4083 1511 in
4123 1446 4350 1536 aliqua
4379 1466 4543 1534 par-

2976 1557 3067 1629 te,
3100 1550 3406 1620 inferiori
3445 1551 3764 1621 videlicet
3808 1561 3876 1621 et
3912 1553 4222 1622 interiori
4260 1552 4540 1621 conchae

2978 1657 3161 1726 auris
3231 1680 3247 1724 :
3320 1666 3388 1726 et
3453 1659 3914 1750 quorumdam
3980 1661 4052 1727 in
4110 1660 4298 1728 nulla
4353 1668 4545 1752 parte

2979 1771 3135 1831 sunt
3178 1763 3445 1855 pilosae,
3480 1771 3548 1833 et
3613 1764 3932 1857 quaedam
3988 1765 4187 1834 valde
4237 1765 4545 1834 modicos

2979 1880 3046 1939 et
3092 1894 3350 1962 paucos
3387 1871 3643 1941 habent
3670 1872 3848 1964 pilos
3883 1896 3900 1941 ε
3935 1881 4001 1941 et
4030 1872 4158 1942 hoc
4207 1872 4550 1966 significat

2978 1979 3241 2048 bonum
3307 1982 3645 2063 auditum,
3697 2003 3781 2051 eo
3848 1982 4037 2074 quod
4103 1992 4207 2052 est
4271 1984 4547 2076 signum

2980 2087 3259 2177 spiritus
3286 2096 3355 2155 et
3391 2088 3639 2157 caloris
3668 2090 3740 2157 in
3770 2089 3889 2157 illo
3919 2090 4101 2158 loco.

3071 2204 3272 2274 Forte
3303 2214 3537 2274 autem
3577 2213 3781 2275 erunt
3832 2230 4032 2275 aures
4084 2207 4373 2297 alicujus
4427 2207 4552 2278 ho-

2981 2312 3208 2380 monis
3257 2336 3529 2405 magnae
3568 2336 3913 2394 enormeS,
3956 2323 4023 2383 et
4071 2315 4243 2383 forte
4289 2338 4546 2408 parvae,

2981 2428 3049 2488 et
3084 2420 3258 2517 forte
3313 2421 3721 2502 mediocres,
3761 2430 3833 2491 et
3884 2422 4060 2491 forte
4125 2430 4323 2491 erunt
4393 2447 4554 2514 pro-

2982 2530 3321 2596 minentes
3348 2528 3548 2596 valde
3579 2552 3621 2597 a
3646 2530 3897 2621 capite,
3931 2540 4002 2598 et
4037 2530 4210 2599 forte
4241 2554 4278 2599 e
4306 2540 4545 2599 contra

2982 2636 3212 2702 minus
3268 2658 3679 2727 compressae
3712 2660 3935 2730 ⁹super
3997 2646 4225 2729 caput,
4268 2646 4334 2706 et
4371 2638 4546 2706 forte

2980 2749 3142 2811 sunt
3167 2744 3532 2834 positionis
3576 2743 3944 2813 mediocris
3974 2747 4151 2813 inter
4185 2744 4334 2814 haec
4378 2747 4542 2815 duo.

2982 2849 3359 2919 Mediocres
3424 2858 3656 2920 autem
3748 2854 4061 2921 omnium
4164 2854 4544 2945 specierum

2982 2979 3153 3048 quas
3182 2956 3485 3026 diximus
3512 2958 3901 3049 significant
3929 2959 4333 3029 bonitatem.
4369 2958 4542 3029 Cum

2983 3071 3216 3131 autem
3261 3063 3512 3132 fuerint
3548 3064 3876 3133 auriculae
3941 3067 4410 3157 prominentes
4476 3074 4546 3136 et

2981 3195 3253 3264 magnae
3309 3172 3536 3255 valde,
3595 3173 4020 3267 significatur
4075 3174 4434 3255 stoliditas,
4478 3184 4547 3246 et

2981 3279 3370 3370 garrulitas,
3414 3290 3481 3349 et
3554 3282 4038 3373 imprudentia,
4100 3292 4176 3351 ut
4231 3282 4550 3352 dicitLo-

2983 3409 3138 3456 xus.
3207 3386 3451 3456 Parvae
3507 3394 3739 3457 autem
3793 3388 4019 3469 valde,
4098 3389 4550 3482 malignitatis

2983 3504 3142 3565 sunt
3173 3495 3448 3580 indicia,
3488 3497 3666 3567 sicut
3693 3504 3982 3567 testatur
4008 3498 4368 3568 Palemon.
4400 3499 4555 3567 Au·-

2984 3624 3094 3672 res
3121 3609 3355 3672 autem
3409 3623 3570 3695 quae
3631 3604 3828 3696 quasi
3893 3605 4198 3697 praeci'soe
4254 3612 4417 3674 sunt
4479 3609 4554 3675 e't

2983 3708 3184 3779 valde
3227 3708 3502 3791 breves,
3546 3709 3637 3781 ad
3696 3711 4058 3782 stultitiam
4095 3713 4269 3782 dixit
4322 3711 4555 3782 Loxus

2987 3819 3244 3888 referri.
3287 3818 3472 3888 Dicit
3497 3819 3687 3889 enim
3716 3819 3963 3891 debere
3992 3843 4142 3890 esse
4169 3844 4374 3891 aures
4408 3820 4558 3890 Ion-

2986 3937 3208 3999 matas
3263 3928 3861 4001 semicirculariter
3902 3954 4221 4002 connexo
4257 3931 4441 4001 lineo
4482 3933 4555 4000 in

2988 4035 3216 4106 medio
3292 4035 3803 4130 aliquantulum
3894 4061 4232 4109 converso
4315 4061 4559 4108 versus

2989 4151 3328 4224 centrum,
3389 4151 3459 4214 et
3519 4143 3770 4214 medina
3824 4145 4343 4239 magnitudinis,
4396 4168 4555 4238 quas

2989 4250 3311 4321 decenter
3369 4252 3581 4343 capiti
3628 4249 4051 4321 adhereant.
4085 4251 4308 4321 Aures
4364 4252 4556 4321 enim

2988 4357 3282 4428 nimium
3327 4357 3666 4432 ,rotundae
3738 4358 4072 4430 indociles
4133 4359 4552 4451 significant.

2988 4466 3211 4536 Aures
3255 4474 3484 4536 autem
3532 4463 3869 4558 oblongas
3906 4473 3973 4535 et
4010 4475 4345 4559 angustas
4372 4466 4563 4544 invi-3

2987 4574 3120 4645 dite
3159 4574 3394 4643 dicunt
3459 4596 3609 4643 esse
3664 4576 3896 4668 signa.>
3943 4575 4266 4646 Jaeentes
4320 4583 4556 4645 antem

2987 4705 3198 4775 supra
3256 4691 3463 4776 caput
3527 4683 3903 4775 applicatas
3954 4683 4117 4754 dicit
4161 4683 4554 4776 significare

2988 4786 3484 4858 hebetudinem
3520 4797 3590 4859 et
3617 4791 3997 4881 pigritiam.

3079 4899 3299 4966 Causa
3328 4906 3563 4967 autem
3591 4897 4177 4990 significationum
4211 4907 4336 4977 est,
4370 4899 4555 4991 quod

2988 5010 3208 5078 virtus
3282 5006 3651 5077 formative
3691 5007 3972 5102 quando
4015 5007 4268 5078 directe
4306 5008 4559 5078 format

2988 5138 3275 5208 organa,
3326 5122 3447 5184 aut
3491 5114 3719 5185 delicit
3781 5116 4244 5186 instrumento
4307 5114 4558 5185 caloris

2989 5231 3057 5292 et
3100 5222 3407 5314 spiritus,
3440 5229 3509 5291 et
3554 5222 3812 5292 malitia
3847 5224 4160 5294 materia·
4197 5223 4557 5295 defluentis

2991 5330 3278 5402 inundat
3304 5332 3704 5411 enormiter,
3725 5341 3868 5402 aut
3895 5329 4198 5404 siccitate
4227 5340 4295 5402 et
4329 5333 4561 5425 parci-⁶

2990 5449 3126 5510 tate
3146 5438 3456 5530 ejusdem
3489 5462 3531 5507 a
3585 5436 3814 5509 debita
3869 5439 4242 5512 retrahitur
4290 5439 4561 5532 quanti·

2989 5555 3182 5617 tate:
3261 5553 3333 5615 et
3403 5545 3782 5616 secundum
3840 5545 3977 5616 hoc
4066 5568 4208 5619 nou
4267 5555 4559 5640 possunt

2987 5654 3381 5750 principiari
3419 5674 3631 5746 opera
3668 5653 3948 5741 animm,
3977 5656 4265 5726 nisiaut
4305 5659 4563 5725 *secun*

2989 5760 3156 5831 dum
3184 5760 3428 5831 luxum
3453 5765 3577 5827 aut
3601 5759 3976 5852 penuriam-
3989 5759 4386 5856 procedant,
4429 5759 4560 5832 ›in-
