4919 6371
584 386 667 453 34
1328 324 1331 325 γ
1576 376 1658 443 D.
1710 372 1909 440 ALB.

576 561 813 622 tatem.
865 553 1154 642 Propter
1209 547 1391 639 quod
1431 553 1497 612 et
1536 546 1715 632 ipsas
1766 538 2112 629 passiones

576 660 947 727 diffinimus
977 681 1062 725 ex
1090 654 1442 744 sanguine,
1469 648 1765 714 dicentes
1796 643 2032 734 quod
2016 665 2114 708 1ra

579 775 680 834 est
720 766 1026 834 accensio
1057 758 1408 848 sanguinis
1446 761 1684 819 contra
1720 774 1859 829 cor,
1889 759 1952 817 et
1979 771 2111 816 cae-

575 882 722 942 tera
747 867 1141 960 hujusmodi
1180 884 1331 952 quae
1382 860 1677 927 diximus
1706 860 1777 925 in
1833 858 2112 926 scientia

573 980 655 1049 de
693 977 996 1046 Motibus
1041 967 1479 1044 animalium,
1517 974 1582 1033 et
1617 967 1687 1033 in
1717 964 1995 1034 scientia
2029 961 2110 1027 de

565 1086 852 1153 Anima.
1830 1080 1835 1085 ’

661 1191 835 1257 Cum
865 1186 1071 1276 igitur
1098 1182 1563 1250 membrorum
1583 1182 1802 1270 figura
1831 1184 1898 1243 et
1921 1174 2112 1241 habi-

568 1299 734 1366 tudo
765 1300 1172 1388 generentur
1202 1300 1266 1361 et
1305 1293 1688 1359 nutriantur
1718 1310 1802 1353 ex
1840 1283 2111 1374 sangui-

569 1427 679 1484 ne,
715 1402 1125 1471 conveniens
1164 1407 1266 1466 est
1312 1396 1498 1488 quod
1536 1417 1620 1462 ex
1660 1395 1806 1482 ipsa
1834 1390 2110 1458 habitu-

571 1514 728 1581 dine
766 1511 1231 1580 membrorum
1279 1502 1660 1594 aliqualiter
1687 1522 2109 1591 cognoscan-

570 1628 681 1687 tur
732 1615 1234 1686 inclinationes
1313 1610 1732 1700 passionum.
1772 1646 1797 1665 .·
1823 1607 2109 1695 Propter

562 1726 754 1816 quod
786 1725 1059 1813 sapiens
1097 1717 1510 1786 Ptolemoeus
1550 1723 1617 1783 et
1653 1712 2107 1782 Philomensis

523 1858 526 1861 ·
568 1834 909 1915 dixerunt,
945 1827 1128 1918 quod
1157 1826 1470 1892 divinans
1510 1821 1752 1889 melius
1781 1827 1847 1887 et
1881 1819 2107 1887 verius

565 1939 988 2031 pronuntiat,
1044 1934 1399 2024 accipiens>
1421 1931 1779 2020 judicium.
1802 1950 1844 1994 a
1895 1926 2107 1994 stellis

567 2045 880 2115 secundis
911 2051 930 2110 ’τ
958 2042 1287 2111 secundas
1320 2060 1572 2105 vocans
1590 2035 1830 2103 stellas
1860 2033 2107 2123 figuras

566 2160 636 2220 et
664 2151 1034 2220 accidentia
1093 2149 1371 2214 inventa
1426 2145 1497 2210 in
1540 2143 1743 2211 rebus
1776 2138 2103 2232 physicis,

567 2282 723 2351 quae
754 2282 795 2327 a
819 2256 1033 2326 stellis
1069 2253 1531 2346 superioribus
1559 2252 1886 2340 impressa
1905 2256 2101 2315 sunt:

567 2364 714 2433 haec
741 2364 926 2432 enim
947 2363 1091 2453 jam
1130 2361 1460 2449 impressa
1485 2357 1737 2424 scimus
1773 2353 2103 2432 materioe,

562 2478 655 2539 et
668 2469 836 2537 ideo
886 2490 1026 2558 pro
1076 2473 1293 2535 certo
1304 2460 1832 2554 pronuntiamus
1871 2467 2107 2527 totum

567 2575 952 2664 subjectum
971 2572 1057 2640 ad
1084 2569 1458 2639 accidentia
1490 2567 1635 2635 illa
1630 2586 1805 2634 esse
1820 2564 2110 2655 inclina-7·

561 2689 734 2749 tum.
755 2680 1021 2771 Figurae
1040 2685 1266 2745 autem
1284 2657 1627 2742 stellarum
1647 2652 2024 2742 coelestium
2041 2677 2110 2739 et

554 2786 941 2857 accidentia
966 2781 1331 2874 aliquando
1370 2778 1674 2848 materiae
1711 2778 1795 2846 de
1820 2799 1958 2868 qua
1986 2778 2109 2866 J’u-

554 2893 897 2970 dicamus,
923 2891 1466 2980 impressasunt:
1490 2883 1857 2979 aliquando
1877 2891 2104 2952 autem

561 2998 767 3070 nihil
761 2998 1196 3089 imprimunt
1239 2994 1549 3071 omnine,
1596 2990 1933 3113 impedita
1983 3013 2107 3081 per

561 3105 957 3178 contrarias
986 3102 1477 3193 dispositiones
1500 3119 1666 3191 quae
1702 3098 1795 3165 in
1819 3097 2103 3166 materia

560 3214 868 3305 subjecta
894 3211 1363 3281 inveniuntur.
1420 3243 1459 3283 Α
1646 3225 1651 3234 ·

604 3321 775 3394 llis
810 3328 1040 3389 autem
1070 3315 1463 3416 praemissis,
1495 3336 1581 3384 ex
1608 3314 1857 3406 quibus
1894 3267 2102 3383 scitur

560 3450 764 3496 causa
819 3412 1316 3518 probabilitatis
1369 3419 1765 3511 hujusmodi
1857 3420 2099 3509 judicii

556 3533 1026 3605 membrorum
1045 3530 1483 3607 exteriorum,
1504 3549 1745 3597 omnes
1764 3548 2100 3617 ponamus

555 3639 1123 3733 physiognomias
1159 3657 1341 3728 quae
1351 3635 1574 3725 primo
1594 3640 1960 3702 occurrunt
1985 3655 2101 3701 su-

563 3769 688 3839 per
723 3745 1129 3816 discretione
1166 3763 1369 3820 sexus
1390 3737 1753 3820 masculini
1772 3747 1841 3809 et
1876 3738 2098 3809 t'oemi-

553 3853 751 3923 nini..
792 3852 1127 3923 Videmus
1178 3850 1390 3941 igitur
1440 3847 1891 3918 masculinum
1946 3846 2100 3916 ani·-

555 3983 748 4032 mum
776 3970 856 4030 ut
886 3962 960 4030 in
987 3958 1327 4053 pluribus
1322 3955 1802 4027 vehementem
1829 3977 1979 4025 esse
2010 3954 2099 4025 ad

553 4070 850 4160 impetus
911 4066 1128 4147 facilis
1169 4065 1336 4145 odii,
1397 4062 1770 4142 liberalem,
1829 4070 2090 4154 aptum,

555 4174 672 4268 qui
710 4196 853 4243 non
878 4171 1073 4242 facile
1098 4168 1457 4241 hebetatur
1487 4176 1606 4237 aut
1641 4167 2097 4237 circumveni-

552 4288 663 4349 tur
697 4302 773 4348 re
806 4278 1061 4371 aliqua,
1101 4276 1210 4346 vel
1240 4276 1541 4367 ingenio,
1572 4274 1955 4343 vincentem
1972 4295 2095 4365 per

547 4388 895 4467 virtutem,
927 4384 1334 4465 studiosum,
1361 4381 1904 4473 magnanimum,
1928 4388 2095 4450 stre-

546 4514 789 4570 nuum,
821 4499 892 4562 et
909 4498 1153 4561 caetera
1171 4485 1567 4578 hujusmodi
1592 4484 1905 4555 videmus
1930 4508 2061 4556 con
2077 4523 2092 4537 ·

543 4598 779 4668 venire
806 4597 973 4668 viris
1005 4618 1022 4665 ε
1053 4595 1366 4666 foeminas
1393 4616 1430 4661 e
1458 4599 1696 4663 contra
1714 4592 2094 4662 misericor-

544 4705 690 4784 des,
698 4702 1017 4784 invidas,
1057 4700 1252 4770 facile
1278 4698 1591 4768 cedentes
1625 4698 2083 4789 passionibus,

540 4808 796 4881 laboris
824 4809 1282 4900 impatientes,
1314 4825 1608 4883 amaras,
1639 4802 1986 4885 subdolas,
2018 4811 2089 4873 et

541 4915 844 4986 timidas.
1311 4971 1316 4978 .
1634 4979 1635 4986 ¹

630 5031 889 5102 Dextra
914 5030 1217 5122 posthoc
1243 5036 1312 5097 et
1346 4991 1622 5096 sinistra
1647 4989 2077 5097 attendenda.

539 5138 621 5208 Ιιι
645 5139 928 5208 foemina
964 5138 1148 5206 enim
1194 5135 1434 5204 dextra
1461 5134 1710 5217 minor,
1749 5144 1817 5204 et
1861 5134 2085 5256 major

536 5255 825 5337 estpars
852 5245 1127 5313 sinistra
1154 5250 1297 5310 tam
1335 5241 1410 5309 in
1426 5239 1748 5309 manibus
1776 5263 1982 5333 quam
2011 5242 2080 5308 in

529 5352 862 5442 pedibus:
895 5355 970 5422 in
1000 5373 1185 5419 mare
1217 5354 1446 5418 autem
1485 5355 1760 5418 econtra
1813 5348 2082 5417 minora

529 5460 826 5542 sinistra,
861 5467 928 5526 et
953 5461 1267 5548 ,majore-¹
1298 5463 1460 5522 sunt
1488 5454 1874 5531 dextra.12S,i
1926 5455 2077 5547 quis

528 5567 741 5657 igitur.
774 5566 1451 5657 masproprietatem
1482 5564 1557 5634 in
1580 5560 1735 5641 ,hoc
1764 5561 2102 5632 -foeminae

529 5674 816 5764 accipiat
850 5683 981 5750 aut
1002 5670 1789 5772 t'oeminaproprietatem
1834 5669 2100 5774 maris„

1962 366 2177 438 MAG.
2230 366 2435 434 ORD.
2489 367 2787 436 PRAED.

2229 559 2350 626 pro
2393 545 2578 604 certo
2610 537 2884 624 signum
2916 542 3017 601 est
3047 534 3231 624 quod
3255 534 3555 620 jactator
3585 537 3686 597 est
3717 537 3784 596 et

2226 643 2574 710 mendax:
2610 642 2783 708 sicut
2814 649 2881 708 et
2918 641 3081 729 ipsae
3107 648 3334 729 partes
3369 638 3774 706 mendosum

2225 772 2465 817 sexum
2505 749 2633 814 sibi
2674 754 3215 835 assumpserunt.

2310 858 2608 924 Deinde
2592 878 2998 946 incipiamus
3039 878 3078 922 a
3110 877 3413 932 summo,
3464 856 3649 943 quod
3677 862 3776 922 est

2222 963 2644 1053 capillatura,
2680 964 2978 1030 dicentes
3011 962 3196 1053 quod
3227 960 3456 1050 capilli
3501 960 3776 1027 stabiles

2221 1070 2331 1137 vel
2368 1071 2547 1162 nigri
2600 1070 2710 1139 vel
2758 1071 3053 1163 aquatici
3111 1069 3356 1137 coloris
3411 1067 3666 1135 sordidi
3714 1075 3779 1131 et

2219 1179 2450 1257 crassi,
2524 1180 2832 1246 animum
2890 1179 3193 1245 indicant
3235 1177 3625 1244 violentum
3664 1196 3679 1240 :
3713 1181 3779 1240 et

2220 1295 2377 1354 sunt
2405 1287 2659 1355 similes
2689 1287 2856 1355 tales
2899 1309 3063 1376 apro
3095 1285 3205 1353 vel
3243 1286 3347 1352 sui
3383 1307 3538 1375 quae
3569 1283 3772 1351 talem

2220 1392 2426 1460 habet
2455 1393 2952 1484 capillaturam,
2990 1400 3057 1459 et
3101 1391 3448 1458 violentus
3480 1399 3582 1457 est
3611 1413 3775 1479 aper

2219 1509 2285 1568 et
2310 1521 2532 1566 ursus.
2570 1498 2810 1589 Capilli
2854 1506 3084 1566 autem
3133 1497 3378 1564 molles
3422 1506 3489 1565 et
3534 1499 3668 1563 rari
3710 1506 3773 1564 et

2216 1608 2392 1675 ultra
2419 1608 2697 1675 modum
2720 1617 2958 1676 tenues
2981 1608 3196 1685 rubei,
3223 1610 3580 1698 penuriam
3606 1607 3775 1673 indi—

2217 1722 2371 1781 cant
2400 1716 2775 1806 sanguinis,
2821 1724 2887 1783 et
2924 1713 3132 1783 hebes
3164 1715 3520 1805 ingenium
3569 1723 3633 1781 et
3664 1717 3774 1804 pi-

2216 1843 2414 1910 grum
2444 1821 2984 1912 praeloquuntur.
3022 1820 3098 1889 Si
3127 1830 3367 1888 autem
3396 1822 3534 1888 sint
3554 1820 3773 1910 capil-

2217 1930 2261 1996 li
2285 1930 2575 1996 nimium
2615 1932 2841 2019 crispi,
2884 1931 3336 2019 pronuntiant
3374 1928 3764 2008 subdolum,

2217 2059 2556 2125 asperum,
2590 2037 2935 2117 timidum,
2961 2044 3029 2104 et
3057 2035 3228 2104 lucri
3248 2036 3600 2126 cupidum.
3635 2035 3773 2104 Ca-

2216 2142 2360 2232 pilli
2386 2166 2552 2211 vero
2583 2144 2883 2234 depressi
2922 2143 3244 2221 nimium,
3289 2152 3357 2210 et
3393 2143 3598 2210 fronti
3637 2144 3773 2209 im-

2215 2255 2575 2331 minentes,
2624 2251 2846 2319 ferum
2893 2250 3244 2318 declarant
3285 2251 3595 2316 animum
3640 2272 3655 2315 z
3707 2257 3772 2316 et

2215 2359 2321 2427 his
2366 2359 2731 2428 concordat
2768 2358 3007 2448 capitis
3059 2358 3276 2424 ursini
3323 2356 3761 2446 capillatura:

2211 2476 2489 2558 propter
2543 2466 2725 2557 quod
2784 2474 2849 2533 et
2896 2465 3065 2534 tales
3133 2466 3402 2532 ursinos
3457 2464 3766 2531 homines

2213 2574 2410 2643 Plato
2446 2574 2937 2665 pronuntiavit.
2991 2571 3066 2640 Si
3106 2581 3338 2640 autem
3395 2572 3531 2639 sint
3569 2571 3772 2660 supi-

2212 2686 2353 2752 nati
2381 2705 2585 2774 supra
2623 2682 2920 2752 mediam
2958 2682 3254 2749 frontem
3285 2680 3372 2749 ad
3401 2679 3765 2749 cerebrum

2212 2792 2668 2883 respicientes,
2711 2790 3032 2859 callidum
3064 2790 3343 2881 quidem
3391 2789 3461 2856 in
3508 2786 3758 2878 nequi-

2209 2899 2345 2975 tiis,
2388 2896 2507 2964 sed
2569 2896 2775 2963 nimis
2839 2896 3218 2986 sapientem
3279 2892 3758 2984 pronuntiant.

2209 3002 2448 3094 Capilli
2489 3011 2718 3070 autem
2764 3001 2965 3093 rigidi
3021 3008 3088 3069 et
3134 3003 3269 3068 rari
3324 2998 3639 3068 timidum
3686 3006 3754 3065 et

2205 3110 2529 3203 frigidum
2568 3131 2716 3178 esse
2754 3109 3227 3200 pronuntiant.
3255 3106 3499 3199 Capilli
3530 3113 3760 3175 autem

2078 3257 2095 3266 -
2205 3218 2364 3287 ssavi
2394 3226 2461 3286 et
2484 3219 2692 3286 crassi
2717 3217 2956 3297 albidi,
2977 3215 3318 3285 indociles
3345 3215 3582 3284 dicunt
3612 3237 3760 3284 esse

2205 3332 2273 3393 et
2297 3324 2503 3403 feros,
2535 3324 2713 3392 sicut
2747 3331 2862 3392 est
2894 3321 3301 3415 capillatura
3356 3345 3597 3391 eorum
3644 3324 3763 3412 qui

2205 3432 2496 3502 multum
2559 3439 2721 3499 sunt
2770 3430 2861 3500 ad
2892 3431 3340 3523 Aquilonem.
3395 3429 3472 3497 Si
3529 3437 3759 3499 autem

2202 3540 2339 3608 sint
2362 3538 2662 3630 depressi
2699 3535 2925 3629 capilli
2956 3544 3026 3605 et
3058 3539 3237 3606 vasti
3274 3540 3455 3607 circa
3480 3545 3758 3627 tempo-

2201 3669 2279 3715 ra
2303 3653 2372 3714 et
2397 3647 2577 3715 cirea
2601 3666 2827 3724 aures,
2848 3643 3176 3713 callidum
3211 3653 3280 3713 et
3307 3643 3753 3712 libidinosum

2202 3751 2432 3822 dicunt
2459 3749 2817 3821 hominem
2843 3771 3018 3819 esse.
3051 3748 3133 3818 Si
3160 3772 3327 3819 vero
3355 3751 3496 3819 sint
3519 3757 3761 3818 tenues

2200 3865 2269 3926 et
2302 3857 2437 3926 rari
2469 3858 2671 3947 J’uxta
2716 3863 3061 3948 tempora,
3117 3855 3444 3948 trigidum
3489 3877 3571 3925 ac
3605 3857 3754 3924 sine

2198 3963 2459 4033 viribus
2479 3961 2836 4032 hominem
2868 3961 3266 4031 ostendunt.
3309 3960 3556 4053 Capilli
3587 3983 3755 4030 vero

2196 4069 2506 4160 subnigri
2541 4069 2599 4137 si
2619 4070 2758 4138 sint
2792 4066 3146 4137 moderate
3175 4077 3444 4147 tenues,
3486 4074 3565 4135 ut
3589 4067 3755 4137 dicit

2196 4172 2554 4254 Palemon,
2585 4172 3158 4243 bonosindicant
3197 4194 3452 4251 mores,
3513 4181 3586 4242 et
3623 4172 3754 4240 bo-

2194 4303 2356 4350 nam
2392 4277 2704 4350 hominio
2725 4280 3334 4372 compositionem.
3377 4278 3528 4348 lIoc
3568 4278 3749 4347 idem

2194 4388 2563 4459 ostendunt
2580 4386 2876 4458 subtlavi
2895 4386 3253 4457 moderate
3276 4396 3543 4456 tenues.
3567 4386 3743 4455 Avi-

2193 4517 2408 4565 cenna
2442 4503 2675 4564 autem
2705 4492 2897 4572 dicit.
2932 4493 3119 4584 quod
3156 4492 3374 4564 multa
3391 4492 3572 4562 ultra
3594 4514 3751 4561 mo-

2192 4602 2358 4670 dum
2383 4599 2795 4693 capillorum
2827 4599 3129 4670 densitas
3165 4607 3236 4669 et
3279 4601 3632 4692 grossities
3680 4599 3749 4667 in

2182 4709 2565 4800 juventute,
2608 4709 2912 4777 maniam
2952 4709 3024 4775 in
3052 4729 3378 4799 processu
3414 4708 3747 4799 temporis

2188 4816 2514 4885 futuram
2524 4813 3062 4907 proeloquitur..

2278 4921 2353 4991 Si
2414 4930 2643 4990 autem
2681 4921 2863 4991 linea
2925 4921 3012 4989 ad
3078 4942 3288 5012 quam
3334 4872 3741 5014 capillorum

2186 5030 2587 5099 terminatur
2647 5029 3024 5120 generatio,
3086 5028 3435 5098 descendit
3472 5037 3540 5097 et
3607 5028 3747 5096 im-

2184 5140 2399 5208 minet
2424 5139 2655 5218 fronti,
2685 5137 3049 5229 proetendit
3083 5136 3441 5207 bominem
3461 5139 3745 5206 ¹animo-

2180 5267 2336 5314 sum
2361 5234 3022 5314 etmisericordem:
3050 5245 3109 5312 si
3154 5253 3387 5313 autem
3415 5266 3454 5313 e
3501 5252 3740 5313 contra

2182 5353 2518 5424 exaltatur
2545 5376 2588 5422 a
2628 5352 2887 5432 trente,
2939 5351 3283 5442 significat
3316 5351 3645 5421 callidum
3675 5360 3744 5421 et

2180 5460 2680 5530 decalvabilem
2721 5468 2795 5527 et
2817 5505 2832 5514 f
2855 5458 3051 5549 parvi
3090 5458 3476 5528 intellectus
3520 5458 3759 5526 homi--

2179 5586 2375 5635 nem.⁴
2403 5561 3022 5635 Sisautemultima
3057 5560 3242 5632 linea
3263 5571 3427 5654 'post
3465 5562 3741 5653 occiput

2177 5670 2288 5748 ad,
2304 5691 2528 5761 quam
2546 5667 2820 5744 2desinit
2849 5666 3287 5764 ¹capillorum
3307 5705 3314 5726 ε
3354 5668 3758 5760 generatio„
