4919 6371
589 381 718 448 256

675 549 858 615 Inter
888 545 1120 612 omnia
1151 552 1381 609 autern
1428 540 1570 608 haec
1626 541 1971 618 animalia,
2034 541 2137 608 lac

587 652 826 721 cameli
885 656 985 716 est
1048 648 1528 716 tenuissimum
1587 658 1897 739 respectu
1942 648 2135 716 lactis

586 760 875 826 aliorum
907 755 1332 836 animalium,
1377 766 1444 825 et
1500 758 1566 823 in
1615 759 1941 825 tenuitate
1972 779 2137 847 pro-

581 867 846 932 ximum
889 864 1014 954 ipsi
1043 873 1144 932 est
1174 865 1277 933 lac
1309 889 1526 957 cquae,
1561 875 1626 933 et
1656 874 1809 956 post
1842 865 2009 933 illud
2032 865 2134 930 lac

585 976 817 1054 asinae,
862 983 930 1043 et
966 975 1119 1044 ideo
1167 976 1592 1064 consumptis
1659 974 1859 1040 datur
1899 981 1971 1040 ut
2012 972 2136 1038 hu·

586 1091 833 1151 mcctet
861 1105 1017 1150 eos:
1067 1083 1227 1172 quia
1282 1105 1424 1148 non
1463 1088 1564 1148 est
1601 1086 1786 1147 tanta
1843 1080 2135 1145 caseatio

592 1193 762 1282 eju3‚
807 1190 991 1282 quod
1029 1211 1273 1255 nocere
1313 1190 1551 1277 possit.
1588 1186 1671 1252 Et
1710 1185 1985 1275 quidam
2017 1182 2135 1249 ho-

586 1299 851 1365 minum
893 1294 1338 1361 barbarorum
1399 1292 1501 1359 lac
1564 1314 1755 1380 equae
1801 1289 2131 1380 mulgent,

587 1411 654 1470 et
683 1402 809 1469 sub
836 1399 979 1467 sole
1010 1408 1188 1466 stare
1226 1398 1506 1476 faciunt,
1576 1398 1789 1465 donec
1849 1397 2138 1466 reside-at

590 1509 887 1599 spissum
920 1505 1157 1597 ipsius,
1194 1513 1261 1574 ct
1297 1505 1540 1574 deinde
1578 1513 1841 1596 ponunt
1893 1506 1962 1573 in
2013 1528 2142 1572 va-

590 1639 687 1695 se,
750 1615 934 1706 quod
1001 1614 1282 1684 ebulliat
1337 1616 1513 1682 sicut
1541 1613 1793 1682 sicera:
1840 1621 1905 1681 et
1954 1613 2139 1704 quod

590 1725 965 1817 eliquatum
1006 1733 1132 1804 est,
1164 1723 1434 1800 bibunt,
1470 1731 1534 1791 et
1588 1730 1691 1791 est
1745 1724 1842 1790 eis
1884 1744 2143 1790 conve-

586 1834 781 1901 niens
836 1841 1040 1923 potus
1083 1853 1098 1899 ε
1196 1831 1316 1899 sed
1405 1830 1779 1899 dilatantur
1846 1830 2139 1896 multum

589 1939 899 2009 membra
931 1961 1169 2006 eorum
1208 1962 1293 2007 ex
1323 1947 1492 2030 potu
1524 1937 1665 2016 illo,
1689 1938 2008 2019 =maxime
2053 1935 2143 2002 il-

595 2048 821 2114 lorum
862 2046 1148 2137 quinon
1180 2054 1339 2114 sunt
1369 2046 1437 2112 in
1477 2043 1801 2112 continuo
1856 2053 2045 2111 motu
2076 2051 2143 2110 ct

587 2155 909 2222 exercitio
938 2176 953 2220 ε
990 2161 1058 2221 et
1096 2153 1212 2220 tali
1245 2160 1412 2244 potu
1443 2160 1725 2219 utuntur
1753 2151 2146 2219 communi-

591 2270 694 2329 ter
728 2260 988 2328 Tartari
1022 2267 1088 2327 et
1129 2258 1416 2326 Comani
1474 2267 1535 2325 et
1595 2256 1890 2325 Rutheni
1924 2264 1989 2325 et
2025 2256 2140 2324 alii

591 2369 861 2436 finitimi
892 2370 989 2436 eis
1030 2367 1334 2434 Barbari.
1400 2367 1532 2434 Lac
1584 2389 1747 2434 vero
1788 2388 2009 2433 vaccae
2041 2374 2143 2433 est

588 2476 875 2566 spissius
915 2473 1092 2541 inter
1149 2473 1250 2541 lac
1306 2473 1707 2541 animalium
1764 2473 2140 2540 carentium

587 2581 901 2651 dentibus
930 2580 1420 2671 superiorilnuS,
1444 2589 1508 2648 et
1541 2583 1836 2648 maxime
1858 2580 1962 2648 lac
1994 2603 2145 2647 vac-

587 2714 680 2757 cas
719 2689 947 2756 bubali
980 2710 995 2754 :
1032 2698 1100 2756 et
1146 2712 1382 2756 caseus
1426 2690 1571 2777 ejus
1629 2697 1727 2756 est
1764 2688 1961 2756 valde
2005 2697 2143 2756 ter-

589 2797 820 2864 restris
851 2805 916 2863 et
954 2795 1188 2863 durus.

676 2905 809 2972 Lac
847 2913 1072 2972 autem
1105 2927 1243 2972 non
1276 2913 1376 2972 est
1412 2904 1834 2993 coagulabile
1875 2927 1996 2994 per
2023 2903 2145 2970 l'ri-

585 3035 711 3102 gus
766 3020 1046 3102 propter
1111 3013 1660 3079 terrestre-itatem
1710 3033 1861 3101 quae
1927 3018 2027 3077 est
2074 3010 2141 3076 in

588 3122 733 3212 ipso
769 3145 784 3190 ε
822 3122 941 3190 scd
982 3123 1050 3189 in
1091 3121 1339 3213 frigore
1380 3121 1852 3212 comprimitur
1887 3119 1972 3187 ab
2033 3142 2138 3193 eo,

582 3240 641 3296 et
678 3230 1023 3297 residuum
1056 3229 1461 3320 inspissatur
1488 3238 1550 3297 et
1584 3229 1826 3297 residet
1866 3230 1934 3294 in
1979 3227 2143 3295 fun-

582 3338 694 3414 do,
730 3344 794 3405 ct
842 3337 916 3404 lit
966 3358 1279 3428 grossum
1317 3358 1331 3403 :
1368 3358 1489 3427 per
1536 3338 1760 3427 ignem
1792 3357 1957 3402 vero
2006 3356 2142 3401 non

586 3448 1033 3537 ingrossatur‚
1077 3445 1196 3512 sed
1240 3444 1664 3537 coagulatur,
1709 3445 1881 3511 sicut
1912 3443 2144 3512 omnia

586 3553 934 3622 terrestria
1007 3552 1461 3644 coagulantur
1537 3552 1755 3621 calido
1814 3560 1882 3621 et
1965 3553 2143 3620 sicco

585 3661 828 3751 ignito.

667 3765 986 3857 Amplius
1006 3773 1236 3834 autem
1267 3766 1371 3835 lac
1402 3776 1477 3834 ut
1523 3765 1817 3835 multum
1865 3787 2008 3833 non
2035 3771 2140 3832 est

582 3877 648 3942 in
696 3872 929 3966 aliquo
958 3873 1386 3951 animalium,
1421 3876 1549 3942 nisi
1601 3877 1670 3942 in
1722 3876 2146 3964 improegna-

582 3984 766 4050 tione
800 4005 818 4050 t
853 4005 976 4051 nec
1014 3982 1242 4050 statim
1292 3991 1655 4073 generatur
1688 3984 1754 4049 in
1806 3981 2140 4073 prim-ipio

585 4090 1189 4182 impraegnationis,
1222 4090 1340 4158 sed
1371 4091 1439 4158 in
1473 4092 1606 4158 line
1651 4113 1805 4157 eum
1834 4089 2143 4179 comple-

589 4211 699 4269 tus
726 4210 829 4269 est
859 4207 1120 4292 partus,
1152 4207 1220 4269 et
1266 4201 1549 4292 sanguis
1586 4207 1975 4268 menstruus
2022 4199 2139 4289 qui

584 4305 1053 4375 attrahebatur
1098 4306 1184 4374 ad
1231 4305 1685 4376 substantiam
1738 4313 1975 4398 partus
2032 4327 2144 4373 re-

584 4414 841 4481 dundat
888 4413 970 4482 ad
1022 4413 1387 4483 mamillas.
1431 4416 1602 4483 Cum
1648 4423 1875 4484 autem
1907 4412 2141 4506 incipit

582 4520 890 4610 generari
947 4519 1243 4588 formato
1309 4530 1373 4589 et
1430 4521 1726 4614 perfecto
1775 4528 1970 4613 partu
2039 4520 2139 4587 lac

581 4627 882 4718 primum
931 4627 1115 4716 quod
1164 4635 1265 4695 est
1312 4628 1612 4697 vicinum
1660 4627 1909 4720 partui,
1971 4623 2138 4693 nihil

580 4733 864 4800 omnino
912 4731 1120 4809 valet,
1152 4741 1219 4802 et
1265 4742 1369 4802 est
1418 4736 1609 4825 quasi
1659 4737 2007 4803 saniosum
2053 4730 2137 4799 ad

582 4835 748 4905 nibil
804 4839 1088 4906 omnino
1127 4848 1363 4933 aptum
1416 4841 1541 4911 nisi
1584 4849 1653 4908 ut
1697 4839 2133 4910 effundatur:

578 4946 907 5035 quoniam
936 4945 1160 5037 ipsum
1201 4955 1300 5016 est
1332 4955 1859 5040 purgamentum
1891 4968 2140 5038 super·-

579 5053 914 5120 lluitatum
947 5076 1099 5144 qua*
1148 5063 1305 5124 stunt
1347 5056 1413 5122 in
1451 5055 1727 5122 matrice
1757 5059 1823 5121 et
1846 5053 2041 5119 venis
2070 5060 2136 5119 et

576 5160 925 5237 mamillis.
960 5170 1025 5228 ct
1065 5161 1220 5230 ideo
1268 5172 1620 5255 reputatur
1664 5163 2015 5230 saniosum
2072 5168 2140 5229 et

575 5269 1038 5349 immundum,
1098 5280 1166 5341 et
1221 5271 1522 5342 maxime
1567 5275 1636 5340 in
1685 5271 1791 5340 his
1829 5278 1947 5365 qui
2010 5278 2141 5367 pri·

576 5398 765 5443 mum
797 5377 1006 5446 edunt
1038 5378 1261 5457 smtus,
1302 5382 1475 5449 sicut
1508 5401 1882 5473 puerperze.
1922 5381 2141 5451 Simi-

577 5482 729 5550 liter
781 5491 1009 5551 autem
1066 5485 1169 5555 lac
1205 5486 1403 5555 valde
1451 5493 1791 5555 remotum
1848 5512 1889 5556 a
1940 5500 2136 5582 partu

575 5590 779 5657 nimis
826 5597 930 5658 est
975 5598 1179 5661 tenue
1217 5616 1233 5662 ε
1266 5595 1425 5684 quia
1458 5595 1603 5683 jam
1661 5595 1958 5665 nobilius
2014 5599 2141 5667 de-

575 5698 830 5768 scendit
865 5698 931 5767 in
964 5698 1316 5771 libidinem
1348 5703 1433 5771 ad
1458 5706 1806 5773 matricem
1838 5728 1989 5798 quae
2017 5706 2132 5777 de-

1588 371 1670 437 D.
1723 369 1921 436 ALB.
1977 368 2197 437 MAG.

2253 370 2457 442 ORD.
2513 375 2803 444 PRAED.

2255 544 2504 613 siderat
2533 556 2954 637 conceptum,
2990 557 3057 616 et
3097 549 3372 640 sanguis
3415 558 3801 616 menstruus

2253 650 2423 719 redit
2471 652 2553 720 ad
2608 655 2751 719 vias
2794 665 3175 722 consuetas.
3220 656 3521 723 Medium
3572 664 3800 722 autem

2254 756 2356 824 lac
2378 759 2551 825 inter
2587 757 2728 826 haec
2757 759 2889 825 duo
2923 768 3229 849 tempora
3259 772 3360 829 est
3389 763 3801 830 conveniens
3884 793 3894 802 ·

2252 872 2317 929 et
2357 865 2610 932 bonum
2653 868 2720 932 in
2768 888 3186 955 unoquoque
3222 868 3500 934 animali
3552 892 3800 936 secun-

2252 969 2412 1037 dum
2455 995 2650 1039 suum
2680 996 2915 1062 genus.
2956 972 3283 1040 Similiter
3322 981 3551 1040 autem
3592 976 3796 1042 etiam

2250 1083 2345 1140 est
2405 1078 2473 1141 in
2530 1077 2816 1144 multum
2867 1079 2980 1145 diu
3038 1079 3294 1166 jejunis
3324 1079 3654 1146 matribus
3693 1080 3797 1147 lac

2252 1190 2451 1247 tenue
2493 1183 2716 1261 nimis,
2751 1192 2816 1249 et
2855 1186 2920 1249 in
2961 1183 3255 1251 multum
3307 1182 3567 1275 gulosis
3616 1183 3798 1250 indi-

2251 1301 2538 1382 gestum.
2572 1294 2655 1360 lit
2697 1295 2795 1361 lac
2825 1296 3007 1383 quod
3047 1298 3116 1362 in
3157 1317 3355 1361 mane
3407 1296 3630 1384 primo
3680 1317 3801 1361 ve-

2253 1403 2350 1467 nit
2416 1402 2498 1469 ad
2559 1400 2915 1479 mamillaS,
2978 1408 3078 1468 est
3137 1404 3329 1491 quasi
3384 1425 3805 1492 purgamen-

2251 1518 2397 1576 tum
2431 1532 2445 1577 ε
2485 1519 2757 1601 propter
2797 1509 2979 1600 quod
3008 1509 3201 1599 periti
3247 1509 3315 1574 in
3356 1519 3499 1577 arte
3544 1510 3808 1577 lactan-

2252 1615 2318 1683 di
2350 1616 2745 1706 praecipiunt
2782 1617 3003 1705 primo
3035 1637 3235 1681 mane
3275 1611 3625 1703 emulgere
3650 1638 3805 1680 ma-

2253 1746 2456 1812 gnam
2495 1733 2750 1812 partem
2795 1723 2984 1789 lactis
3035 1724 3357 1798 nutriceS,
3416 1728 3480 1787 et
3520 1729 3680 1788 tunc
3723 1721 3804 1788 de

2253 1830 2521 1897 residuo
2554 1830 2794 1897 lactare
2834 1830 3123 1896 infantes
3162 1852 3176 1895 :
3211 1836 3278 1895 et
3316 1828 3480 1896 dum
3524 1828 3798 1907 lactant,

2253 1939 2656 2029 praecipiunt
2703 1938 2963 2005 moveri
3036 1937 3326 2004 infantes
3383 1959 3541 2004 cum
3606 1945 3806 2004 cantu

2253 2047 2539 2122 musico,
2603 2047 2768 2114 sicut
2828 2046 3050 2112 solent
3105 2045 3395 2112 infantes
3470 2044 3539 2110 in
3615 2043 3806 2110 cunis

2254 2156 2512 2221 moveri
2542 2176 2695 2221 cum
2741 2155 2977 2220 naeniis
3030 2151 3341 2220 cantibus
3382 2150 3743 2218 mulierum
3782 2172 3795 2218 :

2254 2273 2480 2330 motus
2520 2272 2744 2330 tamen
2770 2284 3099 2330 cunarum
3140 2261 3339 2329 debet
3371 2283 3519 2327 esse
3552 2259 3800 2339 lentuS,

2253 2377 2318 2436 et
2365 2379 2602 2437 cantus
2631 2372 2856 2437 suavis
2891 2391 2905 2435 :
2944 2371 3104 2459 quia
3143 2368 3404 2434 musica
3442 2366 3601 2434 facit
3651 2389 3805 2433 cum

2252 2476 2502 2567 gaudio
2541 2487 2602 2544 et
2652 2477 2921 2544 lenitate
2982 2477 3261 2566 spiritus
3319 2474 3616 2562 recipere
3671 2495 3807 2539 nu-

2253 2587 2675 2662 trimentum,
2714 2595 2938 2652 motus
2970 2591 3198 2650 autem
3232 2583 3481 2649 excitat
3512 2581 3806 2649 calorem

2254 2705 2311 2760 vl
2366 2695 2683 2760 virtutem
2744 2693 3176 2782 digestivam,
3221 2712 3371 2780 quae
3416 2691 3481 2755 in
3534 2689 3804 2756 intanti-

2253 2800 2379 2867 bus
2411 2801 2623 2869 multo
2655 2802 2966 2867 immersu
3002 2809 3101 2867 est
3132 2797 3415 2865 humido
3464 2821 3477 2864 :
3523 2806 3587 2863 et
3647 2798 3800 2886 quia

2255 2908 2544 2976 multum
2595 2909 2706 2975 dat
2738 2908 2835 2975 lac
2888 2908 3412 2982 nutrimentum,
3448 2904 3696 2971 suflicit
3738 2905 3804 2969 in

2254 3016 2361 3084 «lic
2394 3014 2495 3082 bis
2526 3015 2626 3083 vel
2666 3025 2761 3083 ter
2792 3014 3034 3082 lactare
3069 3013 3361 3080 infantes
3393 3019 3671 3102 propter
3699 3009 3806 3077 de·

2252 3123 2421 3192 biles
2495 3124 2775 3191 virtutes
2832 3124 3131 3213 ipsorum
3169 3144 3184 3191 :
3221 3128 3286 3188 et
3340 3118 3394 3187 si
3465 3118 3804 3209 superflue

2253 3232 2559 3324 pluribus
2590 3231 2845 3298 vicibus
2878 3230 3232 3306 lactantur,
3269 3231 3625 3298 incurrunt
3654 3235 3807 3294 tus-

2253 3365 2361 3407 ses
2399 3348 2465 3409 et
2485 3339 2913 3431 repletiones.

2342 3449 2719 3541 Aliquoties
2783 3458 3011 3515 autem
3087 3447 3380 3515 l'oeminae
3446 3445 3805 3536 superlluae

2254 3558 2678 3628 humiditatis
2707 3580 2856 3649 quaa·
2895 3579 3033 3625 non
3078 3558 3642 3647 impraegnantur,
3674 3552 3808 3620 t’or-

2252 3676 2317 3737 tc
2357 3664 2702 3735 habebunt
2738 3662 2990 3756 aliquid
3026 3662 3219 3731 lactis
3258 3660 3327 3728 in
3357 3657 3706 3736 mamillis,
3739 3664 3808 3727 et

2249 3775 2588 3865 przecipue
2634 3771 2953 3861 virgines,
3014 3778 3078 3837 et
3137 3789 3288 3860 quae
3353 3765 3467 3836 diu
3522 3789 3563 3835 a
3619 3767 3803 3835 roitu

2250 3880 2716 3948 abstinuerunt
2756 3901 2770 3945 ε
2805 3877 3129 3969 quoniam
3199 3874 3267 3941 in
3344 3872 3479 3940 illis
3555 3872 3804 3940 subtile

2249 3988 2603 4079 sanguinis
2633 3985 2963 4054 redundat
2992 3980 3368 4074 aliquando
3399 3979 3482 4048 ad
3526 3978 3805 4046 mamil-

2254 4095 2377 4173 las,
2424 4092 2609 4186 quod
2664 4089 3003 4161 utentibus
3069 4087 3288 4157 multo
3341 4088 3528 4156 coitu
3589 4085 3807 4153 effluit

2251 4225 2375 4294 per
2400 4201 2652 4268 coitum
2687 4220 2703 4265 ε
2739 4205 2803 4265 et
2832 4196 2985 4264 idco
3015 4194 3409 4286 pru-cipitur
3449 4215 3490 4261 a
3528 4192 3809 4284 sapien-

2246 4309 2429 4378 tibus
2457 4306 2899 4381 medicorum,
2933 4302 3118 4396 quod
3149 4302 3450 4371 nutrices
3476 4323 3614 4369 non
3648 4322 3812 4369 coe-

2248 4425 2362 4489 ant
2394 4417 2558 4485 dum
2590 4414 2835 4482 lactant
2865 4411 3154 4481 infantes
3190 4433 3205 4479 :
3239 4410 3400 4502 quia
3427 4409 3483 4476 si
3526 4415 3801 4483 coeunt,

2246 4527 2560 4596 subtilius
2615 4523 3005 4593 substantiae
3055 4521 3246 4589 lactis
3304 4526 3662 4609 separatur
3719 4515 3803 4584 ad

2243 4635 2530 4714 coitum,
2566 4642 2625 4700 et
2659 4632 2991 4700 nutrietur
3017 4650 3191 4721 puer
3225 4647 3470 4718 grosso
3509 4624 3807 4693 alimen-

2246 4746 2316 4805 to
2347 4737 2535 4805 lactis
2572 4744 2639 4804 et
2667 4732 3196 4804 inconvenienti.
3234 4729 3561 4798 Foerninae
3592 4728 3803 4797 etiam

2248 4843 2708 4935 impr-‘rgnatae
2790 4837 3156 4933 aliquando
3233 4835 3490 4905 habent
3564 4833 3667 4902 lac
3734 4834 3806 4900 in

2248 4950 2571 5022 mamillis
2624 4975 2706 5021 ex
2760 4949 2988 5020 herbis
3054 4970 3225 5041 quas
3289 4943 3686 5022 comedunt,
3739 4949 3807 5011 et

2247 5061 2376 5130 hoc
2409 5083 2560 5129 raro
2598 5058 2857 5128 accidit.
2904 5054 3291 5150 Aliquando
3331 5059 3562 5122 autem
3623 5050 3809 5119 acri-

2246 5172 2369 5252 dit,
2422 5168 2605 5263 quod
2652 5168 2854 5237 etiam
2906 5166 3201 5234 smmime
3251 5184 3404 5256 quoe
3445 5179 3808 5251 processe-

2247 5287 2403 5345 runt
2444 5277 2512 5343 in
2567 5282 2760 5343 oetate
2807 5280 2871 5341 et
2907 5279 3065 5341 sunt
3105 5268 3383 5348 vetulae,
3426 5263 3803 5358 aliquando

2248 5387 2350 5456 lac
2382 5387 2449 5453 in
2492 5380 2806 5451 mamillis
2843 5379 3117 5453 habent,
3163 5386 3228 5447 ‹·t
3276 5376 3407 5445 boc
3468 5374 3802 5464 contingit

2249 5492 2519 5585 quando
2548 5490 2861 5558 desinunt
2890 5490 2987 5556 cis
3014 5488 3159 5557 lieri
3192 5493 3547 5555 menstrua
3573 5505 3658 5553 ex
3687 5503 3801 5549 re-

2243 5599 2616 5669 dundantia
2676 5597 3029 5688 sanguinis
3093 5593 3427 5665 menstrui
3495 5591 3577 5660 ad
3660 5612 3803 5659 ma·

2244 5706 2470 5775 millas
2500 5727 2518 5774 ε
2551 5704 2730 5774 unde
2758 5701 3125 5795 aliquando
3152 5703 3603 5772 inveniuntur
3637 5694 3803 5764 ube-
