4919 6371
2018 414 2189 482 LIB.
2244 412 2338 478 xl
2390 410 2507 477 DE
2554 410 3146 498 ANIMALIBL'S,
3199 415 3513 484 TRACT.
3568 414 3629 481 11

1169 589 1567 658 ‹liss'erentiae
1626 590 1827 655 unius
1895 595 1962 653 et
2021 583 2322 673 ejusdem
2377 584 2496 659 rei,
2569 605 2718 673 quae

1167 700 1288 764 uni
1356 706 1422 764 et
1477 695 1699 764 eidem
1759 692 2078 760 divisioni
2128 699 2285 759 sunt
2353 691 2717 769 attributae,

1166 805 1325 894 quia
1355 803 1485 869 illae
1533 809 1693 867 sunt
1731 799 2124 867 immediate
2173 799 2500 891 oppositae
2543 821 2557 864 ε
2603 797 2723 865 sed

1163 908 1407 974 ultima
1448 906 1825 974 differentia
1866 906 2064 974 debet
2087 915 2349 973 tantum
2380 928 2524 973 esse
2556 925 2713 969 una.

1164 1013 1402 1080 Plures
1461 1021 1690 1081 autem
1744 1036 1893 1104 quae
1933 1014 2242 1105 pluribus
2272 1009 2718 1079 divisionibus

1161 1119 1646 1199 attribuuntur,
1686 1124 1888 1189 unius
1942 1130 2010 1189 et
2051 1119 2356 1209 ejusdem
2415 1118 2511 1184 rei
2571 1137 2715 1183 esse

1157 1238 1466 1318 possunt,
1514 1232 1687 1298 sicut
1746 1231 2026 1305 alatum,
2073 1236 2133 1295 et
2193 1227 2405 1314 bipeS‚
2443 1232 2510 1292 et
2576 1223 2711 1290 lissi

1158 1336 1349 1425 pedis
1390 1339 1685 1405 existens
1784 1336 2110 1425 quoniam
2158 1356 2295 1400 una
2333 1332 2574 1398 divisio
2616 1339 2715 1398 est

1153 1443 1226 1511 in
1257 1445 1540 1523 alatum,
1574 1452 1639 1511 et
1670 1465 1807 1509 non
1840 1442 2121 1519 alatum,
2154 1450 2220 1508 et
2257 1440 2467 1507 altera
2514 1448 2612 1508 est
2643 1440 2711 1505 in

1154 1551 1372 1640 bipes,
1406 1560 1474 1618 et
1514 1574 1652 1618 non
1682 1549 1873 1640 bipes
1926 1572 1942 1616 ε
1988 1558 2053 1617 et
2091 1550 2286 1617 tertia
2334 1548 2596 1640 bipedis
2639 1549 2711 1615 in

1153 1658 1388 1724 fissum
1422 1656 1664 1748 pedem
1698 1655 1983 1736 habens,
2018 1664 2085 1725 et
2116 1680 2254 1724 non
2310 1656 2546 1723 fissum
2587 1677 2711 1746 pe-

1155 1765 1310 1834 dem
1350 1763 1630 1835 habens.

1711 2742 2005 2812 CAPUT
2053 2742 2139 2810 11.

1140 3485 1386 3551 Utrum
1420 3483 1890 3575 incipiendum
1920 3485 2012 3552 sil
2042 3483 2130 3553 ab
2163 3486 2691 3573 unirer-salibra,

1529 3616 1618 3659 an
1658 3616 1702 3659 a
1737 3592 2344 3684 particularibus?

1221 4448 1576 4518 Dubitabit
1641 4459 1870 4519 autem
1949 4450 2218 4543 aliquis,
2281 4477 2489 4544 quare
2554 4456 2690 4524 duo

1128 4578 1380 4645 genera
1411 4556 1844 4637 animalium,
1889 4558 2140 4627 scilieet
2186 4562 2435 4628 animal
2469 4586 2691 4654 aquo-

1130 4687 1281 4731 sum
1314 4665 1500 4756 quod
1539 4674 1643 4734 est
1681 4668 1908 4757 piscis,
1969 4675 2036 4735 et
2093 4668 2342 4737 animal
2418 4671 2690 4740 volatile

1134 4772 1315 4863 qnod
1349 4781 1450 4840 est
1483 4775 1656 4850 avis,
1693 4798 1830 4842 nnn
1870 4774 2539 4866 comprehenduntur
2572 4802 2692 4847 uo·

1129 4881 1313 4946 mine
1355 4903 1517 4949 uno.
1574 4880 1690 4951 Isti
1723 4885 1907 4950 enim
1958 4883 2142 4951 modi
2192 4886 2588 4954 animalium
2621 4897 2689 4956 et

1125 4988 1238 5054 alii
1300 5013 1596 5080 quorum
1668 4991 2039 5060 accidentia
2108 5004 2262 5060 sunt
2322 4998 2680 5072 contraria,

1124 5105 1298 5164 recte
1329 5100 1536 5166 etiam
1580 5101 1859 5167 nomin«-
1892 5100 2289 5169 dividuntur
2321 5125 2336 5169 :
2372 5104 2487 5172 scd
2521 5129 2688 5196 quo·

1121 5225 1270 5270 rum
1308 5205 1684 5275 accidentia
1716 5208 1993 5298 propria
2023 5217 2180 5275 sunt
2210 5212 2685 5280 convenientia

1120 5309 1189 5375 in
1241 5314 1686 5402 proportione
1745 5313 1828 5379 acl
1898 5336 2139 5393 uuum,
2185 5314 2297 5384 illa
2369 5317 2687 5387 videntur

1121 5439 1268 5484 esse
1310 5419 1510 5486 unica
1549 5422 1759 5487 etiam
1805 5422 2082 5488 nomine
2116 5445 2278 5490 uno.
2316 5425 2687 5502 Qua-cum-

1126 5547 1255 5615 que
1287 5526 1469 5594 enim
1502 5550 1757 5618 genera
1786 5539 1941 5596 sunt
1977 5530 2402 5609 animalium,
2429 5556 2582 5623 qum
2615 5536 2684 5601 in

1128 5632 1589 5702 accidentibus
1628 5639 1921 5728 propriis
1979 5660 2115 5705 nou
2185 5636 2501 5707 dill'erunt
2555 5642 2683 5710 nisi

4272 420 4393 485 581

2840 585 3044 651 etiam
3080 586 3361 652 nomine
3391 607 3556 663 uno,
3590 587 3765 653 sicut
3810 609 3946 653 una
4005 596 4240 654 natura
4302 597 4401 654 est

2836 692 2907 756 in
2940 688 3261 757 omnibus
3295 694 3705 779 comparatis
3734 692 3817 757 ad
3849 693 4165 758 invicem.
4205 692 4400 771 Quae-

2832 818 3126 884 cumque
3168 797 3349 862 enim
3390 805 3897 887 comparantur,
3943 807 4100 865 sunt
4142 801 4396 865 univo-

2831 925 2932 982 ca,
2978 904 3152 970 sicut
3182 911 3528 972 ostensum
3560 916 3658 973 est
3691 908 3759 973 in
3814 909 4103 996 septimo
4145 908 4393 997 Physi-

2830 1032 3065 1077 corum
3097 1034 3119 1076 .·
3170 1011 3288 1079 sed
3353 1035 3433 1079 ea
3501 1035 3948 1102 quaecumque
4014 1022 4171 1080 sunt
4239 1036 4390 1103 quae

2829 1116 3081 1186 habent
3147 1122 3699 1187 convenientiam
3776 1119 4069 1186 similem
4145 1144 4392 1188 secun-

2829 1224 2988 1291 dum
3011 1229 3529 1316 proportionem
3574 1227 3658 1292 ad
3698 1249 3940 1307 unum,
3976 1237 4133 1293 sunt
4172 1228 4391 1294 divisa

2826 1340 2892 1399 et
2919 1333 3137 1422 posita
3170 1355 3290 1422 per
3346 1356 3417 1400 se
3476 1336 3542 1399 in
3603 1331 3999 1400 nominibus
4052 1333 4384 1401 diversis:

2826 1440 3008 1528 quod
3074 1438 3345 1507 videtur
3417 1462 3560 1507 esse
3625 1441 4138 1507 inconveniens,
4176 1439 4392 1507 Verbi

2822 1543 3067 1636 gratia,
3115 1547 3292 1615 inter
3346 1570 3542 1614 avem
3615 1557 3681 1614 et
3748 1570 3944 1613 avem
4014 1571 4164 1636 quae
4236 1555 4396 1615 sunt

2820 1652 3023 1716 unius
3054 1658 3120 1718 et
3160 1652 3465 1741 ejusdem
3502 1655 3801 1741 generiS,
3847 1662 3948 1719 est
4008 1652 4387 1719 differentia

2821 1780 2972 1847 quie
3015 1767 3116 1826 est
3154 1760 3530 1829 secundum
3565 1761 3782 1851 magis
3813 1769 3878 1826 et
3909 1760 4135 1826 minus
4165 1761 4231 1825 in
4272 1784 4383 1828 ea-

2819 1864 2975 1933 dem
3005 1874 3274 1949 natura‚
3317 1868 3644 1957 quoniam
3677 1874 3965 1957 utraque
4006 1875 4106 1933 est
4144 1867 4322 1934 alata
4360 1892 4375 1935 :

2817 1972 2931 2040 sed
2963 1995 3101 2039 una
3132 1981 3233 2040 est
3262 1974 3483 2064 magis
3514 1971 3694 2039 alata
3724 1996 3875 2062 quae
3908 1981 4008 2040 est
4047 1972 4378 2062 longioris

2816 2081 2966 2159 alae,
3003 2089 3068 2149 et
3118 2083 3251 2150 alia
3281 2091 3381 2150 est
3422 2084 3649 2149 minus
3689 2080 3861 2148 alata
3914 2104 4064 2172 qua·
4096 2090 4195 2148 est
4253 2082 4377 2148 aloe

2814 2189 3146 2258 brevioris
3181 2215 3196 2258 ε
3235 2200 3298 2259 et
3348 2191 3498 2259 ideo
3544 2199 3703 2258 sunt
3744 2193 3809 2257 in
3865 2214 4112 2281 genere
4140 2213 4281 2257 uno
4315 2198 4378 2257 et

2813 2301 3091 2368 nomine
3161 2324 3298 2368 uno
3331 2310 3395 2368 et
3446 2325 3582 2366 una
3614 2301 3874 2368 ratione
3924 2323 4074 2390 quae
4124 2308 4226 2367 est
4263 2325 4377 2366 se-

2810 2408 3111 2477 cundum
3142 2432 3395 2477 nomen
3425 2409 3614 2477 illud.
3645 2408 3783 2476 Sed
3804 2409 4183 2475 ‹lill'ercntia
4215 2431 4372 2497 qua·

2813 2525 2913 2584 est
2946 2519 3121 2584 inter
3148 2519 3366 2607 pisces
3411 2525 3472 2583 et
3522 2539 3706 2594 aves,
3749 2516 4063 2582 similiter
4104 2515 4377 2582 videtur

2811 2648 2955 2692 esse
2995 2625 3367 2693 secundum
3401 2624 3949 2692 convenientiam
3982 2627 4378 2714 proportio-

2809 2734 2913 2800 nis
2943 2733 3029 2800 ad
3086 2756 3301 2800 uuum
3347 2754 3361 2798 ε
3406 2734 3734 2823 quoniam
3804 2732 3885 2798 ad
3947 2730 4075 2798 ho‹·
4147 2734 4368 2821 ipsum

2809 2840 2989 2931 quod
3022 2864 3181 2907 aves
3215 2838 3464 2907 liabent
3497 2838 3831 2930 plumam,
3866 2840 3946 2905 ad
3983 2837 4110 2905 hoc
4140 2839 4365 2929 ipsum

2807 2953 3023 3039 pisces
3089 2947 3339 3016 liabent
3407 2970 3728 3038 squamas
3781 2948 3930 3014 loeo
3960 2946 4208 3036 plumae.
4247 2969 4262 3012 :
4300 2956 4365 3014 et

2809 3062 2934 3127 ista
2972 3058 3392 3148 comparatio
3444 3080 3593 3146 quae
3636 3059 3701 3122 lit
3764 3055 4139 3123 secundum
4195 3078 4364 3144 pro-

2804 3167 3188 3258 portionem
3231 3166 3523 3233 duorum
3592 3163 3680 3231 ad
3744 3187 3985 3239 unum,
4043 3164 4218 3231 sicut
4280 3162 4364 3231 ad

2804 3275 2985 3344 idem
3051 3281 3536 3365 comparantur
3599 3272 3851 3363 pluma·
3907 3281 3972 3339 et
4026 3294 4360 3361 squamm,

2805 3405 2941 3451 non
2974 3391 3075 3451 est
3115 3382 3310 3451 facile
3342 3382 3410 3448 in
3442 3379 3761 3448 omnibus
3788 3379 4185 3447 differentiis
4218 3381 4368 3472 qui-

2802 3488 2930 3556 hus
2971 3489 3295 3558 ditl'erunt
3359 3510 3613 3579 genera
3688 3485 4087 3553 aniimilium
4125 3509 4139 3552 :
4185 3510 4368 3579 quo-

2804 3600 2984 3665 niam
3037 3620 3176 3665 non
3217 3619 3457 3664 omnes
3503 3596 3901 3662 ‹lill'erentiae
3931 3618 4170 3662 eorum
4198 3619 4363 3686 pro-

2801 3706 3278 3797 portionantur
3307 3704 3394 3771 ad
3424 3727 3664 3783 unum,
3707 3704 3826 3771 sed
3866 3712 3967 3771 est
4005 3703 4200 3771 valde
4228 3703 4364 3771 dif-

2803 3812 3018 3881 licilis.
3057 3811 3450 3879 Accidentia
3489 3811 3673 3878 enim
3715 3809 3827 3877 illa
3868 3834 4076 3900 penes
4104 3834 4255 3901 quae
4290 3814 4357 3878 lit

2799 3918 3401 4012 proportionalitas
3438 3918 3521 3986 ad
3554 3918 3730 3984 idem
3765 3918 4062 4007 plurium
4094 3919 4367 3985 anima-

2800 4030 2994 4107 lium,
3039 4028 3107 4095 in
3138 4051 3390 4119 genere
3459 4035 3608 4094 sunt
3646 4026 4045 4093 substantia·
4078 4036 4140 4094 et
4197 4025 4364 4092 ulti-

2799 4158 2930 4201 ma·
2972 4134 3208 4201 formae
3246 4130 3752 4206 substantiales,
3789 4130 3939 4198 licet
3984 4129 4358 4198 seeundum

2799 4242 3081 4310 modum
3156 4242 3392 4309 l'oriiia‘
3441 4238 3909 4306 substantialis
3974 4260 4113 4305 non
4164 4238 4358 4305 faeiat

2797 4350 3002 4418 talem
3033 4348 3407 4417 secundum
3441 4348 3663 4436 magis
3694 4355 3754 4412 et
3785 4345 4012 4412 niinus
4053 4344 4365 4411 differen-

2796 4461 2988 4535 tiam,
3068 4457 3186 4525 sed
3255 4457 3484 4546 potius
3549 4453 3926 4521 seeundum
3983 4453 4361 4542 potentiam

2796 4562 3176 4634 naturalem
3258 4562 3463 4630 talem
3551 4561 3842 4628 ferinam
3933 4581 4363 4648 cousequen-

2793 4681 2929 4742 tem
2968 4697 2983 4741 :
3018 4673 3190 4740 sicut
3220 4672 3275 4738 si
3306 4671 3527 4738 dicam
3583 4668 3933 4736 bominem
3987 4689 4134 4733 esse
4196 4688 4356 4755 pru·

2793 4783 3173 4850 dentiorem
3203 4804 3410 4872 quam
3448 4779 3670 4846 simia.
3706 4775 4144 4867 Comparatio
4176 4775 4358 4842 enim

2792 4912 2931 4957 non
2989 4890 3062 4956 lit
3122 4886 3191 4955 in
3241 4886 3511 4959 habitu,
3545 4885 3663 4952 sed
3715 4885 3783 4952 in
3825 4893 4067 4951 natura
4108 4883 4359 4949 antima·

2792 4996 3146 5090 prudentis
3186 5018 3200 5063 :
3236 4994 3386 5061 lieet
3431 4995 3650 5084 magis
3682 5000 3752 5060 et
3801 4992 4031 5058 ininius
4076 5013 4211 5056 nou
4244 5014 4360 5055 ae-

2790 5106 2969 5173 cidat
3013 5104 3248 5171 formae
3281 5101 3711 5169 substantiali
3753 5098 4128 5167 seeundum
4172 5098 4353 5187 quod

2789 5222 2893 5280 est
2950 5212 3170 5278 forma
3253 5206 3744 5284 substantialis,
3806 5206 3923 5271 sed
3980 5202 4354 5268 secundum

2788 5315 3128 5407 potentias
3242 5311 3588 5381 naturales
3699 5307 4072 5376 secundum
4185 5328 4357 5396 quas

2789 5425 2933 5514 ipsa
3017 5423 3248 5491 anima
3326 5429 3428 5490 est
3513 5418 3922 5510 principium
4010 5415 4359 5504 operatio-

2788 5557 2981 5602 nunu

2875 5640 2961 5709 Et
2990 5641 3121 5709 hoc
3150 5646 3248 5708 est
3283 5638 3465 5730 quod
3498 5638 3716 5703 forma
3735 5630 4199 5702 substantialis
4230 5630 4353 5697 du-

1132 5739 1506 5807 secundum
1541 5742 1762 5831 majus
1790 5752 1858 5812 et
1913 5745 2166 5824 minus,
2208 5744 2321 5812 illa
2358 5748 2690 5815 uniuntur
2785 5748 3051 5841 pliciter
3078 5747 3569 5817 consideratur.
3620 5744 3772 5813 Uno
3822 5742 4099 5834 quidem
4138 5738 4346 5806 inodo
