4919 6371
541 396 580 458 8
1491 382 1577 447 D.
1628 374 1825 442 ALB.
1878 368 2093 436 MAG.
2150 366 2353 433 ORD.
2407 366 2704 434 PRAED.

1111 1337 1402 1467 CAPUT
1441 1395 1560 1461 ΠΙ.

566 2135 672 2199 Dc
710 2127 1103 2219 differentia
1122 2124 1556 2193 Animalium
1572 2145 1778 2214 penes
1805 2122 2100 2210 reqimen

829 2235 985 2303 vitee
1023 2234 1097 2299 in
1133 2233 1484 2300 mumione
1519 2240 1582 2296 et
1619 2239 1832 2296 motu.

649 3107 897 3177 Modus
922 3081 1144 3172 etiam'
1162 3102 1689 3194 comparationis
1708 3101 2103 3170 animalium

564 3214 942 3286 secundum
975 3210 1520 3280 convenientiam
1563 3218 1630 3278 et
1659 3209 2103 3278 differentiam

560 3321 892 3412 accipitur
927 3316 1299 3408 aliquando
1329 3337 1469 3383 non
1507 3316 1579 3384 in
1605 3314 1953 3399 memhris,
1985 3315 2102 3384 sed

556 3431 632 3499 in
672 3426 1005 3520 regimine
1035 3426 1190 3494 vitae
1208 3447 1370 3503 suoe,
1395 3424 1466 3492 in
1494 3423 2001 3514 operationibus
2035 3430 2102 3492 et

558 3536 981 3607 nutrimento
1003 3539 1072 3601 et
1100 3530 1515 3599 habitatione
1545 3539 1612 3599 et
1638 3539 1852 3599 motu.
1880 3531 1957 3599 ln
1994 3530 2100 3599 his

554 3646 742 3716 enim
770 3641 1085 3710 consistit
1124 3641 1427 3731 regimen
1458 3642 1615 3709 vitm
1643 3640 2041 3709 animalium
2076 3664 2093 3710 ε

548 3758 775 3845 partes
806 3749 995 3817 enim
1034 3746 1388 3839 regiminis
1423 3755 1582 3815 sunt
1611 3769 1777 3838 quas
1806 3747 2100 3816 diximus

549 3856 662 3926 hic
702 3856 775 3923 in
831 3851 1273 3943 compendio,
1331 3859 1398 3919 et
1457 3859 1683 3943 partes
1735 3874 2095 3943 corporum

546 3960 953 4033 animalium
991 3967 1154 4026 sunt
1192 3981 1362 4050 quas
1417 3959 1894 4050 compendiose
1941 3982 2103 4051 per-

551 4066 956 4137 strinximus
975 4064 1045 4130 in
1061 4062 1462 4154 praecedenti
1483 4061 2104 4153 capitulanserius

513 4154 527 4167 ⁹
552 4182 786 4244 autem
805 4170 1043 4238 omnia
1060 4191 1309 4260 genera
1328 4166 1573 4237 horum
1585 4168 2095 4259 explicabimus,

551 4289 620 4349 et
666 4296 1117 4370 quincumque
1181 4274 1495 4343 accidunt
1559 4275 1655 4343 eis
1726 4276 2098 4346 secundum

553 4387 797 4457 modos
819 4383 1233 4452 diversitatis
1262 4404 1500 4450 eorum
1523 4390 1589 4450 et
1617 4384 1917 4474 regimen
1948 4407 2099 4453 sua·

551 4517 707 4564 rum
764 4489 1271 4581 operationum,
1320 4495 1388 4557 et
1433 4488 1803 4557 secundum
1848 4492 2099 4582 figuras

554 4621 825 4671 eorum.
865 4595 1176 4664 Dicimus
1204 4603 1432 4663 autem
1479 4594 1563 4664 de
1597 4593 1706 4665 his
1725 4618 1875 4688 quae
1912 4597 2100 4668 diffe-

504 4697 509 4702 ’
552 4714 715 4777 runt
744 4702 1078 4794 regimine
1112 4702 1299 4782 vitae,
1347 4701 1533 4793 quod
1587 4701 1896 4794 quadam
1942 4714 2100 4774 sunt

552 4834 840 4906 aquosa,
873 4808 1187 4901 quaedam
1208 4816 1435 4876 autem
1464 4810 1777 4900 agrestia.
1818 4811 2098 4904 Aquosa

555 4929 787 4992 autem
816 4915 1139 4985 differunt
1164 4915 1433 4984 duobus
1463 4915 1723 4985 modis:
1767 4926 1884 4988 aut
1912 4919 2093 4989 enim

555 5026 878 5096 differunt
914 5042 1199 5112 aquosa,
1232 5022 1394 5112 quia
1438 5022 1700 5092 mansio
1739 5045 1977 5093 eorum
2004 5029 2093 5096 si-

554 5133 700 5202 mul
756 5139 826 5199 et
880 5129 1379 5197 nutrimentum
1426 5137 1526 5196 est
1572 5128 1642 5196 in
1682 5150 1907 5221 aqua:
1976 5144 2094 5202 aut

551 5241 712 5333 quia
732 5236 1230 5306 nutrimentum
1248 5242 1350 5304 est
1369 5234 1440 5303 in
1455 5259 1656 5327 aqua,
1678 5236 1797 5306 sed
1816 5249 2095 5309 manent

554 5350 627 5417 in
661 5353 869 5415 terra.
1324 5404 1330 5410 ,

641 5450 890 5522 Adhuc
924 5458 1155 5519 autem
1187 5473 1480 5543 quorum
1499 5453 1761 5521 mansio
1786 5459 1853 5521 et
1888 5456 2097 5524 nutri-

552 5567 866 5632 mentum
904 5566 1067 5626 sunt
1107 5557 1179 5626 in
1226 5579 1426 5649 aqua,
1466 5557 1785 5627 differunt
1829 5559 2095 5630 duobus

551 5666 776 5738 modis
809 5687 824 5732 ε
871 5671 990 5733 aut
1040 5666 1223 5732 enim
1262 5667 1359 5734 sic
1395 5672 1674 5734 manent
1709 5666 1778 5733 in
1817 5690 1993 5759 aqua
2031 5680 2098 5741 et

2184 538 2279 605 sic
2313 540 2733 622 nutriuntur,
2797 538 2979 629 quod
3019 540 3356 627 recipiunt
3398 560 3648 627 aquam
3679 542 3749 605 in

2187 649 2472 715 interius
2502 669 2867 737 corporum
2890 668 3173 715 suorum
3206 645 3291 712 ad
3312 643 3736 734 refrigerium

2190 754 2459 833 caloriS,
2505 762 2572 820 et
2599 762 2928 820 evomunt
2976 774 3155 832 eam,
3200 752 3376 818 sicut
3422 747 3746 817 animalia

2189 862 2593 948 respirantia
2631 860 2965 947 recipiunt
2994 882 3224 927 aerem
3270 882 3285 926 ε
3325 867 3441 927 aut
3472 881 3608 926 non
3642 879 3745 925 re-

2190 964 2447 1052 cipiunt
2485 984 2738 1051 aquam
2769 964 2840 1027 in
2879 964 3165 1029 interius
3194 986 3561 1054 corporum
3591 985 3751 1031 suo-

2191 1092 2341 1135 rum
2371 1068 2454 1134 ad
2484 1067 2937 1157 refrigerium,
2982 1067 3101 1135 sed
3138 1091 3265 1158 per
3301 1070 3586 1138 modum
3618 1086 3744 1138 nu-

2191 1179 2495 1244 trimenti
2522 1176 2628 1243 sui
2672 1183 2966 1254 tantum,
3026 1185 3105 1243 ut
3169 1176 3258 1243 sit
3286 1176 3420 1243 cibi
3459 1177 3751 1245 vehicu-

2194 1280 2361 1347 lum.
2406 1279 2734 1359 Quaedam
2772 1281 2956 1349 enim
2999 1288 3182 1358 sunt,
3229 1302 3526 1370 quorum
3566 1302 3757 1347 man-

2196 1389 2299 1454 sio
2340 1395 2407 1455 et
2447 1388 2944 1455 nutrimentum
2987 1395 3148 1455 sunt
3184 1387 3257 1455 in
3308 1409 3512 1477 aqua,
3547 1396 3612 1455 et
3653 1409 3757 1455 re-

2197 1493 2458 1581 cipiunt
2484 1514 2736 1581 aquam
2776 1494 2845 1558 in
2874 1492 3161 1560 interius
3191 1515 3461 1573 eorum,
3504 1501 3572 1561 et
3600 1515 3760 1561 evo·

2198 1604 2393 1662 munt
2465 1618 2616 1663 eam
2668 1618 2683 1662 :
2739 1604 2805 1663 et
2851 1596 3124 1686 quando
3181 1606 3414 1666 carent
3464 1621 3570 1679 ea,
3628 1621 3759 1666 ne-

2199 1710 2455 1792 queunt
2490 1703 2745 1782 vivere,
2780 1704 2955 1770 sieut
2990 1702 3313 1771 animalia
3353 1705 3757 1795 respirantia

2202 1832 2340 1877 non
2388 1811 2632 1877 vivunt
2685 1810 3060 1901 intercepto
3120 1809 3429 1878 anhelitu
3466 1833 3480 1877 ε
3516 1821 3586 1879 et
3624 1812 3757 1879 hoe

2202 1917 2509 2001 videmus
2550 1918 2621 1985 in
2652 1918 2857 1999 lucio,
2919 1928 2988 1987 et
3033 1919 3366 1999 sturione,
3418 1928 3487 1987 et
3524 1918 3757 1987 multis
3838 1922 3842 1926 ’

2203 2027 2352 2095 aliis
2401 2028 2721 2118 piscibus,
2781 2030 2899 2119 qui
2946 2028 3341 2097 moriuntur
3388 2030 3762 2119 intercepta

2205 2133 2290 2200 ab
2319 2135 2415 2201 eis
2446 2157 2648 2225 aqua,
2683 2158 2766 2204 eo
2799 2134 2985 2226 quod
3015 2157 3157 2203 non
3188 2136 3625 2226 refrigeratur
3653 2158 3756 2204 eo-

2205 2262 2356 2306 rum
2387 2241 2591 2309 calor.
2637 2240 2968 2320 Quaedam
2998 2250 3231 2310 autem
3279 2249 3441 2308 sunt
3468 2263 3762 2331 quorum

2206 2347 2468 2414 mansio
2516 2347 2793 2437 quidem
2825 2356 2915 2419 ,et
2978 2348 3488 2416 nutrimentum
3546 2355 3649 2415 est
3690 2349 3762 2414 in

2206 2476 2406 2544 aqua,
2447 2454 2568 2523 sed
2617 2478 2758 2524 non
2796 2456 3139 2546 recipiunt
3176 2477 3331 2524 eam
3370 2457 3442 2524 in
3480 2455 3761 2524 interius

2207 2562 2313 2628 sui
2352 2561 2439 2629 ad
2478 2562 3187 2648 eventationem,‚sed
3223 2562 3310 2631 ad
3355 2565 3759 2633 mixtionem

2208 2667 2337 2736 sihi
2359 2677 2654 2751 tantum,
2699 2672 2875 2739 sicut
2906 2678 3158 2751 ostrea,
3202 2679 3270 2740 et
3297 2670 3515 2740 multa
3549 2694 3764 2763 gene-

2207 2800 2284 2845 ra
2312 2777 2851 2871 conchyliorum.
2884 2779 3219 2860 Quaedam
3258 2788 3487 2849 autem
3515 2788 3762 2871 praeter

2208 2882 2353 2952 haec
2396 2894 2674 2954 manent
2716 2895 2786 2955 et
2839 2888 3240 2955 nutriuntur
3287 2889 3359 2955 in
3397 2910 3600 2978 aqua,
3640 2886 3763 2956 sed

2209 2991 2486 3081 capiunt
2512 3013 2738 3060 aerem
2778 2992 2848 3060 in
2877 2992 3162 3061 interius
3191 2995 3299 3063 sui
3350 2995 3437 3063 ad
3478 3004 3763 3064 eventa-

2208 3097 2492 3182 tionem,
2551 3106 2619 3168 et
2680 3099 2955 3192 pariunt
3028 3108 3097 3170 et
3164 3109 3496 3193 generant
3571 3109 3763 3170 extra

2211 3229 2485 3297 aquam,
2538 3208 2715 3277 sieut
2760 3206 2992 3278 Graeee
3039 3218 3366 3279 vocatum
3418 3210 3659 3278 andr-is
3695 3221 3762 3279 et

2208 3316 2530 3399 teuteatlae,
2563 3323 2635 3384 et
2658 3316 2806 3386 avis
2842 3339 3052 3409 quam
3091 3316 3309 3387 Graeci
3346 3326 3597 3389 vocant
3623 3342 3760 3388 an-

2204 3421 2580 3503 cer-salicis,
2621 3429 2689 3491 et
2716 3420 2831 3490 illa
2867 3445 3022 3513 quae
3051 3445 3193 3493 non
3233 3423 3492 3494 habent
3515 3425 3748 3517 pedes,

2204 3530 2378 3600 sicut
2403 3529 2634 3601 Groece
2661 3531 3012 3601 nominata
3053 3533 3334 3602 andros.
3391 3533 3600 3626 Apud
3628 3557 3757 3604 nos

2203 3644 2433 3705 autem
2471 3635 2688 3705 multa
2713 3645 2873 3707 sunt
2900 3636 3089 3719 talia,
3131 3639 3309 3708 sicut
3335 3640 3654 3731 merguli,
3686 3649 3757 3710 et

2202 3743 2349 3814 avis
2377 3745 2573 3836 nigra
2589 3766 2743 3837 qum
2775 3754 3064 3816 vocatur
3087 3768 3332 3817 corvus
3359 3751 3750 3840 aquaticus,

2203 3859 2270 3919 et
2285 3849 2667 3921 multaalia.
2689 3850 2865 3920 Nam
2900 3852 3216 3922 omnium
3257 3851 3509 3923 horum
3529 3855 3755 3923 nutri-

2203 3964 2511 4027 mentum
2530 3957 2723 4028 estin
2742 3980 2946 4049 aqua,
2970 3966 3039 4028 et
3054 3980 3196 4028 non
3214 3968 3503 4051 possunt
3520 3963 3755 4031 vivere

2202 4070 2395 4132 extra
2418 4085 2599 4145 eam,
2626 4064 2897 4134 sednon
2917 4067 3255 4157 recipiunt
3282 4088 3533 4157 aquam
3573 4067 3757 4136 inte-

2203 4171 2387 4239 riora
2409 4192 2534 4238 sua
2561 4171 2696 4239 nisi
2719 4193 2846 4261 per
2870 4171 3156 4242 modum
3186 4195 3394 4266 quem
3422 4173 3749 4244 diximus.

2295 4273 2473 4343 Sunt
2499 4282 2728 4345 autem
2757 4273 2984 4345 adhuc
3002 4285 3249 4369 praeter
3264 4275 3413 4348 haec
3438 4279 3525 4348 de
3542 4301 3756 4370 gene-

2205 4404 2278 4454 re
2312 4403 2552 4452 eorum
2579 4404 2732 4474 quo
2759 4391 2920 4453 sunt
2963 4385 3310 4476 aquatica,
3351 4408 3505 4478 quo
3550 4408 3756 4457 man-

2204 4491 2466 4559 sionem
2496 4498 2566 4559 et
2600 4491 3095 4562 nutrimentum
3149 4490 3409 4563 habent
3443 4493 3517 4562 in
3543 4517 3750 4585 aqua,

2203 4596 2325 4666 sed
2360 4618 2775 4690 nee-aquam
2802 4619 2929 4670 nee
2961 4620 3198 4669 aerem
3226 4599 3299 4668 in
3332 4600 3615 4671 interius
3641 4601 3750 4670 sui

2205 4703 2561 4795 recipiunt,
2602 4728 2730 4778 nee
2781 4714 2975 4776 extra
3017 4723 3285 4799 ‘aquam
3321 4707 3440 4776 diu
3484 4708 3752 4794 vivunt,

2203 4814 2378 4883 sicut
2412 4820 2572 4882 sunt
2616 4814 2931 4906 quaedam
2974 4837 3229 4907 genera
3272 4817 3642 4897 vermium,
3687 4824 3756 4886 et

2204 4921 2655 5013 multipedum
2699 4943 2852 5015 quo
2898 4920 2982 4991 de
3028 4924 3228 5015 aquis
3282 4944 3438 4993 cum
3497 4923 3755 4994 retibus

2206 5028 2614 5120 piscatorum
2682 5028 3073 5121 frequenter
3126 5028 3606 5112 extrahuntur,
3685 5038 3753 5102 et

2205 5161 2357 5230 quae
2381 5146 2583 5208 vocat
2606 5137 3008 5209 Aristoteles
3037 5138 3397 5208 amalae-Izi
3412 5147 3483 5210 et
3508 5141 3753 5210 modos

2202 5245 2492 5313 kalizim
2533 5268 2551 5314 ε
2576 5253 2645 5314 et
2660 5253 2821 5315 sunt
2846 5245 3161 5338 quaedam
3190 5269 3446 5339 genera
3464 5247 3757 5317 concha·

2202 5372 2358 5419 rum
2393 5351 2841 5420 marinarum.

2278 5446 2606 5550 *Amplius
2633 5464 2868 5528 autem
2915 5457 3306 5528 universale
3342 5481 3561 5552 genus
3599 5461 3756 5529 ani-

2207 5564 2487 5634 malium
2503 5566 2991 5654 'aquaticorum
3006 5564 3347 5636 dividitur
3369 5590 3388 5636 ε
3421 5568 3749 5658 quoniam

2206 5673 2516 5764 quoedam
2541 5671 2878 5742 ¹animalia
2903 5681 3083 5742 ‘sunt
3122 5677 3418 5756 marina,
3445 5684 3528 5745 ‘et
3572 5697 3753 5768 quae-
3779 5701 3782 5704 ·
