4919 6371
2063 449 2234 516 LlB.
2287 447 2317 513 1
2364 443 2486 512 DE
2533 438 3127 522 ANIMALIBUS,
3177 443 3491 512 TRACT.
3547 443 3609 510 ΙΙ
4350 447 4436 513 93

1214 651 1281 695 re
1312 623 1675 693 foramina.
1707 621 2121 712 Temporum
2152 642 2315 686 vero
2339 618 2569 685 nervis
2599 615 2777 683 mul-

1212 744 1279 802 ta
1322 732 1450 798 fuit
1514 732 1895 798 necessaria
1939 729 2223 805 duritia,
2282 725 2400 792 sed
2457 723 2774 816 grossitie

1211 838 1427 907 multa
1458 860 1600 905 non
1630 837 2092 926 indiguerunt,
2172 834 2522 924 grossities
2589 832 2773 899 enim

1209 945 1483 1013 faceret‘
1523 946 1595 1012 in
1652 948 1749 1012 eis
1807 948 2032 1009 motus
2117 939 2636 1009 difficultatem:
2708 943 2774 1002 et

1214 1052 1512 1143 egressio
1553 1072 1706 1142 quae
1737 1056 1834 1114 est
1866 1047 1937 1113 in
1968 1068 2118 1114 osse
2181 1057 2484 1138 petrose,
2556 1042 2775 1111 multa

1213 1164 1438 1253 potuit
1475 1159 1811 1227 sustinere
1833 1155 2192 1223 foramina.

1306 1270 1439 1336 Par
1476 1272 1708 1334 autem
1739 1271 2009 1332 sextum
2040 1287 2080 1331 a
2114 1271 2466 1353 postremo
2515 1257 2772 1327 cerebri

1213 1378 1431 1445 oritur
1457 1395 1617 1441 cum
1648 1373 1913 1462 quinto,
1958 1379 2023 1437 et
2052 1377 2152 1437 est
2189 1391 2348 1436 cum
2388 1389 2469 1434 eo
2520 1367 2773 1457 panni-

1212 1483 1380 1552 culis
1421 1488 1487 1548 et
1533 1479 1926 1571 ligamentis
1981 1478 2293 1567 ligatum,
2364 1497 2444 1542 ac
2473 1475 2529 1541 si
2597 1480 2775 1542 esset

1211 1613 1465 1659 nervus
1503 1611 1706 1657 unus.
1744 1586 2005 1654 Deinde
2044 1592 2392 1674 separatur
2446 1582 2534 1649 ab
2591 1605 2673 1649 eo
2707 1590 2774 1648 et

1212 1697 1557 1790 egreditur
1581 1694 2033 1786 perforamen
2054 1699 2308 1760 suturae
2329 1692 2399 1757 in
2419 1698 2770 1779 postremo

1213 1806 1453 1897 capitis
1488 1826 1643 1896 quae
1672 1800 1951 1870 lambda
1967 1799 2425 1890 (NJsimilatur,
2468 1805 2542 1866 ut
2563 1819 2774 1889 supe-

1215 1913 1357 1979 rius
1397 1911 1723 1977 diximus,
1766 1907 1947 1974 Ante
1976 1927 2324 1996 egressum
2354 1913 2587 1972 tamen
2626 1902 2774 1991 ejus

1202 2017 1349 2105 jam
1408 2017 1483 2083 in
1513 2024 1649 2082 tres
1681 2013 2007 2082 dividitur
2042 2019 2289 2103 partes,
2343 2032 2495 2102 quae
2541 2018 2771 2077 tamen

1214 2145 1457 2191 omnes
1486 2120 1690 2190 simul
1723 2120 1809 2188 ab
1839 2120 2081 2188 eodem
2112 2118 2557 2210 egrediuntur
2585 2116 2773 2184 fora-

1210 2232 1430 2298 mines
1475 2252 1492 2298 :
1526 2237 1594 2298 et
1623 2251 1763 2296 una
1794 2227 2067 2319 quidem
2098 2227 2183 2294 ad
2212 2226 2389 2318 gulae
2420 2224 2770 2294 musculos

1207 2361 1333 2406 suo
1371 2335 1805 2428 protenditur
1833 2335 2097 2413 itinere,
2133 2334 2313 2403 etad
2350 2333 2605 2425 linguae
2658 2356 2774 2400 ra-

1206 2445 1427 2514 dicem
1452 2444 1538 2512 ad
1568 2442 1703 2513 hoc
1756 2451 1835 2511 ut
1895 2465 2020 2533 par
2082 2442 2450 2533 septimum
2504 2441 2573 2509 in
2640 2464 2767 2509 suo

1205 2561 1400 2621 motu
1440 2551 1766 2642 adjuvet:
1803 2559 1872 2618 et
1934 2573 2088 2641 pars
2125 2548 2419 2617 secunda
2471 2547 2556 2615 ad
2623 2571 2772 2615 mu·

1206 2657 1435 2727 sculos
1477 2657 1825 2726 deseendit
1854 2655 2136 2746 spatulae
2170 2663 2234 2723 et
2270 2656 2561 2746 partium
2613 2678 2766 2746 qua*

1204 2772 1358 2828 sunt
1402 2764 1581 2828 circa
1611 2784 1789 2840 eam,
1823 2767 1890 2827 et
1923 2759 2291 2850 plurimum
2322 2758 2538 2850 ipsius
2568 2782 2768 2849 spar-

1205 2870 1389 2962 gitur
1419 2870 1490 2937 in
1527 2867 1842 2937 musculo
1883 2869 2019 2935 lato
2051 2867 2166 2958 qui
2207 2874 2304 2934 est
2344 2890 2549 2957 super
2605 2891 2770 2958 spa-

1205 2974 1422 3045 tulam
1466 2984 1585 3046 :et
1613 2975 1760 3044 haec
1790 2973 2061 3067 quidem
2109 2998 2265 3066 pars·
2340 2982 2440 3042 est
2498 2996 2766 3065 magnae

1205 3073 1603 3176 quantitatis
1633 3091 1700 3153 et
1755 3106 2084 3176 suspensa
2143 3091 2478 3174 penetrat,
2548 3082 2766 3152 donec

1200 3193 1556 3285 perveniat
1581 3192 1669 3261 ad
1696 3192 1767 3261 id
1797 3190 1885 3260 ad
1932 3192 2114 3284 quod
2181 3192 2521 3284 dirigitur.
2593 3191 2764 3261 l’ars

1199 3325 1366 3371 vero
1398 3301 1599 3371 tertia
1655 3322 1807 3394 quae
1864 3307 1929 3368 et
1984 3300 2206 3389 major
2267 3307 2366 3367 est
2421 3300 2559 3369 inte
2627 3309 2765 3369 tres

1199 3420 1452 3503 partes,
1485 3408 1573 3479 ad
1590 3408 1852 3478 viscera
1880 3407 2224 3477 descendit
2253 3409 2323 3475 in
2362 3409 2762 3477 ascensione

1198 3539 1394 3585 venae
1429 3514 1752 3602 suberiae,
1787 3523 1858 3583 et
1882 3522 1983 3584 est
2030 3514 2129 3583 illi
2158 3537 2429 3584 annexa
2486 3524 2553 3585 et
2603 3538 2760 3585 cum

1200 3622 1547 3718 caligata,
1590 3628 1659 3719 et
1712 3629 2066 3714 separatur
2127 3620 2213 3690 ab
2270 3621 2421 3713 ipsa
2485 3620 2761 3715 quando

1201 3733 1392 3803 venit
1419 3732 1505 3801 ad
1531 3731 2006 3801 rectitudinem
2071 3729 2488 3824 epiglottidis
2531 3754 2547 3799 ε
2585 3754 2763 3825 qun-

1201 3865 1352 3909 rum
1403 3841 1628 3931 capita
1683 3848 1846 3908 sunt
1897 3838 1983 3907 ad
2029 3839 2382 3931 superiora
2429 3861 2582 3932 quoe
2610 3839 2765 3930 epi-

1199 3946 1562 4040 glottidem
1590 3954 1658 4016 et
1689 3946 1903 4039 ipsius
1976 3945 2245 4015 elevant
2298 3945 2756 4039 cartilagines.

1201 4054 1374 4126 Cum
1412 4061 1645 4143 autem
1717 4061 2194 4147 pertranseunt
2259 4050 2757 4145 epiglottidem,

1198 4186 1285 4232 ex
1335 4163 1435 4232 eis
1491 4136 1869 4232 ascendunt
1929 4159 2203 4254 quidam
2260 4159 2432 4228 rami
2492 4159 2609 4251 qui
2675 4160 2760 4230 acl

1095 4331 1124 4351 ,
1198 4266 1549 4377 muscflos
1586 4252 1873 4349 vadunt,
1915 4266 2135 4361 capita
2162 4264 2492 4337 habentes
2534 4266 2677 4335 ad
2659 4290 2760 4336 m·

1195 4376 1495 4446 [eriora.
1539 4385 1606 4445 et
1637 4375 1767 4469 ipsi
1796 4383 1951 4445 sunt
2000 4375 2115 4468 qui
2168 4374 2253 4445 ad
2294 4397 2375 4467 ey
2381 4373 2755 4443 mbalarem

1195 4481 1638 4607 aperiendam
1668 4489 1733 4552 et
1762 4481 2210 4552 claudendam
2239 4489 2398 4550 sunt
2442 4504 2760 4551 necessa-

1197 4591 1305 4678 rii,
1337 4615 1499 4661 cum
1526 4589 1614 4663 ad
1645 4588 1966 4660 inferiora
2002 4588 2271 4660 trahere
2302 4597 2403 4658 est
2433 4610 2757 4659 necessa-

1196 4698 1373 4769 rium
1418 4721 1435 4768 ε
1498 4705 1568 4770 et
1624 4698 1778 4769 ideo
1842 4722 1884 4769 a
1954 4695 2364 4791 quibusdam
2421 4704 2759 4767 vocantur

1195 4808 1388 4876 nervi
1412 4817 1595 4876 retro
1634 4807 2017 4877 redeuntes.
2052 4806 2178 4877 llic
2216 4816 2448 4876 autem
2506 4829 2757 4876 nervus

1195 4922 1377 4984 retro
1409 4913 1708 4999 rediens,
1751 4913 1904 4985 ideo
1968 4914 2314 5008 egreditur
2367 4940 2408 4983 a
2474 4914 2755 4984 cerebro

1195 5030 1262 5092 et
1289 5045 1432 5092 non
1461 5045 1503 5090 a
1533 5020 1786 5104 nucha,
1821 5023 1979 5116 quia
2017 5024 2074 5090 si
2112 5046 2152 5090 a
2183 5020 2406 5091 nucha
2436 5021 2757 5091 ascende·

1193 5136 1344 5200 rent
1398 5129 1511 5200 isti
1576 5130 1780 5210 rami,
1849 5128 1935 5198 ab
2029 5132 2333 5222 ipsorum
2418 5130 2755 5222 principio

1192 5232 1502 5306 subirent
1528 5234 1899 5308 transversi
1930 5244 1996 5305 et
2024 5259 2164 5307 non
2202 5238 2392 5313 recti,
2447 5245 2514 5305 et
2541 5243 2758 5305 attra-

1188 5341 1324 5413 ctio
1357 5340 1443 5412 ad
1473 5341 1799 5414 inferiora
1831 5340 2203 5414 secundum
2243 5344 2596 5415 decentem
2637 5365 2758 5412 ac-

1189 5448 1455 5523 tionem
1484 5475 1643 5523 cum
1681 5452 1915 5523 nervis
1941 5453 2089 5523 istis
2116 5452 2290 5524 tacta
2326 5476 2472 5525 non
2501 5476 2672 5546 prov
2674 5475 2756 5522 e-

1188 5558 1389 5631 niret.
1415 5557 1642 5667 Creati
1671 5568 1903 5630 autem
1932 5568 2090 5631 sunt
2120 5583 2161 5630 a
2187 5567 2382 5633 sexto
2410 5562 2558 5654 pari
2585 5583 2758 5654 pro-

1190 5647 1373 5764 pte-r¹
1396 5643 1549 5736 hoc
1597 5652 1805 5757 quod
1849 5648 2017 5735 illud
2081 5668 2264 5759 quod
2302 5665 2605 5738 exterius
2654 5674 2755 5737 est

1193 5770 1402 5891 molle
1458 5776 1579 5842 a'ut
1631 5768 1827 5848 molli
1880 5771 2209 5855 vicinum,
2294 5775 2478 5867 quod
2553 5772 2756 5843 vide-

2882 614 3039 681 licet
3085 638 3168 682 ex
3216 615 3313 681 eis
3387 615 3512 680 fuit
3570 624 3936 704 antequam
4004 625 4270 682 sextum
4332 617 4440 682 ‹li-

2882 720 3228 786 videretur
3285 721 3351 785 in
3412 720 3757 787 musculos
3837 720 4031 788 faciei
4091 731 4155 787 et
4202 724 4440 811 capitis

2884 835 2948 893 et
2980 828 3050 893 in
3080 849 3158 893 ea
3189 850 3342 916 quae
3381 838 3540 895 sunt
3580 830 3647 895 in
3697 829 3793 896 eis
3848 836 4077 919 partes
4133 829 4438 919 ipsorum

2883 934 3238 1002 existentia
3283 957 3298 1001 ;
3336 944 3402 1004 et
3432 939 3798 1026 septimum
3858 939 4065 1004 etiam
4130 960 4268 1006 non
4325 961 4440 1006 se-

2882 1040 3185 1108 cundum
3219 1043 3693 1110 rectitudinem
3735 1044 4170 1112 descenderet
4197 1065 4443 1135 quem-

2880 1148 3251 1216 admodum
3286 1159 3556 1216 sextum
3589 1150 3954 1227 deseendit,
4025 1153 4163 1218 imo
4231 1153 4442 1218 comi-

2840 1244 2852 1255 ’
2884 1263 3144 1323 taretur
3158 1279 3275 1324 eos
3304 1257 3805 1326 transversitas.

2969 1361 3214 1430 Adhuc
3243 1372 3499 1443 autem,
3531 1374 3890 1456 propterea
3925 1365 4107 1457 quod
4138 1366 4439 1435 ascendit

2880 1477 2949 1536 et
2976 1471 3150 1538 redit
3180 1472 3614 1563 quandoque,
3677 1473 3937 1565 indiget
3973 1497 4045 1542 re
4102 1473 4300 1541 firma
4327 1474 4436 1542 cui

2879 1576 3209 1644 innitatur
3237 1578 3324 1645 ad
3361 1578 3875 1648 similitudinem
3907 1582 4083 1671 gyri,
4121 1587 4199 1648 ut
4234 1603 4437 1671 super

2881 1706 3031 1753 eam
3069 1686 3464 1754 revolvatur
3492 1687 3862 1757 ascendens
3890 1696 3958 1756 et
3986 1711 4069 1756 ex
4106 1711 4188 1757 ea
4238 1688 4438 1778 adju-

2879 1800 3079 1860 vetur
3103 1792 3224 1861 uhi
3263 1802 3364 1862 est
3392 1796 3562 1864 situs
3600 1795 3812 1886 ipsius
3850 1804 4073 1865 rectus
4129 1804 4199 1865 et
4225 1796 4434 1864 durus

2879 1907 2949 1967 et
2982 1899 3174 1968 t'ortis
3202 1911 3266 1970 et
3296 1902 3541 1993 planus
3569 1910 3635 1970 et
3670 1904 3940 1995 proprie
3967 1905 4232 1995 positus
4262 1927 4285 1972 .·
4307 1926 4432 1972 nec

2879 2006 3006 2075 suit
3044 2008 3137 2075 ibi
3186 2009 3272 2077 ad
3301 2009 3433 2077 hoc
3463 2010 3719 2102 aliquid
3751 2011 3842 2079 ita
3874 2011 4198 2079 idoneum
4257 2012 4431 2079 sicut

2878 2116 3121 2183 arteria
3155 2117 3425 2205 major:
3469 2126 3535 2185 et
3574 2117 3724 2186 ideo
3756 2119 3939 2209 quod
3997 2141 4082 2186 ex
4130 2119 4274 2186 istis
4321 2142 4434 2185 ra-

2878 2225 3010 2292 mis
3029 2248 3070 2292 a
3097 2225 3371 2295 sinistro
3398 2227 3766 2307 descendit,
3789 2229 3965 2297 hanc
3982 2229 4242 2298 invenit
4261 2237 4435 2298 arte·

2879 2332 3102 2400 riam:
3155 2357 3196 2401 a
3242 2334 3482 2403 dextro
3546 2358 3710 2403 vero
3781 2336 4214 2406 descendenti
4291 2360 4428 2404 non

2876 2440 3216 2508 vicinatur
3242 2443 3488 2510 arteria
3518 2445 3691 2509 sicut
3728 2443 3977 2533 primo,
4010 2443 4129 2511 sed
4166 2444 4432 2511 vicina-

2877 2555 2990 2613 tur
3026 2548 3086 2616 ei
3116 2557 3484 2640 postquam
3515 2572 3802 2640 parvum
3833 2549 4086 2617 sactum
4136 2559 4236 2617 est
4266 2573 4432 2640 pro-

2874 2665 3027 2746 pter
3065 2679 3416 2724 ramorum
3446 2657 3852 2725 divisionem
3887 2658 4005 2748 qui
4062 2658 4433 2748 egrediun-

2874 2773 2987 2831 tur
3015 2787 3098 2832 ex
3129 2766 3301 2854 ipso.
3338 2763 3460 2832 Cui
3490 2767 3697 2833 etiam
3728 2765 3872 2853 jam
3914 2765 4128 2833 defuit
4163 2767 4431 2833 rectitu-

2875 2871 2990 2951 do,
3032 2895 3113 2940 eo
3145 2871 3330 2963 quod
3379 2873 3446 2938 in
3477 2873 3609 2939 situ
3638 2880 4136 2940 transversatus
4164 2872 4284 2940 suit
4318 2871 4425 2940 hic

2873 3003 3105 3048 ramus
3160 2980 3247 3048 ad
3307 2979 3626 3048 ascellam
3702 2980 4107 3048 declinando
4141 3003 4157 3048 :
4222 2981 4431 3071 igitur

2874 3089 3329 3156 necessarium
3363 3089 3485 3156 fuit
3518 3098 3586 3155 ut
3629 3086 3857 3179 aliqua
3889 3110 3958 3155 re
4017 3088 4425 3167 firmaretur,

2872 3198 2979 3264 eui
3036 3219 3196 3264 cum
3261 3195 3652 3288 ligamentis
3705 3196 4108 3274 mitteretur,
4183 3195 4430 3287 quibus

2873 3303 3265 3393 ligamentis
3300 3306 3505 3372 etiam
3545 3305 3650 3371 sui
3688 3305 3861 3399 rami
3910 3303 4428 3394 stringerentur.

2867 3420 2945 3479 ut
3007 3435 3130 3503 per
3213 3413 3360 3504 ipsa
3451 3413 3907 3502 corrigeretur
4003 3410 4172 3479 illud
4245 3412 4428 3503 quod

2870 3518 3095 3590 deficit
3124 3543 3212 3591 ex
3237 3520 3556 3614 grossitie
3590 3520 3860 3589 minuta
3908 3526 3975 3588 et
4029 3519 4429 3595 rectitudine

2869 3628 3006 3697 situ
3039 3628 3334 3720 privata,
3369 3626 3455 3698 Et
3490 3627 3821 3719 sapientia
3864 3632 4124 3695 naturoe
4175 3628 4243 3695 in
4298 3624 4429 3696 hoc

2870 3741 2997 3813 est,
3038 3734 3226 3827 quod
3297 3732 3657 3803 redeuntes
3710 3731 3988 3828 elongat
4042 3756 4295 3815 ramos,
4353 3744 4427 3803 ut

2869 3844 3230 3934 suspensio
3269 3844 3568 3933 proximi
3609 3840 3723 3910 liat
3762 3840 3846 3909 ad
3911 3840 4425 3910 similitudinem

2870 3947 3102 4039 hujus,
3162 3959 3230 4020 et
3295 3950 3544 4020 habeat
3597 3949 4066 4020 fortitudinem
4124 3957 4189 4018 et
4238 3949 4432 4018 duri-

2869 4057 3035 4125 tiam
3093 4064 3373 4149 propter
3427 4056 3936 4149 elongationem
3990 4078 4031 4124 a
4092 4057 4427 4149 principio

2869 4162 3146 4233 factam.
3191 4164 3509 4235 Exterius
3542 4173 3771 4234 autem
3803 4162 4244 4233 redeuntibus
4288 4163 4432 4234 l'or-

2871 4272 3008 4341 tior
3033 4281 3139 4341 est
3176 4272 3315 4352 ille,
3346 4273 3469 4366 qui
3499 4274 3569 4341 in
3599 4271 3863 4341 duabus
3882 4271 4432 4364 spargiturtuni-

2870 4380 2966 4448 cis
3021 4380 3494 4450 musculorum
3575 4379 4019 4473 epiglottidis,
4052 4402 4210 4448 cum
4275 4378 4428 4450 aliis

2871 4489 3082 4556 rantis
3108 4510 3479 4557 nervorum
3510 4488 3844 4556 auxilium
3889 4485 3975 4554 ad
4022 4483 4155 4555 hoc
4195 4485 4428 4555 feren·-

2869 4594 3069 4662 tium.
3104 4594 3351 4663 Postea
3389 4603 3619 4663 autem
3658 4592 3823 4661 illud
3888 4591 4076 4684 quod
4142 4615 4228 4661 ex
4303 4592 4423 4662 illo

2870 4722 3081 4769 nervo
3112 4708 3441 4780 remanet,
3513 4699 3884 4776 deseendit,
3956 4720 3997 4766 a
4055 4720 4193 4791 quo
4251 4700 4422 4769 rami

2869 4809 3119 4879 diversi
3194 4818 3623 4902 separantur,
3692 4808 3810 4901 qui
3875 4812 4290 4899 sparguntur
4352 4808 4422 4876 in

2867 4913 3251 5008 panniculis
3298 4910 3842 5006 diaphragmatis
3896 4919 3965 4979 et
4018 4910 4315 5003 pectoris
4357 4918 4427 4979 et

2866 5021 3335 5093 musculorum
3392 5021 3565 5113 ejus,
3623 5029 3692 5089 et
3746 5019 3816 5088 in
3857 5016 4183 5111 pulmone
4228 5024 4294 5087 et
4353 5017 4422 5087 iu

2866 5130 3062 5198 venis
3091 5137 3159 5197 et
3194 5128 3462 5198 arteriis
3489 5149 3642 5220 quae
3673 5125 3766 5195 ibi
3806 5131 3990 5194 sunt.
4034 5122 4211 5193 Illud
4254 5144 4420 5195 vero

2867 5233 3055 5327 quod
3084 5242 3416 5315 remanet,
3456 5239 3765 5328 penetrat
3844 5230 3914 5299 in
3944 5227 4417 5322 diaphragma,

2867 5349 2934 5411 et
2963 5341 3341 5412 associatur
3365 5342 3426 5410 ei
3482 5340 3669 5433 quod
3714 5362 3755 5409 a
3799 5344 3990 5431 parte
4055 5337 4253 5405 tertia
4297 5336 4424 5407 de-

2867 5448 3150 5531 scendit,
3195 5456 3260 5519 et
3293 5448 3362 5520 in
3390 5446 3776 5542 panniculis
3819 5445 4161 5537 spargitur
4198 5443 4420 5513 visce-

2868 5578 3021 5625 rum
3049 5556 3465 5647 etpervenit
3508 5553 3595 5641 ad
3641 5577 3720 5620 os
3773 5550 4015 5620 latum.

2879 5660 3248 5755 ‘Septimi
3279 5658 3510 5753 autem
3539 5659 3721 5754 paris
3749 5655 3945 5751 origo
3974 5663 4078 5726 est
4112 5675 4153 5725 a
4175 5657 4420 5741 termi-

2868 5793 2960 5839 no
2987 5770 3340 5843 communi
3380 5771 3497 5862 qui
3547 5775 3647 5838 est
3706 5768 3882 5853 inter
3944 5764 4296 5835 cerebrum
4351 5772 4416 5830 et
