4919 6371
639 423 766 491 59ss

639 589 702 653 la
732 576 1008 652 cerebri,
1044 579 1109 640 et
1156 568 1392 634 ultimo
1424 563 1621 631 cutis.
1657 555 2022 626 Ilumidius
2066 572 2192 617 ve-

643 717 716 759 ro
767 685 946 779 quod
995 689 1094 749 est
1142 678 1209 744 in
1264 695 1549 764 corpore
1581 676 1684 738 est
1731 664 2075 755 phlegma,
2115 658 2192 742 [et

644 805 798 892 post
852 789 1151 881 sanguis,
1211 781 1454 853 deinde
1494 772 1867 869 pinguedO,
1923 776 1988 833 et
2043 769 2198 852 post

650 924 912 995 sepum,
947 906 1012 966 et
1058 901 1294 987 postea
1331 883 1656 959 medulla,
1688 887 1759 946 'et
1801 883 2040 965 postea
2064 890 2201 933 nu-

657 1013 807 1092 cha,
839 1018 903 1079 et
948 1004 1190 1075 deinde
1227 1019 1385 1067 caro
1427 986 1750 1060 mamillae
1801 990 1868 1048 et
1914 971 2205 1044 testiculi

659 1135 724 1193 et
760 1115 1102 1212 pulmonis
1142 1117 1208 1177 et
1262 1102 1528 1192 hepatis
1568 1103 1635 1162 et
1681 1088 1933 1180 splenis
1983 1090 2049 1151 et
2095 1102 2209 1147 re-

662 1252 854 1308 num,
887 1232 953 1291 et
990 1215 1230 1287 deinde
1271 1203 1588 1282 musculi,
1625 1206 1691 1266 et
1720 1193 1963 1263 deinde
2008 1188 2204 1257 cutis.

663 1338 748 1405 Et
792 1333 974 1400 hunc
1020 1321 1330 1390 ordinem
1388 1310 1583 1403 ponit
1633 1306 1835 1373 etiam
1887 1297 2205 1365 Galenus.

663 1438 910 1509 Pulmo
966 1440 1196 1497 tamen
1264 1424 1334 1489 in
1391 1418 1497 1486 sui
1555 1409 2026 1501 complexione
2076 1422 2216 1467 non

651 1553 768 1613 est
831 1538 1123 1609 multum
1197 1525 1572 1597 humidus:
1610 1543 1689 1587 eo
1758 1512 1940 1605 quod
2015 1526 2220 1575 omne

1635 388 1717 455 D.
1770 381 1971 450 ALB.
2025 374 2242 446 MAG.
2298 373 2506 443 ORD.
2562 366 2861 438 PRAED.

2305 544 2434 611 sibi
2467 542 2710 610 simile.
2755 538 2922 605 Dico
2963 540 3189 602 autem
3220 528 3289 594 in
3328 521 3731 589 habentibus·
3758 522 3862 584 si-

2307 653 2475 718 mile
2504 674 2526 717 .·
2559 648 2884 740 quoniam
2937 665 3070 709 non
3108 636 3340 707 onmia
3388 628 3693 698 membra
3734 623 3861 692 ista

2310 764 2597 849 possunt
2628 778 2771 822 esse
2823 754 2892 820 in
2943 747 3249 840 quolibet
3288 737 3595 819 animali,
3627 734 3743 801 sed
3794 734 3864 798 in

2314 864 2724 956 quibusdam
2764 869 2918 928 suut
2951 856 3257 925 membra
3288 855 3430 919 istis
3462 844 3867 917 couvenien-

2315 977 2432 1042 tia.

2407 1079 2724 1170 Amplius
2764 1084 2989 1143 autem
3023 1068 3332 1138 membra
3368 1067 3544 1132 sicca
3593 1068 3654 1128 et
3705 1060 3870 1125 dura

2323 1214 2407 1258 ex
2483 1185 2807 1255 membris
2881 1175 3348 1248 consimilibus
3430 1176 3613 1245 sunt,
3690 1166 3875 1254 {sicut

2325 1322 2425 1366 os..
2481 1298 2700 1386 spina,
2759 1311 3027 1365 nervuS,
3070 1305 3285 1361 venae,
3330 1289 3395 1348 et
3441 1278 3573 1345 alia
3627 1273 3733 1340 his
3777 1272 3879 1338 si-

2329 1405 2543 1472 milia.

2423 1511 2499 1577 ln
2530 1511 2657 1575 ista
2676 1515 2903 1574 autem
2927 1502 3261 1570 divisione
3285 1491 3750 1563 membrorum
3774 1491 3871 1551 est

2335 1619 2715 1687 differentia
2771 1623 2832 1682 et
2892 1610 3266 1678 diversitas.
3329 1600 3660 1683 Quaedam
3700 1594 3880 1662 enim

671 1784 754 1829 ne
828 1779 951 1825 suo
1018 1749 1433 1819 nutrimento
1520 1733 1956 1806 assimilatur,
2017 1733 2083 1791 et
2155 1722 2227 1787 5¹1
2336 1752 2574 1797 eorum
2624 1747 2774 1817 quae
2824 1721 3141 1795 diximuS‚
3178 1721 3336 1782 sunt
3383 1731 3536 1800 quae
3583 1705 3887 1773 sciuntur

676 1891 797 1937 sua
846 1854 1238 1932 accidentali
1288 1844 1765 1938 complexione
1815 1832 2230 1905 assimilatur

680 1972 987 2044 membro
1039 1964 1165 2032 sibi
1222 1959 1473 2026 vicino.
1512 1949 1761 2018 Pulmo
1811 1951 2038 2010 autem
2096 1959 2233 2004 nu-

684 2085 884 2150 tritur
946 2097 1032 2142 ex
1087 2065 1391 2139 calidiori
1459 2056 1818 2149 sanguine,
1878 2071 2033 2118 cum
2096 2066 2233 2134 quo

691 2189 1011 2257 miscetur
1049 2177 1339 2245 multum
1386 2169 1468 2236 de
1498 2165 1773 2235 cholera
1807 2183 1821 2227 ε
1858 2157 1973 2225 sed
2004 2152 2240 2221 humi-

692 2295 863 2362 ditas
901 2310 1022 2356 sua
1049 2288 1364 2352 causatur
1402 2298 1486 2343 ex
1527 2271 1654 2339 hoe
1704 2265 1887 2358 quod
1927 2262 2239 2329 adunatae

692 2406 849 2469 sunt
937 2391 1168 2460 multae
1266 2379 1767 2474 superfluitates
1849 2393 1933 2439 ex
1989 2387 2242 2456 vapore

692 2508 1263 2578 nutrimentorum
1313 2500 1380 2560 et
1426 2486 1764 2559 caliditate
1822 2479 2062 2568 capitis
2097 2498 2112 2542 ε
2148 2474 2244 2538 sic

2340 1861 2485 1908 esse
2538 1834 2802 1902 diversa
2851 1828 2937 1896 ab
3000 1824 3106 1892 his
3165 1842 3314 1913 quae
3379 1812 3887 1885 communicant

2340 1953 2487 2015 tota
2517 1943 2584 2009 in
2617 1938 2893 2007 nomine
2929 1956 2944 1999 ε
2979 1933 3152 1999 sicut
3179 1923 3688 1997 communicant
3715 1937 3889 1983 vena

2342 2059 2512 2128 tota,
2557 2057 2622 2117 et
2677 2068 2869 2114 vena·
2909 2063 3061 2131 qua-
3103 2044 3260 2106 sunt
3306 2039 3529 2124 partes
3566 2051 3580 2094 ε
3615 2035 3681 2095 et
3718 2026 3883 2091 sicut

2345 2184 2501 2230 cum
2553 2155 2829 2226 nomine
2885 2150 3090 2218 totius
3132 2140 3622 2214 -oommunicat
3686 2154 3888 2202 omne

2349 2267 2533 2361 quod
2563 2261 2887 2332 dividitur
2912 2256 3240 2323 divisione
3270 2243 3691 2335 homogenii,
3725 2240 3893 2305 sicut

2351 2378 2415 2446 id
2467 2376 2661 2464 cujus
2699 2367 3016 2462 quaeiibet
3051 2385 3208 2454 pars
3252 2357 3453 2425 habet
3493 2372 3745 2421 nomen
3789 2358 3900 2414 to-

2354 2488 2512 2562 tius,
2545 2484 2718 2549 sicut
2767 2499 2923 2567 pars
2965 2473 3186 2541 earnis
3241 2475 3342 2535 est
3397 2485 3582 2546 caro,
3625 2469 3691 2528 et
3747 2478 3901 2547 pars

693 2619 898 2707 igitur
948 2604 1357 2677 naturaliter
1412 2606 1512 2666 est
1577 2592 1818 2662 siccior
1860 2587 2102 2675 hepate
2138 2604 2151 2647 ε
2181 2589 2244 2646 et
2352 2616 2547 2663 venae
2589 2597 2689 2658 est
2719 2608 2892 2653 vena
2925 2606 2939 2650 :
2975 2592 3039 2650 (ιι
3070 2604 3151 2648 03
3196 2601 3329 2668 qua
3368 2575 3633 2641 diversa
3673 2569 3903 2634 sciun-

695 2747 816 2792 sua
841 2718 1159 2789 mollities
1190 2720 1291 2778 est
1319 2730 1440 2799 per
1478 2700 1812 2771 accidens.
1863 2691 2247 2761 llumiditas
2355 2716 2469 2773 ω,-
2497 2722 2645 2770 0530
2675 2697 2759 2765 31,
2801 2694 2955 2767 mis,
2999 2697 3155 2758 sum
3189 2684 3494 2754 mmubm
3543 2679 3905 2760 hetorum.-

697 2840 920 2899 ¹¹¹¹¹⁰¹¹¹
987 2819 1276 2891 11101111111
1341 2808 1697 2902 5111131111Ν1
1764 2811 1862 2871 ⁰⁸²
1929 2824 2015 2869 ex
2090 2796 2245 2871 ¹¹⁰02
2361 2816 2497 2886 nia,
2571 2827 2862 2898 quorum
2930 2820 3180 2867 nomen
3250 2795 3457 2861 tutius
3517 2811 3652 2856 nou
3705 2759 3903 2851 habet

701 2936 881 3030 quod
947 2930 1223 3021 sanguis
1291 2922 1586 2992 multum
1653 2909 2107 3006 profundatur
2184 2906 2252 2970 in
2360 2944 2517 3013 pars
2557 2919 2627 2984 in
2666 2935 2872 3004 qum„
2914 2906 3255 2974 dividitur·
3295 2900 3372 2967 Et
3422 2894 3694 2987 quando
3752 2890 3911 2957 dici,

700 3050 845 3137 ipso
885 3043 968 3110 ad
1009 3039 1501 3106 incrementum
1561 3021 1847 3093 membri
1880 3017 2248 3109 pertinens.
2364 3051 2518 3097 mus
2566 3022 2747 3116 quod
2792 3040 2944 3110 l'ffl's
2989 3010 3445 3082 comnmnicat
3495 3023 3745 3071 numo„
3802 3007 3913 3063 ιο,

704 3155 785 3223 m
847 3151 1002 3218 licet
1058 3144 1377 3237 Pl¹¹⁰g⁰¹⁰
1443 3135 1664 3223 11111ἓῖ15
1733 3131 1817 3196 511
1893 3122 2255 3194 111111111111111
2363 3140 2527 3222 tius,
2559 3156 2697 3203 non
2739 3126 3180 3217 intelligimus
3237 3115 3419 3211 quod
3459 3108 3915 3181 communicet

705 3285 908 3356 quam
938 3256 1238 3346 sanguiS‚
1280 3260 1512 3317 tamen
1563 3248 1833 3333 oportet
1859 3234 2043 3327 quod
2076 3230 2259 3299 mul-

705 3380 850 3438 tum
925 3363 1004 3430 de
1082 3356 1486 3427 humiditate
1560 3347 1825 3415 amittat
1891 3349 2261 3428 antequam

709 3477 825 3542 liat
854 3468 1130 3560 sanguis
1162 3488 1177 3532 t
1214 3459 1536 3553 phlegma
1575 3454 1759 3521 enim
1811 3443 2117 3515 naturale
2161 3448 2263 3510 est

711 3581 991 3651 materia
1021 3572 1395 3664 sanguinis.

803 3697 1061 3765 Siccius
1116 3696 1344 3758 autem
1410 3687 1480 3752 in
1547 3698 1831 3769 corpore
1888 3679 1991 3741 est
2031 3668 2260 3760 pilus:

714 3816 1074 3903 generatur
1121 3802 1305 3871 enim
1371 3818 1456 3864 ex
1515 3812 1766 3880 vapore
1818 3785 2023 3859 sit-cO,
2075 3778 2268 3864 cujus

718 3913 1111 4006 evaporavit
1147 3905 1544 3979 humiditaS,
1587 3906 1653 3967 et
1692 3892 2093 3982 coagulatur
2147 3887 2273 3952 sic-

720 4050 837 4096 cus
872 4049 886 4093 :
922 4026 1164 4112 etpost
1206 4016 1417 4107 pilum
1479 4017 1578 4078 est
1634 4029 1736 4082 οε,
1788 4001 1971 4093 quod
2000 4005 2099 4063 est
2140 3994 2274 4062 hu-

723 4133 969 4201 midius
1026 4127 1191 4220 pilo,
1254 4146 1334 4190 eo
1385 4117 1570 4211 quod
1628 4111 1928 4181 nutritur
1990 4128 2074 4173 ex
2114 4126 2272 4169 san-

723 4241 925 4331 guine
960 4261 975 4305 ε
1011 4244 1075 4303 et
1141 4231 1450 4324 quaedam
1509 4225 1644 4291 ulia
1706 4225 1861 4286 sunt
1919 4238 2073 4305 quw
2143 4233 2279 4276 nu-

722 4350 1017 4418 triuntur
1068 4364 1245 4418 osse,
1286 4335 1407 4406 sed
1450 4331 1638 4401 nulla
1705 4325 2100 4396 nutriuntur
2161 4341 2282 4384 ca-

723 4454 901 4548 pillis
933 4477 948 4520 :
984 4461 1047 4519 et
1079 4457 1232 4541 post
1288 4468 1366 4515 os
1405 4440 1761 4529 cartilago,
1806 4442 1870 4502 et
1902 4437 2052 4522 post
2103 4428 2277 4512 liga·

726 4572 1057 4639 mentum,
1080 4567 1147 4627 et
1175 4565 1324 4648 post
1349 4550 1773 4622 membrana,
1807 4553 1872 4612 et
1906 4549 2055 4633 pust
2088 4559 2279 4603 veum

727 4677 994 4768 quiem,
1041 4678 1107 4738 et
1170 4663 1412 4735 deinde
1479 4656 1854 4751 pulsatiles,
1912 4661 1973 4718 et
2044 4655 2280 4741 postea

724 4783 914 4851 nervi
979 4775 1248 4854 motivi,
1308 4779 1377 4840 et
1423 4765 1667 4837 deinde
1706 4784 1847 4838 cor,
1918 4768 1988 4826 et
2044 4762 2281 4847 postea

729 4888 918 4954 nervi
965 4880 1293 4951 sensitivi.
1342 4873 1549 4944 Nervi
1590 4871 1774 4938 enim
1827 4864 2067 4934 motivi
2124 4865 2283 4928 sunt

730 4995 946 5084 magis
982 4988 1204 5080 frigidi
1236 4995 1301 5053 et
1340 4983 1525 5052 sicci.
1565 4977 1769 5046 Nervi
1818 4997 1984 5041 vero
2022 4967 2290 5039 sensiti-

730 5105 796 5171 vi
834 5108 990 5168 sunt
1038 5096 1319 5190 quidem
1360 5089 1612 5183 frigidi,
1648 5084 1767 5154 sed
1812 5106 1951 5151 non
1993 5077 2289 5148 multum

733 5211 914 5287 sicci,
949 5205 1259 5299 quinimo
1292 5200 1622 5270 accedunt
1651 5192 1738 5261 ad
1769 5187 2290 5280 temperantiam

734 5318 870 5385 sere
902 5337 918 5382 ε
954 5321 1021 5383 et
1056 5319 1292 5404 postea
1328 5307 1526 5377 cutis.

826 5420 1121 5490 lIumida
1161 5419 1367 5510 igitur
1413 5419 1573 5481 sunt
1621 5406 1934 5501 ‹piaedam
1987 5402 2296 5471 membra

2367 3249 2434 3315 in
2503 3241 2782 3311 nomine
2832 3244 3091 3303 tantum
3152 3230 3325 3296 sieut
3379 3225 3753 3315 {equivoc-a,
3797 3213 3913 3282 sed

2371 3355 2596 3447 potius
2651 3346 2835 3440 quod
2891 3338 3345 3411 communicet
3402 3335 3469 3399 in
3521 3329 3797 3399 nomine
3853 3330 3920 3390 et

2370 3463 2659 3536 ratione,
2692 3457 2867 3523 sicut
2908 3451 3110 3519 facies
3139 3468 3294 3515 cum
3327 3441 3491 3509 facie
3535 3437 3813 3504 nomine
3857 3437 3920 3498 et

2371 3571 2633 3640 ratione
2675 3557 3157 3633 communicat.

2463 3675 2647 3746 modi
2723 3677 2952 3739 autem
3018 3680 3375 3732 causarum
3454 3650 3918 3721 membrorum

2374 3789 2712 3856 sic-eorum
2784 3784 2852 3846 et
2917 3770 3354 3842 humidorum
3429 3767 3590 3830 sunt
3662 3755 3857 3826 multi
3901 3772 3918 3820 ι

2377 3892 2705 3987 quoniam
2780 3882 3086 3977 quaedam
3153 3882 3310 3944 sunt
3390 3872 3561 3938 sicut
3642 3863 3924 3934 materia

2380 4001 2705 4071 memhris
2735 3991 3070 4084 organicis
3096 4013 3110 4055 τ
3138 3981 3482 4078 quodlibet
3514 3976 3697 4043 enim
3724 3992 3930 4040 mem·

2381 4115 2577 4181 bruni
2620 4103 3016 4196 organicum
3071 4097 3490 4162 sustentatur
3535 4092 3596 4149 et
3654 4098 3931 4167 compo-

2383 4220 2567 4284 nitur
2595 4212 2680 4279 ah
2722 4209 2843 4282 eis,
2886 4202 2971 4271 ab
3002 4199 3270 4268 ossibus
3314 4190 3653 4263 videlicet,
3687 4191 3751 4250 et
3780 4201 3935 4248 car-

2384 4345 2497 4400 ne,
2530 4327 2599 4387 et
2636 4312 2888 4392 nervis,
2946 4316 3007 4374 et
3051 4305 3157 4373 his
3194 4296 3533 4369 similibus
3564 4315 3581 4360 z
3618 4293 3708 4360 ita
3755 4282 3933 4377 quod

2385 4420 2703 4517 qua-dam
2751 4412 3077 4484 similium
3126 4401 3545 4475 conveniunt
3610 4392 3933 4461 substau-

2387 4535 2499 4602 tia·
2530 4525 3037 4618 organicorum,
3068 4523 3134 4583 et
3162 4509 3478 4603 qua-dam
3510 4496 3884 4594 operationi
3914 4516 3929 4559 ε

2393 4651 2458 4710 et
2489 4635 2800 4731 quaedam
2833 4625 3268 4697 humiditates
3314 4624 3471 4686 suut
3518 4612 3709 4681 cibus
3745 4604 3939 4674 simi-

2388 4746 2568 4816 libus
2607 4764 2757 4833 qua·
2814 4741 2970 4804 sunt
3024 4733 3093 4799 in
3142 4721 3636 4816 compositione
3675 4708 3943 4802 organi·

2389 4874 2627 4923 corum
2664 4872 2679 4916 ε
2712 4844 2945 4917 omnia
2974 4841 3156 4907 enim
3209 4830 3515 4903 membra
3563 4828 3944 4893 incremen-

2391 4971 2538 5030 tum
2568 4955 2905 5045 accipiunt
2935 4971 3017 5016 ex
3049 4938 3589 5013 humiditatihus.
3630 4930 3706 4998 Ei
3740 4928 3940 4996 etiam

2393 5078 2494 5137 est
2537 5063 2822 5134 intentio
2863 5068 3118 5126 uaturae
3167 5060 3243 5118 ut
3289 5043 3605 5140 quaedam
3654 5038 3786 5105 sint
3837 5057 3945 5101 re-

2396 5172 2744 5269 ceptacula
2790 5164 3332 5260 superfluitatum
3381 5153 3538 5234 cibi,
3596 5149 3767 5216 sicut
3806 5153 3947 5211 ter-

2398 5283 2632 5354 restris
2675 5273 3037 5371 ponderosi
3096 5267 3252 5336 sic-ci
3292 5261 3477 5356 quod
3531 5257 3704 5327 cedit
3737 5256 3804 5321 in
3835 5273 3948 5317 se-

2397 5413 2692 5470 cessum,
2733 5396 2799 5456 et
2851 5374 3336 5473 superfluitatis
3402 5365 3701 5436 humida!
3769 5379 3953 5450 gros-

740 5529 1159 5607 naturaliter,
1201 5527 1377 5594 sicut
1434 5541 1704 5610 sepum,
1771 5523 1835 5584 et
1892 5512 2180 5587 zirbum,
2230 5515 2299 5575 et
2400 5522 2493 5569 soe
2530 5495 2932 5590 ponderosze
2972 5507 3121 5578 quae
3178 5480 3357 5550 cedit
3408 5479 3478 5544 iu
3524 5473 3823 5542 vesicam
3878 5464 3952 5532 in

742 5657 1057 5731 sperma:
1093 5642 1160 5704 et
1204 5631 1338 5700 hoc
1395 5635 1497 5698 est
1542 5646 1786 5694 verum
1852 5624 1925 5690 in
1978 5615 2302 5688 animali·
2404 5606 2816 5678 animalibus
2849 5597 3146 5669 vesicam
3177 5587 3612 5660 habentibus.

742 5748 870 5816 bus
906 5742 1312 5816 habentibus
1340 5737 1747 5828 sanguinem
1786 5739 1853 5800 et
1880 5751 2157 5799 carnem
2185 5724 2295 5793 vel

2498 5716 2742 5786 Adhuc
2806 5716 3032 5781 autem
3097 5705 3168 5772 in
3229 5700 3379 5768 istis
3432 5683 3953 5765 humiditatibus
