4919 6371
546 359 675 426 508

545 527 909 605 ssuitatum,
942 524 1140 592 valde
1170 546 1447 615 parvm,
1501 533 1565 591 et
1589 527 1926 617 praecipue
1984 550 2102 594 au·

548 631 787 696 riculas
818 639 884 696 et
922 652 1123 697 nares
1158 653 1171 696 :
1230 639 1296 698 et
1327 655 1482 698 cum
1516 642 1671 721 post
1731 643 1957 700 ortum
1991 634 2104 701 ἰη-

543 738 756 806 voluti
808 741 1138 819 steterint,
1231 741 1740 831 ampliabuntur
1783 791 1793 801 ·
1849 746 2094 834 magis.

541 847 927 938 Aliquando
1007 857 1234 919 autem
1300 851 1567 934 accidit,
1595 853 1780 943 quod
1818 852 2099 943 quidam

540 957 681 1020 nati
710 956 782 1021 in
820 963 1063 1024 octavo
1121 979 1379 1034 mense,
1434 960 1907 1048 supervivunt,
1980 959 2100 1025 sed

544 1082 721 1127 raro.
764 1061 921 1129 Nati
964 1065 1249 1129 enimin
1281 1071 1547 1141 octavo,
1601 1064 1838 1154 procul
1890 1064 2098 1131 dubio

540 1167 625 1234 ad
680 1169 941 1237 exitum
995 1179 1363 1238 moventur
1419 1172 1488 1235 in
1554 1173 1903 1259 septimo:
1979 1170 2099 1237 sed

539 1277 696 1365 quia
725 1275 979 1343 debiles
1008 1285 1190 1354 sunt,
1224 1285 1378 1365 post
1408 1284 1675 1343 motum
1710 1279 2093 1367 quiescunt,

540 1386 703 1451 etin
733 1393 984 1451 octavo
1041 1383 1302 1450 viribus
1344 1406 1486 1450 non
1526 1386 1941 1473 recuperatis
1972 1383 2100 1451 de-

537 1489 870 1557 scendunt
917 1497 983 1556 et
1039 1496 1432 1567 nascuntur,
1506 1496 1572 1556 et
1609 1490 1762 1556 ideo
1796 1513 1948 1556 raro
1985 1492 2099 1556 vi-

535 1603 708 1662 vunt
737 1618 753 1662 :
790 1595 907 1663 sed
938 1597 995 1662 si
1017 1605 1446 1664 remanerent
1477 1596 1545 1663 in
1576 1606 1769 1665 utero
1811 1620 1932 1688 per
1960 1597 2097 1664 cir-

535 1701 763 1769 culum
824 1724 1042 1768 unum
1104 1701 1311 1781 lunae,
1382 1704 1762 1792 reciperent
1817 1705 1997 1771 vires
2030 1712 2095 1771 et

525 1807 929 1897 juvarentur
954 1807 1038 1875 ad
1060 1810 1318 1876 exitum
1349 1809 1418 1875 in
1462 1832 1671 1887 ηοηο,
1707 1817 1773 1877 et
1801 1817 1964 1877 tunc
1986 1833 2097 1877 su-

532 1918 881 2006 pervivere
919 1927 1221 2008 possent.
1266 1917 1521 1985 Dicunt
1561 1925 1794 1985 tamen
1849 1918 2087 2008 aliqui,

532 2025 715 2116 quod
746 2027 813 2092 in
846 2025 1157 2116 partibus
1190 2025 1503 2117 AEgypti‚
1540 2050 1693 2116 quae
1742 2037 1900 2095 sunt
1928 2050 2094 2118 par-

536 2142 633 2201 tes
661 2134 895 2202 calidae
937 2141 1003 2202 et
1024 2133 1349 2216 humidae,
1376 2143 1442 2202 et
1469 2136 1764 2203 multum
1797 2143 1956 2202 sunt
1997 2135 2090 2202 ibi

537 2240 855 2308 mulieres
900 2243 1243 2332 viragines
1292 2250 1359 2309 et
1385 2243 1754 2332 vigorosae,
1790 2242 1988 2311 multi
2019 2243 2088 2308 in

533 2356 772 2416 octavo
806 2371 1038 2416 mense
1068 2349 1449 2439 pariuntur,
1487 2358 1553 2416 et
1609 2350 2085 2440 supervivunt.

532 2451 615 2519 Et
643 2450 774 2522 hoc
819 2475 1050 2520 rarum
1109 2462 1177 2521 et
1223 2453 1535 2521 mirabile
1586 2462 1686 2522 est
1714 2455 1913 2523 valde
1944 2478 1958 2521 ε
1993 2455 2088 2522 ibi

530 2559 710 2626 euim
749 2561 1024 2650 pariunt
1049 2560 1367 2628 mulieres
1398 2560 1483 2628 ad
1505 2570 1659 2629 octo
1682 2583 1978 2640 menseS,
2022 2571 2091 2630 et

532 2667 772 2734 vivunt
805 2666 949 2734 filii.
993 2667 1259 2736 Dicitur
1296 2670 1500 2736 etiam
1535 2669 1720 2760 quod
1754 2672 1823 2735 in
1871 2672 2089 2761 parti-

533 2774 659 2841 bus
689 2775 989 2865 regionis
1046 2798 1253 2866 quam
1317 2785 1570 2844 vocant
1615 2776 1892 2855 Adokil,
1946 2777 2087 2845 sal-

531 2889 777 2947 vantur
805 2882 944 2948 nati
986 2882 1054 2948 in
1096 2891 1341 2949 octovo
1400 2905 1660 2950 mense.
1735 2883 2090 2974 Contingit

522 2989 751 3066 etiam,
786 2989 973 3080 quod
1010 2988 1258 3079 aliquis
1281 2990 1579 3058 creditur
1608 2993 1798 3058 nasci
1842 2998 1908 3058 et
1945 2990 2088 3058 sal-

519 3097 662 3163 vari
703 3095 770 3161 in
829 3103 1074 3164 octavo
1116 3118 1378 3175 mense,
1414 3096 1606 3188 quod
1666 3097 1736 3163 in
1795 3098 2084 3165 veritate

526 3227 663 3271 non
701 3213 804 3274 est
837 3227 1105 3285 verum,
1145 3205 1265 3273 sed
1292 3213 1570 3296 propter
1608 3205 1942 3273 malitiam
1974 3229 2087 3273 re-

528 3309 803 3400 giminis
830 3318 897 3377 et
926 3311 1456 3399 computationis
1484 3309 1792 3378 mulieris
1823 3313 2089 3401 imprae-

526 3426 769 3506 gnatae,
794 3418 1113 3509 opinatur
1142 3417 1325 3508 quod
1355 3418 1442 3485 sit
1491 3416 1671 3485 tilius
1710 3426 1864 3485 octo
1899 3441 2087 3485 men·

526 3525 703 3591 sium
743 3547 897 3592 cum
929 3524 1016 3593 sit
1044 3547 1295 3594 novem
1336 3526 1708 3606 mensium,
1751 3548 1834 3594 eo
1896 3525 2085 3617 quod

521 3639 676 3699 ante
731 3632 1045 3723 concepit
1116 3654 1327 3725 quam
1375 3632 1689 3701 'dixeratz
1753 3632 2080 3701 mulieres

525 3735 706 3802 enim
772 3757 910 3802 ηοη
968 3734 1140 3803 hene
1178 3734 1571 3805 custodiunt
1608 3743 1677 3804 et
1714 3736 2084 3805 observant

523 3849 835 3932 tempora
882 3842 1120 3933 primae
1189 3842 1797 3933 impraegnationis.
1847 3841 2083 3911 Multis

528 3951 709 4017 enim
776 3949 1175 4018 mulieribus
1233 3950 1477 4019 accidit
1535 3949 1768 4019 dolere
1844 3950 2081 4019 dolore

527 4058 994 4147 parturitionis
1032 4059 1099 4125 in
1131 4066 1375 4126 octavo
1406 4080 1666 4135 mense,
1691 4066 1760 4125 et
1789 4059 1858 4124 in
1893 4081 2083 4126 men-

522 4190 594 4234 se
624 4175 892 4258 quarto,
926 4167 1262 4258 praecipue
1291 4168 1347 4235 si
1378 4167 1815 4258 superveniat
1844 4165 2076 4246 febris,

520 4281 585 4342 et
635 4274 1007 4364 saepissime
1082 4276 1472 4343 moriuntur
1558 4282 1833 4341 mortuo
1928 4298 2081 4341 em-

517 4379 802 4472 bryone,
843 4389 1122 4473 propter
1150 4382 1436 4450 nimiam
1470 4381 1893 4450 debilitatem
1944 4385 2077 4449 tlu-

520 4512 647 4556 xus
676 4489 1030 4580 sanguinis
1059 4489 1175 4581 qui
1206 4491 1518 4582 sequitur
1553 4487 1763 4559 talem
1805 4498 2075 4581 partum

518 4599 633 4688 qui
677 4597 1147 4667 innaturaliter
1176 4598 1264 4667 ab
1292 4607 1489 4668 utero
1511 4599 1982 4690 abrumpitur:
2010 4606 2077 4666 et

518 4704 670 4773 ideo
715 4727 854 4774 non
910 4705 1135 4773 solum
1183 4728 1324 4773 non
1366 4706 1610 4774 vivunt
1666 4708 1807 4774 nati
1840 4729 2075 4774 mense

517 4821 782 4895 octavo,
849 4813 968 4882 sed
1033 4813 1239 4882 etiam
1299 4821 1554 4882 matres
1585 4812 1825 4903 talium
1865 4822 2075 4882 nato-

517 4944 666 4989 rum
705 4921 1113 4991 moriuntur.
1148 4920 1234 4989 Et
1263 4920 1581 4990 similiter
1636 4929 1739 4989 est
1769 4921 1853 4989 de
1893 4922 2074 4990 natis

511 5029 585 5097 in
616 5037 856 5120 quarto
887 5052 903 5098 ε
938 5030 1270 5121 quoniam
1302 5027 1398 5097 illi
1441 5026 1669 5096 adhuc
1699 5028 2073 5098 fortissime

512 5134 852 5206 cohaerent
882 5143 1104 5220 utero,
1140 5144 1210 5205 et
1238 5138 1309 5204 in
1350 5134 1762 5227 abruptione
1810 5132 2071 5203 multus

511 5243 789 5334 sanguis
826 5244 1062 5313 exiens
1090 5266 1177 5313 ex
1206 5265 1491 5335 corpore
1524 5242 1765 5311 matris
1796 5264 1939 5311 non
1968 5244 2072 5312 si-

511 5350 782 5420 niteam
808 5352 1067 5420 vivere.
1102 5351 1532 5443 Imperfectio
1563 5358 1798 5419 autem
1839 5349 2072 5418 infan-

512 5460 599 5527 tis
627 5465 694 5527 et
715 5456 1023 5527 modicus
1051 5459 1332 5551 sanguis
1361 5459 1475 5549 qui
1508 5456 1658 5525 ssuit
1686 5479 1771 5525 ex
1836 5455 2072 5524 umbi·
2164 5508 2167 5513 ⁴

508 5559 642 5632 lico
672 5562 843 5653 ejus,
903 5560 1151 5631 occidit
1205 5570 1639 5653 conceptum.
1686 5560 1760 5630 Si
1835 5568 2067 5630 autem

508 5672 811 5766 pariatur
872 5678 1075 5739 natus
1127 5676 1287 5761 post
1348 5690 1659 5739 mensem
1690 5668 2064 5748 decimum,

1546 355 1629 420 D.
1685 354 1884 422 ALB.
1940 354 2160 423 MAG.

2213 352 2417 424 ORD.
2474 356 2764 424 PRAED.

2214 527 2456 595 dicitur
2488 530 2664 619 quod
2706 528 3018 595 mulieres
3049 521 3533 594 erraveruntin
3556 541 3752 585 com-

2213 638 2560 724 putatione
2627 637 2857 725 primae
2923 629 3524 724 impraegnationis.
3606 625 3751 715 Ego

2212 750 2437 808 autem
2479 743 2617 808 vidi
2672 764 3070 831 puerperam
3110 739 3468 806 honestam
3499 742 3566 802 et
3621 732 3750 799 [ide

2211 847 2512 936 dignam,
2549 849 2738 936 cujus
2769 870 2922 915 cum
2973 849 3252 913 mirarer
3292 843 3745 934 quantitatem

2210 953 2330 1020 filii
2388 976 2591 1044 quem
2646 953 2947 1042 protulit,
3010 954 3172 1043 quia
3235 950 3536 1019 enormis
3594 952 3739 1015 erat

2211 1060 2628 1149 quantitatis,
2673 1061 2955 1126 asseruit
2983 1065 3371 1125 constanter
3408 1053 3589 1145 quod
3614 1075 3742 1119 na-

2208 1174 2352 1232 tum
2385 1165 2615 1233 decem
2645 1164 2990 1232 mensibus
3032 1172 3097 1231 et
3123 1161 3417 1253 amplius
3448 1162 3519 1226 in
3551 1167 3744 1226 utero

2208 1282 2608 1362 gestaverat.

2296 1381 2503 1448 Error
2530 1392 2752 1450 tamen
2793 1403 2966 1471 saepe
3017 1380 3255 1448 accidit
3300 1379 3370 1445 in
3401 1384 3752 1466 computa·

2206 1491 2390 1556 tione
2434 1489 2817 1566 mulierum,
2860 1512 2945 1557 ex
2987 1487 3216 1555 multis
3272 1486 3492 1554 causis
3526 1505 3542 1549 ε
3578 1504 3747 1573 qua-

2205 1617 2355 1660 rum
2388 1617 2523 1661 una
2561 1603 2684 1673 est,
2738 1594 2919 1684 quod
2947 1617 3125 1685 saepe
3174 1616 3258 1661 ex
3295 1591 3554 1659 semine
3597 1610 3752 1678 pro-

2209 1702 2377 1789 pri0,
2419 1700 2526 1768 vel
2554 1701 2680 1767 viri
2722 1699 2938 1767 inutili
2989 1700 3246 1768 semine
3296 1703 3594 1786 recepto,
3636 1694 3747 1760 vel

2204 1807 2337 1873 alia
2372 1830 2575 1875 causa
2615 1808 2851 1875 accidit
2882 1810 2950 1875 in
2990 1810 3264 1875 matrice
3308 1816 3539 1875 tumor
3585 1830 3747 1874 ven-

2202 1915 2490 1982 tositatis
2529 1914 2831 2004 alicujuS,
2877 1924 2941 1983 et
2970 1915 3250 1983 credunt
3278 1937 3348 1982 se
3380 1923 3543 1984 ωηο
3571 1938 3745 1983 οοη-

2200 2023 2480 2111 cepisse,
2514 2031 2577 2090 et
2607 2022 2689 2089 ab
2729 2022 2845 2089 illo
2877 2031 3179 2112 tempore
3208 2030 3630 2111 computant,
3675 2032 3743 2090 et

2199 2138 2436 2220 postea
2491 2153 2607 2221 per
2645 2130 2899 2221 aliquot
2943 2130 3083 2198 dies
3144 2139 3415 2211 coeunt,
3466 2139 3535 2197 et
3585 2153 3741 2197 vere

2197 2237 2587 2328 concipiunt
2629 2260 2644 2303 ε
2688 2246 2754 2304 et
2805 2245 2967 2305 tunc
3014 2239 3175 2327 quia
3237 2245 3637 2327 computant
3704 2261 3743 2304 a

2195 2346 2417 2434 primo
2448 2345 2700 2412 ventris
2721 2354 3006 2421 tumore,
3035 2344 3487 2435 decipiuntur.
3516 2343 3745 2422 Quan-

2196 2452 2282 2519 do
2327 2453 2508 2520 enim
2560 2452 2801 2520 mulier
2854 2454 3091 2542 recipit
3145 2475 3414 2541 sperma
3468 2452 3625 2530 viri,
3677 2461 3742 2519 et

2197 2562 2289 2629 illi
2359 2565 2679 2653 spermati
2745 2585 2883 2629 non
2960 2562 3398 2652 conjungitur
3470 2582 3739 2652 sperma

2194 2672 2572 2762 proprium,
2622 2680 2778 2737 tunc
2819 2693 3071 2737 vanum
3114 2679 3213 2737 est
3263 2692 3533 2761 sperma
3579 2669 3733 2746 viri,

2194 2789 2257 2848 et
2300 2781 2714 2847 convertitur
2758 2781 2824 2845 in
2871 2781 3348 2846 ventositatem
3398 2787 3465 2846 et
3519 2777 3739 2846 elevat

2193 2889 2541 2955 matricem
2577 2910 2591 2954 :
2638 2896 2699 2954 et
2760 2886 2927 2954 forte
2968 2909 3182 2975 vapor
3222 2887 3370 2974 ejus
3435 2885 3738 2953 ascendit

2191 3003 2392 3084 caput
2445 3003 2510 3061 et
2572 2993 2822 3060 inducit
2885 2993 3287 3082 vertiginem
3344 3000 3462 3059 aut
3526 2993 3732 3059 etiam

2192 3101 2603 3193 epileptiam,
2646 3110 2708 3168 et
2749 3103 2816 3169 in
2857 3100 3232 3168 elevatione
3280 3099 3582 3167 matricis
3612 3098 3739 3166 de-

2191 3210 2535 3298 cipiuntur
2578 3207 2868 3275 foeminae
2931 3206 3282 3275 credentes
3347 3229 3419 3273 se
3487 3228 3740 3274 conce-

2192 3316 2368 3405 pisse
2398 3338 2553 3381 cum
2593 3337 2729 3382 non
2757 3314 3209 3404 conceperint.
3253 3312 3584 3379 Similiter
3611 3311 3737 3379 ali-

2191 3420 2462 3512 quando
2512 3420 2754 3488 mulier
2808 3420 2941 3488 coit
3003 3442 3157 3487 cum
3204 3421 3382 3497 viro,
3435 3418 3552 3510 qui
3618 3427 3737 3486 aut

2190 3551 2330 3597 non
2377 3529 2619 3597 emittit
2651 3551 2906 3606 semen,
2941 3537 3056 3595 aut
3100 3526 3297 3595 valde
3338 3526 3527 3594 tarde
3580 3535 3738 3617 post

2187 3635 2658 3725 longissimam
2707 3634 3252 3703 confricationem
3298 3635 3519 3702 coitus
3548 3634 3742 3701 emit·

2187 3743 2267 3811 tit
2302 3765 2318 3811 ε
2355 3752 2420 3811 et
2458 3742 2527 3810 in
2555 3741 2671 3810 illo
2699 3742 2880 3810 coitu
2917 3741 3162 3809 mulier
3187 3740 3440 3809 emittit
3464 3760 3736 3831 sperma

2185 3852 2537 3942 proprium
2587 3852 2761 3918 intra
2816 3852 3163 3920 matricem
3230 3850 3601 3941 propriam,
3660 3857 3729 3916 et

2184 3979 2321 4023 non
2361 3978 2629 4046 sperma
2655 3955 2805 4033 viri,
2839 3963 2903 4023 et
2939 3954 3275 4022 clauditur
3320 3954 3569 4021 matrix
3607 3975 3729 4020 su-

2184 4086 2305 4153 per
2357 4085 2623 4152 sperma
2654 4063 3003 4152 proprium
3041 4085 3057 4129 :
3093 4070 3158 4130 et
3201 4070 3362 4128 tunc
3400 4062 3605 4129 etiam
3638 4059 3727 4127 il-

2181 4169 2297 4238 lud
2335 4192 2569 4237 semen
2623 4178 2722 4236 est
2768 4166 3025 4244 inutile,
3077 4176 3142 4235 et
3192 4168 3610 4235 convertitur
3655 4168 3724 4233 in

2181 4299 2506 4364 vaporem
2563 4275 3014 4351 ventositatis,
3075 4283 3137 4341 et
3213 4273 3433 4343 elevat
3485 4274 3728 4341 matri·

2182 4408 2355 4462 cem,
2388 4394 2454 4451 et
2493 4386 2649 4452 lacit
2677 4384 3066 4474 opinionem
3096 4392 3159 4450 et
3207 4381 3724 4451 similitudinem

2179 4502 2548 4584 conceptus
2579 4515 2594 4558 :
2629 4499 2694 4558 et
2733 4491 2788 4558 si
2841 4498 3071 4582 postea
3104 4489 3348 4559 mulier
3374 4512 3534 4558 vere
3563 4511 3726 4558 con-

2181 4602 2345 4692 cipit
2390 4625 2474 4669 ex
2511 4599 2644 4669 alio
2672 4600 2852 4668 coitu
2898 4600 3025 4667 viri
3074 4600 3231 4669 facit
3282 4621 3584 4669 errorem
3642 4598 3713 4665 in

2178 4708 2657 4798 computando.
2716 4705 2863 4774 Alia
2912 4708 3111 4774 etiam
3169 4728 3318 4797 quae
3394 4703 3718 4774 claudunt

2177 4817 2524 4884 matricem
2557 4822 2667 4882 aut
2695 4814 3089 4881 abscindunt
3129 4821 3581 4891 menstruum,
3615 4813 3719 4881 fa-

2177 4924 2364 4991 ciunt
2409 4923 2773 5013 aliquando
2820 4945 3141 5000 errorem,
3192 4919 3313 4990 sed
3363 4941 3501 4989 non
3542 4922 3717 4990 sicut

2179 5053 2259 5099 ea
2297 5052 2449 5121 qua·
2480 5029 2654 5099 dicta
2684 5037 2863 5096 suut.
