4919 6371
1976 440 2145 508 LIB.
2181 438 2258 506 «ΙΙ
2306 437 2428 505 DE
2474 436 3065 518 ANlMALfflth,
3116 436 3431 505 TRACT.
3486 435 3546 501 ΙΙ

1122 625 1238 685 -est
1269 615 1512 702 major,
1547 613 1720 678 sicut
1771 610 1842 675 in
1906 632 2139 699 porco,
2188 616 2254 677 et
2300 631 2485 704 urso,
2521 609 2683 676 etin

1139 724 1288 793 aliis
1336 728 1438 787 est
1488 721 1733 809 minor.
1788 717 2232 787 Diversantur
2280 722 2487 786 etiam
2514 738 2688 784 ven-

4214 434 4346 500 -191

2796 605 2951 672 dam
2983 613 3212 671 autem
3271 603 3422 670 aliis
3460 603 3869 671 animalibus
3926 608 4200 669 ventres
4265 603 4364 668 si-

2794 711 2992 778 miles
3019 709 3298 778 habent.

1140 842 1275 899 tres
1305 831 1377 895 in
1422 828 1640 919 ligura
1687 839 1755 896 et
1799 829 2235 920 spissitudine
2292 826 2686 894 substantiae
2771 841 2775 844 “

1137 945 1205 1004 et
1240 933 1612 1003 subtilitate
1641 935 1974 1024 ejusdem,
2004 937 2177 1003 sicut
2223 942 2288 1000 et
2324 930 2688 998 intestino-

1143 1066 1293 1111 rum
1350 1067 1501 1135 quae
1523 1052 1681 1112 sunt
1709 1047 1824 1113 via
1859 1044 2081 1111 exitus
2109 1040 2421 1108 stercoris
2461 1039 2691 1106 diver-
2778 1082 2783 1088 -

1122 1159 1380 1219 santur
1436 1153 1506 1219 in
1579 1152 1957 1243 quantitate
2023 1156 2088 1216 et
2139 1148 2567 1215 ssexuositate
2597 1155 2692 1213 ·et
2771 1163 2776 1168 ·

1145 1257 1592 1325 involutione.
1660 1254 2080 1323 Generaliter
2132 1261 2361 1322 autem
2426 1253 2694 1320 intesti-
2777 1282 2817 1304 ·1

1145 1387 1311 1454 num
1396 1364 1746 1431 omnium‘
1799 1361 2200 1430 animalium
2292 1360 2690 1428 habentium

1143 1473 1377 1541 dentes
1416 1475 1488 1538 in
1525 1480 1811 1562 utraque
1858 1470 2276 1548 mandibula,
2310 1479 2413 1539 est
2467 1469 2692 1535 minus

1138 1579 1457 1647 intestino
1542 1580 1915 1646 carentium
1974 1576 2287 1650 dentibus
2323 1577 2423 1643 in
2489 1596 2695 1663 supe-
2739 1569 2788 1581 ”

1143 1684 1335 1752 riori.
1353 1751 1356 1752 γ

1234 1788 1480 1858 Adhuc
1553 1797 1786 1857 autem
1820 1798 1826 1803 ’
1859 1788 2125 1856 nullum
2180 1786 2458 1857 animal.
2496 1786 2694 1853 valde
2782 1781 2789 1788 ’

3223 1674 3227 1678 ’
3349 1690 3792 1763 ὀΑΡυΤιι

1147 1895 1401 1965 modici
1473 1897 1803 1986 corporiS,
1871 1893 2078 1964 habet
2132 1918 2386 1964 cornua
2439 1894 2571 1962 nisi
2608 1894 2697 1961 sit
2821 1890 2826 1895 ’

1143 2001 1488 2094 multipes.
1535 2001 1915 2071 Scarabeus
1943 2003 2128 2071 enim
2165 2003 2468 2071 silvanus
2491 2001 2697 2069 habet

1143 2109 1277 2177 duo
1318 2132 1579 2177 cornua
1607 2109 1676 2177 in
1706 2111 2040 2201 superiori
2076 2119 2266 2200 parte
2297 2111 2535 2200 capitis
2561 2110 2691 2188 sui,

1145 2241 1296 2309 quae
1346 2217 1601 2287 liabent
1627 2242 1859 2288 ramos
1888 2221 2066 2289 sicut
2100 2242 2355 2289 cornua
2384 2220 2590 2300 cervi,
2632 2228 2699 2288 et
2772 2234 2778 2240 “

1148 2334 1378 2394 movet
1415 2350 1499 2394 ea
1538 2327 1624 2394 ad
1654 2328 2024 2396 tenendum
2061 2328 2236 2397 sicut
2273 2336 2503 2396 movet
2533 2349 2701 2395 can-

1112 2456 1259 2502 -cer
1302 2456 1586 2501 manum
1638 2457 1861 2512 suam,
1911 2457 2062 2526 quae
2107 2438 2345 2526 forfex
2398 2458 2438 2503 a
2484 2434 2697 2525 vulgo

1145 2547 1452 2608 vocatur.
1486 2539 1773 2609 Nullum
1811 2542 2018 2609 etiam
2045 2540 2252 2610 habet
2275 2540 2411 2620 hoo
2446 2542 2703 2610 intesti-

1143 2672 1313 2716 num
1356 2649 1543 2738 quod
1598 2661 1856 2718 rectum
1883 2659 2171 2719 vocatur
2197 2674 2317 2741 per
2379 2651 2564 2743 quod
2602 2659 2701 2718 est

1121 2756 1372 2822 -exitus
1411 2756 1924 2845 superfluitatis,
1957 2758 2084 2825 nisi
2150 2757 2389 2827 dentes
2455 2756 2701 2826 habeat

1149 2863 1216 2928 in
1247 2870 1532 2952 utraque
1562 2862 1983 2932 mandibula.

1233 2966 1529 3057 Elephas
1557 2976 1787 3036 autem
1817 2968 2024 3038 habet
2073 2971 2470 3039 intestinum
2499 2972 2704 3039 invo-

1123 3072 1369 3141 lutum
1415 3073 1613 3141 valde
1660 3082 1729 3144 et
1780 3074 2105 3145 villosum
2156 3098 2174 3145 ε
2223 3086 2292 3146 et
2320 3077 2475 3145 ideo
2507 3079 2705 3147 inex-

2777 2438 2909 2504 'De
2944 2435 3392 2527 dispositione
3438 2433 3905 2502 'nembrot-um
3956 2428 4365 2503 interim-‘um

2962 2543 3387 2633 serpentium
3413 2550 3481 2609 et
3508 2541 3808 2633 piscium
3836 2547 3903 2607 et
3939 2539 4203 2606 avium.

1147 3189 1370 3271 pertes
1399 3189 1642 3272 putant
1667 3204 1829 3252 eum
1866 3192 2165 3275 quatuor
2187 3194 2462 3255 ventres
2496 3184 2704 3255 habe·
2786 3214 2793 3219 ·

1150 3309 1246 3372 re,
1279 3309 1574 3380 quorum
1603 3289 1889 3380 quilibet
1926 3290 2173 3362 habeat
2200 3294 2419 3362 vicem
2439 3301 2705 3363 stoma-

1147 3395 1310 3466 cbi:
1353 3396 1473 3465 sed
1509 3398 1580 3465 in
1618 3400 1987 3469 veracitate
2046 3423 2188 3470 non
2236 3399 2442 3470 habet
2489 3401 2702 3471 alium

1148 3502 1578 3573 stomachum
1613 3527 1631 3574 ε
1676 3514 1899 3576 totum
1944 3510 2130 3579 enim
2170 3530 2374 3578 suum
2418 3511 2703 3579 interius

1147 3618 1245 3677 est
1283 3610 1509 3679 simile
1537 3611 1847 3682 interiori
1892 3616 2106 3707 porci.
2150 3614 2288 3685 Sed
2316 3614 2531 3708 hepar
2557 3616 2704 3706 ejus

1146 3716 1215 3787 in
1278 3717 1662 3809 quadruplo
1703 3720 1929 3810 majus
1971 3730 2075 3790 est
2118 3722 2203 3791 ad
2249 3721 2464 3815 hepar
2507 3723 2703 3791 bovis

1144 3834 1614 3915 comparatum
1662 3848 1679 3894 ε
1741 3836 1811 3898 et
1859 3829 2173 3899 similiter
2229 3830 2496 3920 majora
2546 3841 2704 3900 sunt

1147 3929 1283 3998 alia
1346 3932 1671 4002 interiora
1716 3957 1843 4004 sua
1897 3935 2166 4005 residua
2219 3945 2467 4028 praeter
2517 3937 2704 4029 sple-

1148 4059 1331 4116 nem,
1366 4039 1482 4130 qui
1515 4040 1826 4109 modicus
1854 4049 1961 4112 est
1988 4051 2294 4135 respectu
2327 4047 2430 4111 sui
2465 4066 2703 4135 corpo-

1149 4146 1266 4226 ris,
1298 4170 1383 4217 eo
1411 4148 1600 4239 quod
1627 4158 1732 4218 est
1767 4174 2083 4221 essesum
2111 4151 2366 4222 animal
2399 4174 2418 4223 ε
2452 4162 2524 4223 et
2552 4176 2704 4222 me-

1149 4251 1487 4322 lancholia
1524 4277 1648 4324 sua
1677 4256 1819 4328 fere
1855 4261 2098 4329 transit
2133 4267 2293 4330 tota.
2316 4260 2386 4328 in
2416 4281 2697 4329 suarum

1145 4361 1443 4451 partium
1481 4364 1739 4435 ossium
1780 4367 2302 4437 nutrimentum.

1230 4569 1396 4644 llaec
1450 4583 1680 4644 autem
1737 4576 1879 4647 iere
1924 4578 2165 4649 eadem
2202 4588 2305 4648 est
2339 4578 2699 4672 dispositio

1145 4682 1400 4750 ventris
1430 4691 1496 4751 et
1533 4684 1833 4752 intestini
1864 4686 2264 4756 animalium
2300 4711 2317 4757 ε
2359 4710 2513 4782 qum
2539 4690 2702 4782 qui-

1147 4785 1303 4856 dem
1347 4798 1510 4859 sunt
1542 4790 2010 4883 quadrupedia
2046 4802 2115 4864 et
2166 4797 2469 4876 ovantia,
2525 4797 2699 4863 sicut

1147 4905 1250 4966 est
1274 4899 1536 4988 species
1563 4899 1891 4970 crocodili
1916 4923 2069 4995 que
2089 4912 2374 4974 vocatur
2394 4904 2695 4984 tem-laea,

1149 5012 1218 5074 et
1260 5003 1587 5077 crocodili
1614 5009 1874 5098 species
1903 5029 2055 5101 qum
2080 5010 2350 5079 lton-don
2387 5020 2693 5081 vocatur.

1149 5110 1489 5182 Crocodili
1526 5116 1710 5184 enim
1748 5118 2096 5209 quoddam
2149 5141 2367 5212 genus
2409 5120 2698 5189 Arabice

1146 5227 1433 5290 vocatur
1459 5222 1815 5294 [lter-asach
1857 5248 1875 5295 ε
1919 5236 1985 5297 et
2023 5250 2105 5297 ea
2129 5251 2284 5320 qum
2307 5228 2485 5297 dicta
2513 5235 2695 5307 sunt,

1144 5327 1404 5418 species
1431 5336 1594 5399 sunt
1628 5330 1867 5422 ipsius.
1915 5333 2080 5404 Tale
2130 5337 2336 5406 etiam
2387 5343 2491 5404 est
2544 5335 2701 5403 ani-

1145 5434 1285 5504 mal
1321 5433 1599 5520 lacerta,
1632 5449 1700 5509 et
1721 5439 1852 5510 sibi
1890 5443 2143 5512 similia
2179 5441 2695 5537 quadrupedia:

1145 5541 1500 5632 quodlibet
1546 5547 1734 5618 enim
1770 5550 2063 5620 istorum
2089 5551 2296 5620 unius
2322 5552 2513 5620 modi
2574 5550 2705 5620 ha-

1147 5648 1263 5719 bet
1312 5657 1652 5723 ventrem.
1713 5655 1800 5726 Et
1852 5658 2165 5750 quaedam
2199 5659 2483 5750 quidem
2526 5680 2703 5727 ven·-

1150 5762 1324 5828 trem
1353 5756 1612 5830 habent
1638 5763 1935 5835 similem
1998 5768 2219 5839 ventri
2271 5766 2488 5859 porci,
2520 5786 2707 5857 qum-

2898 3400 3230 3469 lnteriera
3255 3416 3422 3469 vero
3452 3407 3520 3468 et
3574 3399 3896 3468 intestina
3940 3397 4367 3491 serpentium

2804 3511 2877 3579 in
2919 3510 3154 3579 multis
3194 3509 3480 3603 quidem
3527 3517 3684 3578 sunt
3727 3507 3981 3576 similia
4027 3508 4370 3577 interiori-

2806 3617 2934 3686 bus
2961 3617 3483 3710 quadrupedum
3521 3618 3905 3696 ovantium,
3936 3622 4004 3683 et
4032 3616 4372 3708 principue

2805 3730 2876 3796 in
2897 3726 3336 3796 interioribus
3356 3727 3665 3796 lanei-tat
3688 3724 3808 3794 sed
3826 3732 4061 3794 tamen
4086 3743 4372 3816 sarpam

2806 3858 2945 3905 nen
3003 3835 3211 3906 habet
3245 3835 3615 3906 testiculos
3652 3834 3832 3906 intra
3856 3833 3970 3902 vel
3998 3839 4215 3911 extra,
4250 3833 4372 3903 sed

2805 3940 3310 4015 liabetcanales
3338 3945 3484 4013 sive
3513 3946 3663 4012 vias
3699 3961 3857 4033 quo
3910 3949 4073 4010 suut
4108 3938 4375 4009 similes

2801 4052 2934 4120 viis
2988 4051 3438 4121 seminalibus
3498 4050 3791 4142 piscium
3853 4068 3873 4115 ε
3931 4056 4000 4116 et
4051 4049 4370 4115 matrices

2803 4161 3225 4252 serpentium
3281 4157 3506 4250 longa
3558 4164 3749 4236 sunt,
3798 4157 3870 4227 in
3898 4155 4041 4224 duo
4105 4153 4370 4234 diviso,

2797 4268 2977 4335 sicut
3014 4266 3154 4335 fere
3189 4267 3420 4335 omnis
3446 4263 3769 4335 animalis
3819 4262 4077 4331 matrix
4124 4259 4376 4329 dividi-

2800 4380 2937 4442 tur.
2979 4372 3136 4441 Ana
3180 4388 3347 4441 vero
3385 4371 3712 4440 interiora
3739 4370 3888 4459 ejus
3915 4368 4058 4439 fere
4114 4366 4370 4436 similia

2800 4487 2962 4549 sunt
3006 4480 3079 4548 in
3144 4478 3588 4549 interioribus
3640 4475 3967 4545 lacertas:
4030 4473 4156 4542 sed
4209 4479 4371 4542 sunt

2800 4588 3116 4681 longiora
3176 4596 3251 4659 st
3293 4586 3656 4666 strictiora,
3723 4591 4007 4676 propter
4058 4577 4370 4674 corporis

2797 4697 2904 4763 sui
2954 4693 3436 4765 arctitudinmu
3463 4702 3535 4763 et
3569 4688 4099 4784 longitudinem.
4134 4687 4372 4758 Canna

2792 4809 3031 4871 autem
3070 4796 3423 4893 pulmonis
3481 4799 3905 4892 sementiam
3932 4832 3935 4835 ·
3960 4794 4372 4886 longissima

2800 4918 2928 4989 est,
2996 4902 3092 4979 et·
3138 4902 3457 4979 similiter
3509 4904 3848 4981 stomachi
3903 4923 4146 4975 eorum
4210 4908 4372 4969 sunt

2804 5018 2993 5111 lengi
3023 5015 3271 5087 vaide:
3322 5024 3390 5087 et
3418 5022 3805 5086 extremum
3859 5031 4099 5083 canno
4162 5026 4374 5101 supe-

2794 5128 2947 5196 rius
2976 5135 3078 5195 est
3102 5133 3258 5216 post
3294 5144 3376 5193 os
3401 5124 3474 5193 ia
3510 5118 3836 5194 inferiori
3867 5127 4064 5213 parte
4099 5125 4375 5209 apertu·

2805 5253 2896 5302 rm
2938 5222 3127 5300 erist
3183 5237 3253 5301 et
3303 5229 3559 5321 linguis
3604 5227 4029 5318 serpentium
4084 5222 4375 5294 subtiles

2802 5347 2964 5408 sunt
3007 5345 3077 5407 et
3130 5336 3361 5431 longis
3414 5345 3483 5413 et
3536 5336 3750 5426 nigre
3781 5341 3857 5403 ot
3884 5332 4067 5401 6⁸·ae
4101 5332 4175 5401 in
4200 5329 4369 5412 due,

2804 5451 2875 5514 et
2902 5449 3064 5511 sunt
3091 5449 3310 5515 acuto
3338 5444 3411 5510 in
3439 5438 3896 5516 extremitate.
3952 5444 4025 5507 et
4066 5435 4224 5506 ideo
4270 5436 4378 5504 ni-

2800 5549 2938 5619 mis
2962 5549 3469 5641 protenduntur
3495 5555 3652 5616 ante
3690 5568 3771 5614 os
3798 5546 3976 5636 ejus.
4004 5543 4096 5614 Et
4135 5543 4210 5611 in
4235 5540 4374 5610 hoc

2804 5657 3134 5727 convenit
3154 5694 3157 5699 -
3174 5655 3421 5747 lingua
3457 5650 3656 5724 enchi
3701 5653 3852 5722 sive
3899 5649 4106 5722 vituli
4150 5648 4376 5717 mariv·

2796 5766 2877 5833 ni
2913 5764 3124 5856 :quia
3178 5759 3668 5833 illa-asimiliter
3714 5767 3830 5831 est
3878 5759 4065 5847 tissa.
4115 5751 4377 5850 Venus
