4919 6371
1942 338 2114 407 LIB.
2163 332 2264 403 IX
2310 333 2431 400 DE
2476 326 3066 409 ANIMALIBUS,
3116 328 3427 397 TRACT.
3481 328 3543 395 ΙΙ

4221 321 4355 389 519

1839 1319 3304 1453 TRACTATUS
3486 1319 3615 1439 ΙΙ

1126 1930 1318 2043 Qui
1370 1941 1619 2023 totus
1666 1938 1798 2019 est
1848 1925 1967 2018 de
2014 1920 2673 2045 disputatione
2722 1918 3071 2013 Galerii
3119 1931 3204 2012 et
3268 1915 3815 2009 Aristotelis
3881 1914 3997 2008 de
4058 1913 4347 2038 prin-

1993 2092 2281 2217 cipiis
2324 2085 2976 2216 qenerationis
3025 2083 3474 2178 hominis,

1684 3732 1982 3802 CAPUT
2032 3729 2085 3798 Ι.

1094 4486 1190 4553 E!
1217 4491 1315 4550 es!
1352 4502 1688 4549 otonessro
1747 4478 1832 4546 de
1886 4474 2107 4544 verbis
2161 4485 2227 4543 et
2284 4470 2667 4542 rationibus

1185 4589 1437 4658 Gale-ni
1490 4588 1673 4656 circa
1731 4593 2131 4675 conceptum
2188 4591 2254 4650 et
2311 4580 2664 4674 principia

1178 4697 1642 4790 qeneraliom's
1669 4693 1996 4762 hominis.

1176 5558 1614 5652 Accipiamus
1661 5555 1872 5646 igitur
1916 5573 2368 5645 quaecumque
2398 5551 2480 5619 de
2529 5550 2656 5618 ista

1088 5669 1377 5739 materia
1425 5666 1681 5736 dixisse
1738 5663 2061 5732 videntur
2105 5660 2555 5754 Hippocrates
2589 5667 2659 5728 et

2791 2850 3111 2931 Galenus,
3144 2858 3212 2920 et
3239 2849 3667 2917 conferamus
3698 2871 3854 2916 cum
3893 2848 4001 2919 his
4036 2875 4188 2943 quae
4234 2853 4346 2921 di-

2783 2957 2884 3027 xit
2916 2957 3343 3040 AristoteleS,
3385 2964 3452 3024 et
3480 2955 3838 3024 videamus
3888 2958 4051 3047 quid
4081 2961 4168 3028 sit
4214 2983 4343 3029 ve·-

2787 3087 2924 3133 rius
2954 3088 3038 3133 ex
3076 3088 3197 3132 eis.

2874 3190 3061 3257 Dixit
3089 3198 3320 3257 autem
3351 3188 3679 3268 Galenus,
3716 3188 3903 3279 quod
3930 3190 4345 3282 quicumque

2785 3296 2956 3365 dixit
3006 3297 3191 3389 quod
3228 3321 3498 3389 sperma
3536 3319 3676 3365 non
3716 3304 4022 3366 moratur
4069 3299 4138 3366 in
4189 3322 4346 3368 ma-

2785 3409 2973 3486 trice,
3007 3406 3124 3475 sed
3154 3408 3294 3474 exit
3321 3429 3407 3475 ex
3434 3406 3606 3498 ipsa,
3643 3429 3781 3474 non
3810 3404 3981 3473 bene
4010 3405 4184 3477 dixit
4214 3431 4338 3479 :eo

2785 3514 2970 3606 quod
3005 3515 3347 3606 appetitus
3392 3514 3693 3583 matricis
3731 3536 3872 3583 non
3903 3521 4005 3584 est
4032 3516 4117 3584 ad
4145 3535 4344 3608 sper-

2785 3644 2897 3689 ma
2934 3620 3377 3712 rejiciendum
3422 3619 3797 3689 secundum
3837 3630 4178 3702 naturam,
4209 3625 4332 3693 sed

2780 3731 3007 3821 potius
3035 3729 3120 3797 ad
3150 3729 3577 3799 retinendum
3608 3729 3833 3821 ipsum
3858 3751 3876 3798 :
3903 3738 3968 3799 et
3987 3729 4146 3800 huic
4174 3755 4337 3801 con-

2778 3838 2981 3906 sentit
3018 3836 3490 3928 Hippocrates,
3532 3837 3647 3929 qui
3682 3836 3906 3905 retulit
3937 3838 4018 3907 de
4046 3838 4334 3909 muliere

2779 3966 2928 4034 quae
2958 3965 3043 4011 ex
3071 3943 3254 4012 coitu
3297 3944 3733 4034 impraegnari
3774 3943 4075 4024 nolebat,
4117 3953 4186 4014 et
4222 3948 4334 4015 vi-

2777 4051 2942 4121 dens
2980 4052 3332 4119 matricem
3398 4050 3731 4142 recepisse
3788 4073 4084 4141 sperma,
4146 4051 4332 4121 dedit

2774 4159 2984 4228 saltus
3015 4181 3304 4249 magnos
3331 4166 3405 4225 ut
3435 4156 3766 4238 efflueret,
3808 4158 3990 4249 quod
4027 4167 4092 4229 et
4131 4160 4334 4229 secis-

2774 4277 2900 4347 set,
2942 4267 3070 4335 nisi
3104 4268 3352 4335 matrix
3391 4267 3759 4335 fortissima
3791 4265 4022 4335 suisset
4056 4270 4124 4336 in
4164 4272 4332 4337 reti-

2774 4374 2997 4443 nendo
3039 4377 3262 4465 ipsum
3308 4398 3325 4442 :
3359 4396 3442 4441 ex
3482 4397 3620 4465 quo
3651 4381 3833 4464 patet
3864 4375 4046 4465 quod
4080 4377 4329 4444 matrix

2772 4482 3106 4550 desiderat
3134 4481 3424 4549 retinere
3453 4502 3748 4570 sperma.
3794 4477 4048 4549 Eadem
4096 4490 4327 4551 autem

2772 4589 3017 4657 mulier
3045 4597 3279 4679 postea
3301 4587 3619 4655 emittens
3648 4594 3944 4677 partum,
3970 4588 4148 4656 circa
4172 4610 4329 4680 par-

2770 4705 2913 4765 tum
2954 4696 3204 4786 ipsum,
3238 4702 3313 4761 ut
3351 4692 3513 4762 dicit
3550 4692 3873 4770 Galenus,
3907 4694 4135 4763 emisit
4161 4716 4328 4785 qua-

2770 4805 2824 4870 si
2864 4801 3071 4871 telam
3126 4810 3405 4893 propter
3458 4801 3909 4891 digestionem
3966 4802 4325 4892 spermatis

2768 4909 3010 4978 factam
3041 4910 3111 4977 in
3143 4910 3447 4977 matrice.
3484 4908 3583 4977 De
3616 4908 3878 4976 ratione
3909 4908 4092 4976 enirn
4122 4907 4322 4977 calidi

2763 5017 3128 5110 digerentis
3157 5026 3221 5084 et
3251 5016 3696 5108 decoquentis
3726 5022 3853 5099 est,
3878 5015 4065 5107 quod
4095 5015 4163 5082 in
4193 5013 4322 5085 liu·

2763 5123 2948 5193 mido
2971 5124 3239 5193 viscoso
3270 5123 3456 5216 quod
3485 5122 3828 5214 decoquit,
3865 5122 4066 5190 saciat
4091 5122 4320 5214 primo

2760 5232 2992 5301 venire
3028 5233 3351 5301 corticem
3392 5238 3780 5300 terrestrem
3828 5230 4104 5309 durum,
4139 5231 4316 5301 sicut

2761 5339 3096 5431 contingit
3137 5341 3206 5408 in
3260 5361 3435 5430 pane
3474 5337 3752 5429 quando
3799 5337 4205 5430 decoquitur
4250 5342 4322 5408 in

2761 5446 3028 5516 clibano
3068 5449 3139 5514 in
3188 5446 3601 5539 pinguedine
3648 5445 3900 5537 aliqua,
3943 5455 4060 5516 aut
4099 5469 4325 5537 quan-

2763 5553 2850 5623 do
2916 5556 2986 5623 in
3046 5553 3453 5646 pinguedide
3506 5555 3781 5644 frigitur
3844 5554 3914 5621 in
3977 5553 4230 5645 patella
4297 5574 4315 5622 ε

2764 5661 2947 5753 quod
2983 5661 3168 5730 enim
3212 5662 3284 5728 in
3336 5661 3456 5730 tali
3511 5660 3908 5731 decoctione
3956 5669 4058 5730 est
4101 5680 4317 5750 prope
