4919 6371
1954 394 2120 463 LIB.
2174 395 2304 463 VII
2351 394 2473 461 DE
2518 393 3112 479 ANIMALIBUS,
3163 399 3473 469 TRACT.
3527 401 3554 468 Ι

1140 592 1343 659 super
1379 567 1679 658 lapidem
1724 563 1975 654 digitos
2025 562 2318 652 dirigant
2361 585 2376 629 ε
2420 570 2700 654 propter

1139 678 1322 769 quod
1352 678 1559 744 etiam
1602 673 2032 739 inobservate
2074 671 2414 762 accipiunt
2453 697 2701 764 quem-

1137 809 1431 877 cumque
1461 781 1788 872 lapidem,
1826 787 1892 848 et
1922 803 2064 849 non
2105 780 2397 872 lapidem
2429 785 2697 873 generis

1140 897 1392 961 unius:
1430 892 1605 957 sicut
1652 889 1858 957 etiam
1909 889 2344 959 inobservate
2391 891 2698 980 interpo-

1140 1007 1313 1067 nunt
1350 997 1648 1088 lapidem
1700 999 1848 1064 ovis
1899 998 2171 1088 quando
2230 998 2483 1068 cubant
2538 1018 2691 1073 ova,

1140 1110 1314 1176 sicut
1343 1106 1642 1174 diximus
1682 1106 2019 1198 superius.

1232 1211 1565 1282 Similiter
1593 1223 1824 1282 autem
1856 1214 2112 1304 pheyta
2133 1222 2194 1280 et
2227 1211 2598 1279 kaluadom
2631 1218 2696 1279 et

1100 1330 1434 1390 turtures
1493 1345 1635 1390 non
1684 1321 1995 1389 hiemant
2042 1322 2112 1387 in
2152 1319 2294 1387 suis
2341 1317 2533 1398 lociS,
2580 1319 2698 1386 sed

1133 1430 1473 1499 columba}
1507 1436 1787 1497 manent
1819 1430 1891 1497 in
1914 1427 2083 1495 locis
2106 1429 2273 1507 suiS,
2298 1435 2364 1495 et
2386 1427 2698 1494 similiter

1138 1547 1465 1628 antogom
1506 1535 1877 1626 aliquando
1910 1543 2165 1614 manet,
2193 1543 2259 1604 et
2279 1536 2530 1626 saepius
2552 1558 2697 1602 mo-

1134 1652 1334 1714 vetur
1399 1644 1483 1712 de
1521 1643 1674 1712 loco
1719 1643 1803 1712 ad
1842 1643 2096 1712 locum.
2138 1644 2459 1713 Turtures
2490 1645 2691 1711 etiam

1139 1773 1319 1841 stepo
1350 1756 1653 1830 manent,
1697 1751 2042 1841 praecipue
2084 1749 2358 1841 quando
2390 1757 2695 1817 montem

1137 1857 1499 1925 habuerint
1529 1866 1764 1926 contra
1804 1858 2109 1934 boream,
2146 1866 2213 1925 et
2251 1855 2333 1924 ab
2375 1856 2506 1923 alia
2537 1879 2699 1948 par-

1137 1973 1204 2034 te
1251 1965 1479 2034 locum
1530 1962 1824 2034 liberum
1874 1971 1943 2033 et
1979 1963 2313 2057 patulum,
2347 1965 2417 2032 in
2458 1988 2594 2056 quo
2625 1988 2695 2034 se

1142 2073 1270 2141 soli
1302 2071 1694 2151 exhibeant,
1730 2082 1799 2140 et
1847 2074 1996 2163 ipsa
2032 2080 2211 2140 terra
2256 2069 2696 2140 habitationis

1136 2182 1220 2248 sit
1269 2189 1668 2271 temperata.
1707 2179 1973 2271 l‘heyta
2012 2188 2240 2248 autem
2290 2188 2357 2248 et
2399 2188 2695 2248 turtures

1139 2295 1492 2356 moventes
1532 2310 1603 2354 se
1663 2286 1746 2355 de
1796 2286 1951 2355 loco
2011 2286 2095 2355 ad
2145 2286 2399 2366 locum,
2462 2287 2697 2355 volant

1135 2397 1336 2463 simul
1385 2397 1558 2462 sicut
1616 2418 1884 2486 greges,
1948 2404 2016 2464 et
2081 2395 2359 2463 invento
2419 2395 2693 2487 quidem

1137 2526 1308 2593 puro
1362 2502 1610 2591 frigido
1651 2501 2035 2593 aquilonari
2077 2503 2259 2594 cogit
2295 2510 2482 2570 totus
2532 2525 2692 2593 grex

1138 2634 1338 2677 suum
1362 2610 1682 2699 eqoleyat,
1728 2608 1859 2679 hoc
1890 2618 2016 2693 est,
2060 2611 2403 2702 stringunt
2446 2609 2698 2678 cohor-

1139 2727 1275 2786 tem
1311 2719 1400 2784 ita
1430 2717 1815 2805 conjunctae
1845 2716 2179 2796 volantes,
2215 2727 2286 2784 ut
2317 2741 2454 2813 una
2502 2717 2694 2808 quasi

1140 2824 1263 2892 alis
1320 2824 1522 2891 aliam
1583 2826 1944 2915 percutiat,
2005 2832 2071 2892 et
2143 2824 2459 2892 videatur
2530 2848 2695 2916 grex

1141 2932 1409 2999 eminus
1458 2931 1653 3021 quasi
1706 2933 1903 3023 niger
1952 2955 2219 3022 pannus
2266 2939 2588 3000 extensus
2628 2933 2696 2999 in

1140 3062 1390 3108 aerem.
1430 3039 1602 3109 Cum
1635 3047 1845 3108 vento
1877 3049 2104 3110 autem
2140 3041 2564 3111 meridionali
2606 3043 2701 3109 l'a-

1139 3148 1440 3240 tigantur
1487 3157 1767 3240 propter
1834 3149 2295 3240 impuritatem
2365 3150 2574 3240 ipsius
2631 3159 2698 3219 et

1142 3257 1439 3325 calorem
1474 3256 1930 3325 resolventem
1969 3258 2249 3349 spiritus
2286 3280 2442 3327 cum
2474 3258 2696 3327 calore

1142 3375 1368 3436 motus
1417 3389 1654 3434 earum
1708 3389 1723 3434 ε
1769 3390 1909 3435 non
1959 3368 2141 3434 enim
2205 3369 2274 3436 in
2325 3366 2441 3435 illo
2492 3377 2695 3436 vento

1143 3497 1302 3541 aves
1355 3474 1746 3543 recedentes
1800 3473 2277 3543 universaliter
2321 3472 2496 3544 bene
2533 3498 2699 3568 pos-

1140 3589 1300 3649 sunt
1336 3581 1570 3648 volare
1610 3602 1626 3646 ε
1672 3580 1833 3673 quia
1862 3579 2185 3650 humidus
2224 3591 2350 3662 est,
2402 3592 2471 3651 et
2515 3606 2698 3674 pon-

1143 3687 1384 3756 derosa
1412 3697 1478 3757 et
1517 3686 1769 3757 debilia
1799 3697 1868 3757 et
1895 3688 2166 3758 infirma
2196 3689 2413 3760 reddit
2449 3713 2699 3783 corpo-

1153 3815 1273 3862 ra:
1326 3802 1391 3863 et
1428 3792 1575 3864 haec
1623 3816 1764 3863 una
1812 3802 1914 3863 est
1945 3795 2257 3887 quaedam
2304 3820 2509 3866 causa
2539 3821 2695 3866 cum

1137 3900 1622 3993 suprahabitis,
1686 3902 1872 3994 quod
1933 3904 2002 3971 in
2059 3904 2353 3980 volando
2402 3905 2694 3975 multum

1133 4012 1533 4090 vociferant,
1590 4012 1933 4103 pra-cipue
1981 4035 2187 4103 grues
2233 4021 2299 4081 et
2346 4036 2618 4083 anseres
2672 4038 2699 4083 :-

1136 4122 1293 4214 quia
1335 4121 1527 4212 quasi
1578 4129 1869 4212 gemunt
1925 4129 1991 4190 et
2049 4132 2562 4214 conqueruntur
2612 4123 2693 4192 de

1137 4251 1506 4322 corporum
1551 4252 1838 4299 suorum
1877 4229 2299 4322 fatigatione.

1227 4335 1535 4405 Mirabile
1594 4345 1824 4407 autem
1896 4336 2080 4407 dictu
2146 4338 2439 4420 videtur,
2511 4341 2693 4432 quod

1139 4468 1296 4514 cum
1336 4469 1540 4537 grues
1595 4444 1878 4513 redeunt
1929 4445 2016 4515 ad
2064 4446 2375 4536 regiones
2423 4449 2697 4538 aquilo-

1143 4576 1346 4621 nares
1392 4560 1689 4630 nostraS,
1734 4553 2089 4621 venientes
2135 4575 2173 4619 a
2217 4555 2493 4645 regione
2521 4579 2698 4647 pyg-

1141 4683 1475 4737 meorum,
1558 4658 1826 4727 nullum
1905 4661 2180 4752 penitus
2258 4662 2700 4731 inveniuntur

1137 4765 1389 4835 babere
1441 4774 1772 4836 rectorem
1830 4790 1846 4837 :
1899 4776 1964 4836 et
2012 4767 2286 4859 quando
2334 4780 2699 4839 moventur

1141 4897 1179 4940 a
1211 4873 1461 4941 nostris
1502 4873 1901 4964 regionibus
1930 4873 2015 4941 ad
2044 4874 2218 4956 illas,
2257 4884 2555 4946 rectores
2582 4876 2700 4946 lia-

1141 4979 1303 5049 bent
1333 5005 1507 5073 quos
1531 4989 1795 5073 ponunt
1831 4982 1986 5050 sibi.
2031 4983 2251 5053 Causa
2288 4995 2519 5055 autem
2565 4984 2700 5055 hu-

1134 5090 1249 5181 jus
1299 5099 1425 5169 est,
1488 5090 1672 5181 quod
1731 5091 1979 5160 timent
2018 5115 2322 5184 pugnam
2362 5095 2594 5164 avium
2634 5103 2699 5163 et

1147 5218 1602 5287 pygmeorum
1649 5218 1664 5263 :
1730 5195 2091 5266 redeuntes
2130 5208 2357 5268 autem
2409 5224 2548 5269 non
2612 5201 2705 5270 ti-

1148 5312 1359 5371 ment.
1421 5302 1499 5370 ln
1538 5303 1918 5372 recedendo
1963 5313 2193 5374 autem
2241 5306 2558 5378 dicuntur
2604 5310 2701 5377 eis

1149 5408 1468 5477 associari
1520 5409 1736 5479 multa
1782 5430 2035 5502 genera
2072 5412 2330 5495 avium,
2381 5438 2533 5507 qum
2582 5439 2705 5484 nec

1147 5509 1505 5581 defendere
1537 5515 1760 5606 seipsa
1790 5537 1915 5583 nec
1946 5516 2287 5586 custodire
2320 5520 2545 5589 sciunt
2588 5543 2605 5589 ε
2641 5528 2708 5590 et

1151 5641 1308 5689 cum
1339 5643 1543 5709 grues
1571 5629 2166 5709 castrametantur,
2199 5647 2339 5693 non
2368 5626 2572 5720 longe
2594 5651 2711 5697 cu·

1146 5725 1314 5821 bant
1350 5749 1391 5794 a
1418 5726 1658 5797 castris
1677 5751 1941 5806 earum,
2002 5730 2179 5800 sicut
2197 5729 2707 5828 bakalokyrim,

1400 5880 1460 5923 ΧΙ

4233 408 4361 478 385

2809 589 2960 656 quae
3026 575 3130 636 est
3199 569 3536 646 coturnix,
3607 578 3684 636 ut
3758 571 4036 662 quidam
4105 572 4359 654 dicunt,

2809 696 3018 763 quam
3059 673 3268 763 aliqui
3296 675 3634 763 quaqiaaen
3674 688 3946 757 vocant,
3991 687 4057 747 et
4095 681 4364 772 ortigo-

2805 780 3004 846 metri
3054 788 3120 846 et
3166 780 3337 854 orix,
3392 803 3543 868 quae
3574 790 3733 849 sunt
3759 806 4012 872 genera
4042 788 4351 877 quaedam

2805 884 3179 974 pullorum,
3231 894 3297 954 et
3344 887 3488 954 avis
3540 911 3693 978 quae
3743 898 4028 958 vocatur
4070 894 4367 983 sababo-

2804 994 3007 1075 riom,
3042 1001 3108 1061 et
3138 995 3267 1063 ista
3296 1003 3398 1064 est
3428 1019 3579 1087 quae
3618 997 3700 1065 de
3730 1007 3929 1068 noc-te
3967 1024 4205 1070 versus
4252 1003 4360 1070 di-

2803 1098 3110 1169 luculum
3143 1101 3412 1182 clamat,
3450 1113 3514 1172 et
3553 1113 3753 1173 voc-at
3782 1130 3943 1174 aves
3977 1129 3993 1173 ε
4040 1109 4231 1198 cujus
4262 1112 4360 1178 si-

2801 1231 3018 1298 gnum
3058 1218 3183 1290 est,
3238 1212 3422 1302 quod
3470 1235 3767 1304 aucupes
3810 1216 4010 1283 istam
4045 1240 4241 1285 avem
4274 1219 4355 1288 de

2803 1322 3001 1382 nocte
3077 1313 3370 1382 clamare
3438 1315 3814 1396 audienteS,
3912 1324 4359 1410 pronuntiant

2800 1444 2961 1489 aves
2993 1444 3034 1488 a
3059 1430 3240 1490 terra
3280 1422 3610 1492 recedere.
3652 1425 3772 1494 Est
3811 1434 4043 1498 autem
4096 1432 4361 1522 ortigo-

2799 1531 3001 1597 metri
3031 1530 3165 1597 alio
3195 1532 3473 1599 nomine
3504 1533 3807 1625 ortlziqia
3839 1544 4105 1617 vocata,
4142 1561 4359 1629 genus

2799 1635 2968 1728 pulli
3021 1637 3428 1722 maximum,
3474 1638 3733 1709 habens
3786 1644 4045 1711 anseris
4076 1648 4359 1737 quanti-

2801 1750 3040 1822 tatem,
3094 1752 3160 1812 et
3205 1742 3411 1814 habet
3458 1770 3716 1837 pennas
3755 1750 3827 1816 in
3873 1758 4149 1841 pectore
4177 1752 4353 1844 hya-

2800 1851 3164 1931 cinthinaS,
3207 1852 3326 1921 sed
3368 1854 3435 1920 in
3467 1854 3669 1924 dorso
3702 1864 3803 1924 est
3857 1859 4108 1928 cinerei
4162 1858 4357 1928 colo-

2803 1959 2921 2044 riS,
2955 1968 3022 2027 et
3059 1968 3344 2027 vocatur
3374 1962 3627 2029 ortleim
3659 1963 3743 2031 ab
3795 1964 4037 2034 incolis
4072 1966 4356 2057 Alpium

2804 2067 2872 2133 in
2904 2066 3154 2157 quibus
3194 2069 3493 2137 maxime
3524 2070 3895 2148 abundant,
3933 2079 4001 2140 et
4046 2072 4357 2141 habitant

2801 2195 3007 2263 super
3036 2174 3182 2263 ipsa
3214 2174 3375 2266 juga
3413 2177 3751 2244 montium
3790 2200 3804 2245 ε
3857 2186 4136 2271 propter
4173 2178 4357 2271 quod

2801 2304 2886 2349 ex
2925 2281 3141 2373 glacie
3170 2292 3498 2374 perpetua
3528 2308 3679 2375 qua¹
3714 2286 3805 2353 ibi
3837 2294 3961 2368 est,
3987 2287 4356 2380 aliquando

2800 2389 3093 2479 dejicere
3145 2392 3308 2460 visoe
3375 2402 3535 2461 sunt
3589 2394 3971 2485 crysta1105,
4022 2403 4088 2463 et
4125 2419 4355 2487 parvm

2800 2498 3101 2592 crystalli
3145 2508 3212 2568 et
3249 2500 3468 2569 berilli
3520 2501 3970 2572 inveniuntur
4026 2505 4096 2571 in
4164 2504 4360 2594 papis

2801 2630 3062 2676 earum.

2890 2714 3059 2784 Orix
3106 2723 3333 2784 autem
3382 2718 3585 2784 etiam
3640 2726 3740 2785 est
3767 2741 3988 2807 genus
4023 2718 4191 2811 pulli
4232 2718 4358 2787 sil-

2800 2824 3126 2903 vaticum,
3169 2822 3501 2893 excedens
3548 2824 3836 2915 perdicis
3876 2827 4350 2917 quantitatem,

2799 2929 3060 2997 habens
3083 2929 3379 2997 nobilem
3402 2941 3465 2999 et
3489 2930 3793 3000 esibilem
3825 2932 4025 3000 valde
4055 2955 4355 3016 carnem,

2799 3045 2867 3106 et
2907 3038 3042 3106 sere
3106 3038 3405 3107 colorem
3466 3038 3775 3129 perdicis,
3838 3049 3903 3108 et
3969 3046 4257 3109 vocatur
4319 3065 4358 3110 a

2801 3146 3160 3216 Germanis
3213 3147 3575 3227 hevellum,
3637 3149 3831 3238 eujus
3890 3149 4356 3241 interpretatio

2799 3264 2903 3324 est
2917 3255 3174 3349 pullus
3209 3257 3434 3337 curili,
3477 3281 3559 3325 eo
3598 3257 3781 3349 quod
3820 3259 3892 3326 in
3934 3256 4178 3327 arbore
4236 3281 4362 3328 co-

2800 3363 2907 3432 rili
2936 3364 3178 3433 sedens
3215 3362 3635 3455 frequentius
3665 3364 4036 3447 invenitur,
4070 3374 4137 3436 et
4181 3365 4362 3435 ciba·

2798 3481 2911 3540 tur
2947 3472 3173 3564 longis
3211 3473 3442 3563 granis
3478 3472 3695 3554 corili,
3732 3496 3884 3564 quae
3924 3481 4080 3541 ante
4110 3473 4364 3542 avella-

2801 3602 2924 3648 nas
2971 3579 3437 3671 egrediuntur,
3500 3602 3653 3672 qua·
3702 3580 3841 3649 fere
3890 3580 4183 3672 liguram
4228 3579 4362 3650 ha-

2800 3689 2961 3758 bent
2982 3687 3171 3781 longi
3203 3690 3481 3783 piperis.
3508 3687 3970 3758 Fababoriom
3995 3699 4226 3759 autem
4257 3700 4360 3763 est

2797 3793 3029 3886 pullus
3085 3817 3291 3887 quem
3348 3818 3675 3864 vocamus
3723 3795 4014 3888 pullum
4076 3794 4357 3887 sybicae’S,

2799 3926 2952 3996 quae
3009 3913 3110 3972 est
3150 3905 3355 3974 arbor
3408 3928 3614 3998 quam
3673 3905 3956 3996 quidam
4013 3908 4355 3977 nutricum

2797 4020 3073 4090 vocant,
3107 4037 3190 4080 eo
3216 4012 3399 4105 quod
3428 4014 3498 4081 in
3530 4013 3656 4083 hac
3700 4014 4002 4082 insidens
4040 4012 4357 4105 frequen-

2799 4120 2935 4188 tius
2974 4120 3343 4203 invenitur,
3403 4130 3469 4191 et
3525 4129 3750 4190 cantat
3786 4119 4011 4212 gallus
4066 4120 4214 4211 ejus
4270 4120 4353 4190 de

2797 4235 2997 4296 nocte
3036 4228 3210 4297 sicut
3238 4226 3460 4321 gallus
3488 4227 3926 4310 domesticuS,
3961 4235 4029 4299 et
4059 4230 4356 4298 maxime

2797 4336 3073 4429 quando
3112 4334 3258 4404 vult
3289 4335 3622 4406 recedere.
3659 4335 3990 4406 Pasianus
4036 4335 4224 4407 solus
4264 4337 4363 4405 in-

2795 4447 3073 4512 venitur
3111 4445 3179 4511 in
3216 4444 3437 4534 prima
3477 4452 3666 4534 parte
3726 4442 3974 4511 hiemis
4013 4442 4166 4511 loca
4206 4466 4358 4511 mu·

2800 4560 2943 4622 tare
2973 4561 3036 4618 et
3079 4547 3161 4619 de
3200 4549 3374 4620 silva
3410 4550 3493 4618 acl
3535 4548 3777 4618 silvam
3814 4573 3831 4618 :
3867 4549 3988 4617 sed
4018 4572 4158 4618 non
4204 4570 4366 4619 mtr-

2801 4665 2898 4727 tat
2930 4660 3280 4749 regionem
3312 4656 3491 4748 apud
3524 4680 3674 4736 nos,
3708 4657 3827 4726 sed
3866 4655 4205 4727 instabilis
4234 4664 4361 4737 est,

2800 4775 2876 4837 ut
2922 4766 3248 4848 diximus,
3289 4791 3411 4859 per
3457 4766 3663 4836 silvas
3719 4766 4051 4836 distantes
4100 4766 4369 4835 discur-

2802 4897 2959 4943 rens
2992 4896 3008 4942 :
3045 4881 3112 4943 et
3142 4874 3212 4942 in
3251 4873 3369 4944 illo
3399 4874 3708 4944 discursu
3739 4872 4115 4964 aliquando
4168 4872 4369 4963 quie-

2802 4986 2929 5054 scit
2969 4985 3039 5052 in
3069 4983 3287 5055 hortis
3327 4982 3686 5054 bominum
3727 4984 3801 5051 in
3830 4981 4014 5051 villis
4042 4990 4110 5051 et
4138 4980 4373 5085 civita-

2803 5091 3011 5174 tibus,
3037 5095 3130 5163 ita
3157 5093 3342 5186 quod
3364 5094 3508 5186 jam
3530 5092 3784 5185 pluries
3805 5092 3875 5159 in
3906 5088 4109 5159 horto
4136 5097 4369 5158 nostro

2807 5200 2877 5266 in
2917 5197 3203 5268 Colonia
3243 5200 3420 5268 inter
3457 5196 3743 5266 salviam
3792 5203 3857 5265 et
3906 5202 4130 5264 rutam
4179 5195 4377 5287 quie-

2807 5329 3004 5376 scens
3034 5315 3136 5375 est
3170 5306 3487 5376 inventus
3518 5304 3738 5373 lassus
3767 5327 3854 5373 ex
3890 5301 4153 5372 volatu.
