4919 6371
600 285 727 350 652

1146 1320 1441 1393 CAPUT
1488 1322 1609 1391 Vl.

646 2080 749 2146 De
774 2089 1029 2147 namra
1065 2089 1130 2146 et
1167 2102 1379 2148 causa
1416 2091 1484 2148 et
1516 2080 1720 2148 modo
1769 2080 2103 2150 dentium.

679 2932 1118 3026 Consequens
1146 2940 1377 3001 autem
1417 2938 1523 3001 est
1554 2930 1781 3001 dicere
1811 2931 1895 3001 de
1940 2939 2148 3000 natu-

592 3041 682 3111 ris
729 3039 1063 3126 dentium,
1112 3048 1179 3109 et
1229 3039 1525 3110 aliorum
1556 3062 1710 3131 quae
1737 3038 1809 3107 in
1839 3061 1957 3107 ore
1983 3062 2146 3108 con-

589 3152 908 3221 tinentur.
960 3148 1054 3220 Os
1102 3149 1287 3220 enim
1335 3152 1645 3220 continet
1683 3147 1921 3219 dentes
1968 3149 2146 3217 sicut

586 3257 872 3327 circulus
922 3258 1194 3349 ligneus
1240 3258 1360 3349 qui
1407 3265 1513 3326 est
1568 3257 1748 3327 circa
1806 3255 2141 3325 molarem

585 3364 961 3434 molendini
1025 3366 1329 3438 continet
1375 3363 1637 3456 lapides
1691 3362 1986 3433 molares
2021 3385 2038 3432 ε
2073 3371 2142 3431 et

587 3472 817 3565 lingua
837 3481 938 3541 est
964 3471 1143 3541 sicut
1168 3493 1418 3540 manus
1447 3469 1953 3552 molendinarii,
1986 3492 2141 3563 quae

583 3580 889 3672 congerit
939 3602 1158 3673 grana
1244 3578 1375 3648 sub
1452 3577 1678 3671 lapide
1765 3602 1783 3649 ε
1859 3584 2141 3672 propter

583 3684 768 3779 quod
794 3688 998 3757 etiam
1036 3684 1359 3757 animalia
1391 3683 1859 3780 quadrupedia
1898 3683 2136 3756 dentes

582 3797 653 3864 in
713 3796 1045 3887 superiori
1112 3794 1514 3865 mandibula
1577 3818 1717 3865 non
1783 3793 2131 3882 habentia,

582 3905 814 3997 lingua
851 3904 934 3974 de
981 3912 1159 3973 terra
1197 3903 1428 3973 cibum
1469 3902 1811 3995 accipiunt
1852 3910 1920 3972 et
1963 3902 2133 3971 adu·

583 4021 774 4097 nant,
831 4020 908 4083 ut
952 4011 1123 4083 {alce
1178 4011 1488 4083 dentium
1563 4012 1963 4081 inferiorum
2017 4011 2137 4082 ab·

583 4119 894 4190 scindant
924 4142 942 4189 :
986 4143 1153 4188 usus
1181 4120 1365 4189 enim
1387 4118 1697 4189 dentium
1727 4117 2138 4188 universali-

577 4235 684 4295 ter
718 4228 787 4295 in
823 4224 1235 4295 animalibus
1274 4233 1382 4295 est
1425 4224 1516 4295 ad
1572 4222 1904 4293 utendum
1947 4224 2125 4294 cibo.

582 4335 658 4402 ln
713 4332 1119 4427 quibusdam
1184 4341 1418 4403 autem
1481 4340 1732 4425 praeter
1771 4328 1917 4401 haec
1971 4341 2135 4403 sunt

578 4442 814 4510 dentes
840 4439 926 4510 ad
963 4441 1276 4532 vigorem
1306 4462 1661 4509 armorum
1709 4447 1950 4509 contra
1994 4463 2132 4509 no-

577 4558 917 4620 cumenta.

665 4654 920 4724 Natura
977 4678 1139 4747 ergo
1196 4654 1507 4724 dentium
1564 4663 1668 4725 est
1723 4655 1791 4724 in
1850 4655 2132 4749 quibus·

576 4750 759 4841 dam,
809 4771 885 4831 ut
919 4771 1152 4854 agant,
1204 4770 1273 4832 et
1319 4784 1461 4831 non
1508 4764 1855 4855 patiantur
1887 4784 1926 4831 a
1955 4786 2130 4833 con-

575 4870 819 4949 trariis,
896 4870 1074 4939 sicut
1138 4871 1207 4938 in
1268 4868 1684 4940 animalibus
1745 4869 2129 4963 agrestibus

573 5002 808 5048 carnes
834 4978 1380 5060 comedentibus,
1412 4987 1482 5049 et
1510 4979 1579 5048 in
1601 4977 2010 5071 quibusdam
2041 4979 2129 5049 ad

573 5085 987 5176 adjutorium
1015 5086 1422 5156 comedendi
1452 5086 1537 5156 ad
1582 5084 1915 5155 utendum
1971 5086 2126 5157 cibo

571 5199 637 5260 et
668 5191 1024 5262 incidendo
1053 5201 1120 5262 et
1160 5191 1511 5263 molendo.
1549 5190 1727 5263 Sunt
1754 5191 1939 5261 enim
1969 5194 2129 5286 qui-

569 5301 754 5379 dam,
831 5320 1071 5369 eorum
1135 5302 1364 5371 vocati
1420 5301 1720 5370 molares
1785 5298 1906 5369 lati
1983 5304 2125 5393 apti

1595 280 1678 349 D.
1730 280 1930 348 ALB.
1984 279 2201 348 MAG.
2257 280 2465 351 ORD.
2520 284 2814 353 PRAED.

2253 453 2479 521 media
2527 463 2629 522 est
2683 456 2856 522 inter
2899 456 3133 524 dentes
3197 464 3262 522 et
3329 455 3648 539 molareS‚
3722 478 3803 524 eo

2254 558 2440 648 quod
2494 564 3001 629 communicant
3049 585 3203 629 cum
3256 566 3588 654 utrisque,
3646 571 3806 630 sunt

2254 666 2436 732 enim
2479 667 2708 758 aliquo
2741 670 2945 736 modo
2985 672 3190 749 acuti,
3226 679 3292 738 et
3323 671 3552 762 aliquo
3598 672 3802 739 modo

2255 769 2371 839 lati
2427 795 2442 839 :
2490 783 2554 841 et
2594 775 2747 842 talis
2788 784 2889 843 est
2936 776 3207 867 quidem
3241 777 3598 868 dispositio
3630 780 3804 847 den-

2255 880 2427 947 tium
2467 880 2536 947 in
2568 882 2883 950 omnibus
2923 883 3331 951 animalibus
3380 908 3519 952 non
3561 908 3801 953 omnes

2255 987 2492 1055 dentes
2534 997 2769 1056 acutos
2808 989 3235 1058 habentibuS.

2346 1094 2600 1163 Praeter
2629 1104 2854 1165 autem
2885 1097 3060 1164 dicta
3082 1098 3626 1189 officia,qualitas
3648 1124 3803 1192 quae

2256 1209 2359 1269 est
2387 1202 2457 1268 in
2490 1202 2705 1294 figura
2735 1202 3067 1284 dentium,
3113 1214 3180 1273 et
3208 1208 3549 1297 quantitas
3583 1211 3651 1275 in
3683 1230 3806 1275 nu-

2259 1331 2476 1391 mero,
2510 1318 2576 1377 et
2606 1311 3003 1403 magnitudo
3035 1312 3340 1381 dentium
3382 1317 3683 1382 existens
3732 1316 3802 1383 in

2256 1414 2564 1497 homine,
2610 1427 2712 1487 est
2762 1420 3174 1489 conveniens
3213 1422 3519 1512 aptitudo
3569 1422 3655 1490 ad
3704 1422 3804 1489 lo-

2258 1523 2608 1614 quendum
2654 1548 2670 1593 :
2699 1547 2780 1593 eo
2811 1525 2995 1617 quod
3020 1528 3104 1596 ad
3135 1529 3318 1619 ipsos
3345 1527 3800 1597 diversimode

2256 1633 2492 1725 lingua
2527 1636 2934 1725 percutiens,
2987 1636 3290 1706 diversos
3328 1638 3580 1706 format
3616 1638 3802 1707 litte-

2257 1762 2489 1808 rarum
2519 1748 2585 1809 et
2613 1739 2897 1832 loquelae
2937 1743 3177 1811 modos
3214 1767 3230 1812 ε
3274 1745 3358 1813 ad
3396 1743 3527 1814 hoc
3564 1753 3799 1813 tamen

2256 1846 2512 1917 faciunt
2540 1848 2774 1917 dentes
2802 1850 3200 1919 anteriores.

2347 1952 2673 2032 Quaedam
2720 1964 2944 2024 autem
2995 1956 3316 2025 animalia
3363 1956 3614 2027 habent
3644 1958 3806 2029 den-

2258 2071 2359 2129 tes
2387 2070 2665 2154 propter
2691 2061 2917 2130 cibum
2946 2071 3234 2144 tantum,
3269 2066 3441 2133 sicut
3480 2065 3802 2148 diximuS,

2258 2178 2326 2238 et
2364 2170 2673 2261 quaedam
2714 2179 2952 2262 praeter
2995 2170 3126 2241 hoc
3176 2181 3455 2266 propter
3488 2177 3805 2266 vigorem

2257 2280 2857 2348 armorumtunde
2913 2281 3116 2348 etiam
3172 2281 3483 2373 quaedam
3546 2282 3804 2352 habent

2254 2385 2428 2454 duos
2457 2386 2745 2468 culmos,
2778 2388 2847 2455 in
2885 2388 3130 2478 quibus
3157 2411 3296 2458 non
3336 2398 3436 2458 est
3476 2413 3642 2459 usus
3672 2393 3801 2459 nisi

2251 2524 2530 2594 pugnae,
2571 2504 2745 2571 sicut
2774 2505 3000 2595 porci:
3046 2513 3112 2572 et
3175 2505 3489 2596 quaedam
3546 2504 3803 2576 habent

2251 2610 2487 2679 dentes
2534 2618 2766 2679 acutos
2802 2595 3203 2679 'serratiliter
3237 2634 3309 2679 se
3358 2612 3651 2681 invicem
3702 2637 3805 2682 re·

2250 2717 2602 2808 cipientes,
2662 2724 2729 2784 et
2782 2716 2933 2784 ideo
2989 2716 3307 2786 dicuntur
3380 2718 3615 2787 dentes
3690 2742 3806 2787 eo·

2250 2847 2402 2894 rum
2459 2824 2691 2904 sortes,
2753 2847 2833 2893 eo
2878 2826 3059 2916 quod
3134 2827 3332 2918 vigor
3398 2850 3637 2895 corum
3705 2835 3805 2894 est

2250 2934 2321 3001 in
2402 2931 2720 3001 dentibus
2799 2935 3100 3025 ipsorum
3161 2946 3439 3027 propter
3512 2958 3803 3005 acumen

2247 3041 2554 3110 dentium
2584 3063 2889 3110 suorum.
2934 3040 3188 3110 Omnes
3253 3052 3482 3111 autem
3563 3042 3799 3112 dentes

2246 3147 2670 3219 mordacium
2732 3157 2800 3218 et
2856 3149 3133 3218 fortium
3207 3150 3634 3231 animalium,
3699 3151 3800 3220 in-

2244 3265 2426 3326 trant
2464 3257 2853 3326 seinvicem
2894 3257 3097 3326 modo
3135 3280 3360 3331 serrae.
3395 3268 3473 3328 ut
3520 3283 3659 3328 non
3699 3261 3805 3329 la-

2241 3363 2370 3435 eile
2426 3363 2890 3434 obtundantur
2938 3388 3022 3433 ex
3060 3364 3412 3435 collisione
3463 3367 3666 3436 unius
3704 3367 3792 3437 ad

2242 3471 2560 3542 alterum.
2628 3469 2906 3541 Nullum
2961 3495 3125 3542 vero
3181 3474 3465 3544 omnino
3523 3476 3794 3545 anima-

2241 3579 2414 3651 lium
2468 3579 2673 3651 simul
2730 3579 2933 3651 habet
2990 3590 3353 3675 utrumque
3400 3608 3620 3676 genus
3672 3609 3793 3654 ar-

2241 3710 2541 3768 morum,
2602 3686 2786 3780 quod
2854 3687 3165 3758 videlicet
3253 3688 3488 3760 dentes
3552 3701 3790 3761 acutos

2238 3795 2578 3867 serratiles
2605 3794 2852 3865 habeat
2868 3795 3065 3886 juxta
3123 3820 3201 3866 os
3256 3821 3487 3879 suum,
3521 3808 3589 3868 et
3631 3822 3788 3869 cum

2238 3900 2370 3973 hoc
2406 3901 2653 3971 habeat
2680 3900 2943 3971 culmos
2981 3912 3170 3972 extra
3203 3906 3674 3997 prominentes
3702 3907 3789 3975 ad

2237 4009 2523 4081 modum
2554 4032 2914 4104 aprorum:
2982 4020 3226 4080 natura
3263 4013 3448 4081 enim
3487 4012 3656 4082 nihil
3684 4015 3791 4082 fa-

2236 4119 2328 4189 cit
2353 4118 2719 4211 superflue.
2752 4117 3016 4186 Horum
3046 4127 3273 4189 autem
3304 4119 3599 4189 duorum
3641 4143 3792 4190 mo·

2236 4224 2483 4295 dorum
2512 4246 2691 4293 unus
2724 4232 2825 4293 est
2851 4232 3129 4316 propter
3181 4227 3490 4318 vigorem
3551 4228 3636 4296 ad
3678 4227 3789 4297 di·-

2233 4330 2697 4412 lacerandum,
2746 4340 2813 4400 et
2847 4330 3016 4400 alter
3050 4342 3151 4401 est
3188 4332 3275 4402 ad
3339 4335 3785 4427 pugnandum

2233 4445 2302 4508 et
2329 4437 2732 4508 feriendum.
2800 4437 3065 4507 Sufficit
3107 4447 3336 4509 autem
3379 4463 3595 4509 unum
3634 4441 3784 4509 sul-

2232 4547 2468 4617 liciens
2503 4568 2718 4640 genus
2763 4568 3108 4614 armorum
3166 4545 3252 4614 ad
3318 4546 3782 4616 defensionem

2232 4661 2300 4723 et
2333 4676 2637 4748 pugnam
2670 4655 2869 4722 unius
2888 4662 2954 4722 et
2989 4654 3293 4744 ejusdem
3337 4657 3604 4748 generis
3633 4659 3787 4726 ani-

2233 4762 2421 4843 mali,
2462 4769 2530 4832 et
2559 4761 2764 4830 nimis
2817 4769 3141 4830 onustum
3180 4771 3356 4832 esset
3396 4787 3473 4834 os
3513 4764 3783 4833 duobus

2231 4892 2582 4940 armorum
2609 4866 3012 4963 generibus:
3046 4879 3323 4963 propter
3352 4871 3536 4964 quod
3577 4875 3782 4942 etiam

2227 4978 2422 5048 sexui
2469 4976 2673 5046 debili
2726 4985 2792 5045 et
2855 4976 3093 5046 timido
3150 5001 3342 5046 arma
3384 5001 3519 5045 non
3570 4977 3777 5058 dedit,

2229 5087 2390 5179 quia
2423 5108 2632 5180 porca
2658 5107 2797 5155 non
2826 5084 3031 5154 habet
3058 5085 3322 5155 culmos
3379 5085 3781 5176 prominen-

2225 5203 2353 5274 tes,
2413 5215 2634 5285 neque
2709 5193 2972 5262 mordet
3037 5193 3164 5261 nisi
3230 5215 3353 5284 per
3406 5193 3773 5261 acuitatem

2226 5300 2533 5370 dentium
2563 5299 3003 5383 anteriorum,
3046 5303 3163 5391 qui
3209 5308 3550 5368 vocantur
3596 5301 3777 5367 inci-

568 5403 989 5485 molendum,
1023 5406 1201 5475 inter
1227 5429 1404 5500 quos
1435 5416 1505 5476 et
1532 5404 1904 5475 anteriores
1931 5413 2117 5488 sunt,
2221 5429 2429 5475 sores·

567 5517 684 5607 qui
712 5521 1049 5586 vocantur
1072 5516 1311 5585 canim‘
1346 5516 1418 5584 in
1466 5512 1750 5585 homine
1797 5520 1865 5583 et
1906 5517 2118 5613 acuti,

560 5646 856 5718 quorum
885 5622 1095 5694 etiam
1140 5621 1476 5693 naturalis
1521 5622 1882 5716 dispositio
1922 5624 2119 5716 quasi

2314 5514 2801 5586 Universaliter
2876 5515 3058 5582 enim
3132 5512 3511 5600 sciendum,
3588 5513 3776 5606 quod

2223 5621 2600 5695 secundum
2670 5622 3218 5694 convenientiam
3293 5622 3379 5692 ad
3434 5623 3774 5693 naturalia

1235 6239 1248 6254 ρ
1323 6217 1328 6222 «
1367 6221 1456 6242 *⁴⁴⁷*
1485 6229 1520 6256 ’ῒ
1585 6215 1868 6289 «ξὲἒῇ’“ὶ
1945 6202 2022 6250 Ἰχ
2137 6237 2140 6242 “
2187 6245 2234 6256 -ι
2324 6249 2330 6252 -
2540 6245 2553 6256 s

1275 6257 1294 6272 ³
1311 6243 1424 6287 *rfaess
1441 6223 1490 6286 ὦ
1511 6223 1577 6287 ὕ
1741 6287 1750 6288 s
1773 6227 2132 6290 ·-.'u;¹53⁴..‡„25,.‘j
2153 6257 2202 6291 22⁹·
2275 6249 2286 6262 *
2347 6277 2358 6284 2
2434 6269 2461 6290 ν,
