4919 6371
1908 373 2077 440 LIB.
2130 369 2258 438 VII
2304 368 2424 436 DE
2471 364 3055 446 ANlMALlBUS,
3107 369 3418 439 TRACT.
3476 369 3570 437 ΙΙΙ

1084 541 1383 630 'quando
1417 564 1539 632 per
1565 542 1834 631 viginti.
1862 540 1946 607 Et
1975 539 2113 607 vidi
2142 541 2362 605 virum
2402 537 2667 604 melan-

1108 646 1475 727 cholicum,
1510 648 1625 737 qui
1657 645 2032 714 custoditus
2061 653 2127 713 et
2154 645 2420 713 clausus
2458 645 2661 713 salvis

1111 754 1506 845 signaculis,
1542 753 1687 819 sine
1741 750 1893 818 cibo
1957 774 2078 842 per
2140 761 2398 844 septem
2465 753 2668 842 septi-

1108 885 1372 938 manaS,
1409 860 1528 928 sed
1568 860 1635 925 in
1680 860 1787 927 die
1820 860 2032 928 semel
2065 870 2181 930 aut
2217 862 2493 931 alternis
2523 862 2669 929 die-

1110 968 1237 1036 bus
1276 968 1449 1034 bibit
1479 966 1801 1035 haustum
1843 992 2061 1038 unum
2109 993 2303 1062 aquae
2372 970 2666 1060 limpidae

1111 1075 1395 1165 frigidae,
1431 1082 1498 1141 et
1526 1073 1737 1143 alium
1770 1086 2011 1167 potum
2053 1101 2192 1146 non
2248 1078 2524 1167 accepit.
2585 1075 2669 1141 Et

1109 1180 1240 1249 hoe
1266 1182 1543 1272 quidem
1573 1206 1702 1274 ego
1725 1184 1891 1264 vidi,
1928 1193 1994 1253 et
2014 1184 2363 1276 signacula
2419 1182 2664 1273 quibus

1108 1289 1376 1359 clausus
1407 1293 1557 1372 fuit,
1597 1293 1887 1383 probavi
1919 1293 2326 1382 diligenter:
2375 1298 2440 1359 et
2490 1290 2666 1358 refe-

1106 1395 1343 1465 rebant
1385 1398 1556 1466 mihi
1595 1398 1877 1466 veridici
1937 1398 2020 1465 de
2096 1420 2175 1464 eo
2241 1398 2418 1482 viro,
2482 1398 2662 1487 quod

1101 1526 1284 1595 saepe
1332 1528 1454 1595 per
1483 1507 1791 1596 quinque
1822 1513 1887 1573 et
1928 1528 2050 1596 per
2104 1513 2397 1596 quatuor
2450 1509 2662 1597 septi-

1100 1634 1342 1679 manas
1373 1612 1502 1679 hoe
1536 1612 1756 1680 facere
1788 1615 2169 1682 consuevit.

1189 1719 1435 1787 Latent
1483 1719 1809 1789 animalia
1867 1719 2279 1801 differenter,
2347 1721 2659 1812 quoedam

1099 1824 1382 1905 diutius,
1454 1827 1860 1918 etquaedam
1921 1829 2217 1907 brevius,
2289 1829 2658 1896 secundum

1097 1935 1553 2023 quantitatem
1597 1943 1665 2003 et
1720 1936 2184 2004 viscositatem
2253 1933 2661 2026 phlegmatis

1098 2041 1477 2132 digerendi,
1510 2051 1578 2112 et
1617 2043 1997 2112 secundum
2055 2066 2364 2114 acumem
2420 2045 2660 2114 caloris

1097 2150 1490 2243 digerentis.
1527 2152 1911 2223 Commune
1953 2162 2178 2223 autem
2245 2163 2512 2246 tempus
2569 2154 2663 2222 la-

1101 2260 1328 2327 tentiae
1358 2269 1456 2328 est
1490 2263 1558 2327 in
1588 2260 1816 2330 hieme
1857 2271 2162 2354 tempore
2205 2264 2658 2353 generationis

1096 2365 1511 2458 phlegmatis
1551 2376 1618 2436 et
1646 2371 1960 2462 pigritias.
2010 2370 2182 2439 Sunt
2213 2381 2440 2440 tamen
2482 2395 2661 2464 quae·

1095 2470 1254 2539 dam
1281 2495 1435 2564 quae
1472 2482 1704 2542 aestate
1741 2475 1958 2545 latent
1996 2476 2065 2545 in
2133 2477 2299 2546 locis
2372 2478 2654 2569 frigidis,

1099 2578 1274 2645 sicut
1304 2581 1451 2648 avis
1492 2580 1848 2650 Diomedis
1884 2605 1899 2650 ε
1934 2590 2001 2651 et
2032 2582 2233 2673 hujus
2272 2606 2473 2652 causa
2531 2592 2654 2662 est,

1101 2687 1257 2776 quia
1290 2695 1449 2755 sunt
1477 2687 1725 2756 caloris
1757 2690 2150 2781 paucissimi
2207 2698 2276 2759 et
2329 2693 2659 2759 terrestris

1095 2793 1297 2861 valde
1330 2795 1730 2864 substantiae
1760 2820 1775 2864 :
1812 2807 2090 2891 propter
2118 2799 2300 2890 quod
2331 2802 2400 2869 in
2428 2808 2656 2868 aestate

1100 2910 1168 2970 et
1207 2911 1587 2993 temperato
1620 2912 1928 2996 tempore
1960 2907 2491 2976 dissolverentur
2517 2930 2661 2976 om·

1099 3011 1292 3089 nino,
1337 3018 1403 3078 et
1434 3021 1883 3092 morerentur,
1927 3015 2056 3082 nisi
2105 3014 2412 3107 fugerent
2441 3015 2661 3083 laten-

1100 3120 1192 3189 tia
1268 3122 1334 3189 in
1403 3120 1667 3211 frigidis
1735 3122 1926 3193 locis.
2003 3124 2075 3193 ln
2143 3122 2364 3194 hieme
2430 3131 2657 3195 autem

1101 3236 1457 3298 constante
1489 3235 1912 3303 extrinsecus
1942 3256 2251 3326 corpore,
2318 3235 2659 3328 colligitur

1102 3343 1167 3405 et
1200 3337 1542 3407 adunatur
1578 3339 1768 3409 calor
1810 3342 2115 3420 interior,
2152 3351 2219 3411 et
2255 3351 2415 3412 tunc
2443 3367 2658 3435 appa-

1097 3454 1274 3525 rent,
1308 3469 1524 3538 parvo
1556 3458 1788 3517 tamen
1841 3458 2173 3542 tempore.
2244 3450 2655 3542 Hujusmodi

1097 3565 1326 3625 autem
1356 3556 1557 3628 valde
1595 3568 1759 3629 sunt
1784 3582 2029 3652 pauca,
2098 3568 2165 3631 et
2201 3568 2361 3631 sunt
2431 3562 2656 3631 brevis

1092 3666 1251 3734 vitas
1279 3674 1347 3734 et
1376 3670 1840 3758 generationis
1874 3692 1890 3737 ε
1925 3677 2202 3763 propter
2227 3670 2411 3762 quod
2448 3672 2655 3740 etiam

1093 3794 1235 3841 non
1268 3774 1561 3843 multum
1604 3775 2167 3869 multiplicantur.
2202 3777 2360 3847 Haec
2388 3787 2490 3849 cst
2527 3780 2659 3871 igi-

1098 3889 1208 3952 tur
1245 3907 1450 3954 causa
1480 3886 1884 3957 latitationis
1915 3888 2339 3958 animalium.

1186 3992 1283 4060 Ea
1324 4002 1551 4063 autem
1595 4019 1746 4087 quae
1794 3996 1878 4066 de
1935 3995 2088 4066 loeo
2155 4005 2519 4067 moventur
2570 3997 2655 4064 ad

1091 4094 1350 4180 locum,
1394 4100 1600 4169 aliam
1633 4102 1738 4170 sui
1773 4111 2000 4172 motus
2039 4100 2291 4174 habent
2320 4127 2596 4174 causam
2634 4128 2650 4173 :

1092 4208 1418 4296 quoniam
1479 4207 1594 4278 illa
1692 4209 2019 4280 animalia
2103 4218 2370 4281 mutant
2423 4210 2650 4281 locum

1088 4326 1369 4408 propter
1444 4318 1790 4411 duplicem
1868 4344 2143 4391 causam
2189 4343 2206 4389 z
2280 4327 2398 4390 aut
2469 4322 2649 4389 enim

1083 4433 1365 4515 propter
1417 4427 1594 4494 aeris
1663 4428 2144 4507 mutationem,
2196 4435 2315 4498 aut
2377 4436 2654 4521 propter

1084 4530 1315 4600 cibum
1345 4541 1613 4604 mutant
1643 4532 1900 4605 locum.
1931 4537 2129 4605 Aeris
2148 4537 2330 4605 enim
2360 4536 2653 4627 qualitas

1085 4656 1221 4706 una
1263 4643 1585 4711 convenit
1625 4640 2041 4733 quibusdam
2107 4642 2543 4724 animalibus,
2586 4650 2650 4711 et

1088 4767 1230 4814 non
1288 4749 1472 4818 alia:
1533 4750 1959 4843 frequentius
2026 4758 2252 4819 tamen
2318 4774 2356 4818 a
2404 4751 2649 4842 frigido

1087 4857 1595 4949 constringente
1635 4867 1905 4928 mutant
1934 4882 2006 4929 se
2045 4860 2129 4929 ad
2158 4860 2451 4929 calidum
2485 4868 2651 4929 tem·

1087 4971 1401 5054 peratum
1445 4986 1464 5036 ε
1526 4965 1657 5034 hoe
1725 4968 1911 5035 enim
1980 4968 2186 5036 modo
2253 4967 2647 5036 mutationis

1087 5077 1359 5139 mutant
1396 5071 1624 5141 locum
1663 5095 1892 5163 grues,
1929 5082 1999 5143 et
2026 5096 2302 5143 anseres
2345 5097 2362 5143 ε
2399 5080 2646 5142 etcum

1089 5185 1356 5245 mutare
1395 5180 1639 5249 volunt
1685 5180 1943 5255 locum,
2004 5179 2330 5250 altissime
2386 5180 2644 5263 volant,

1091 5291 1171 5352 ut
1197 5285 1363 5354 tiatu
1393 5289 1577 5356 venti
1600 5286 1945 5357 subvectae
1985 5286 2206 5357 levius
2245 5297 2650 5358 moveantur

1084 5397 1148 5458 et
1216 5390 1473 5462 diutius
1536 5397 1922 5466 sustineant
1993 5394 2299 5465 volatum
2339 5418 2356 5466 z
2452 5395 2652 5465 altior

1083 5496 1269 5564 enim
1299 5507 1547 5569 ventus
1577 5502 1953 5570 subtilioris
1983 5510 2050 5571 et
2080 5504 2362 5573 minoris
2391 5512 2493 5572 est
2533 5503 2651 5570 ssa·

1082 5609 1216 5683 tus,
1278 5610 1348 5673 et
1404 5628 1677 5698 semper
1728 5608 1944 5677 vincit
2021 5632 2228 5702 super
2291 5610 2646 5679 inferiores

1082 5714 1329 5779 ventos
1387 5711 1643 5783 diutius
1708 5713 2046 5787 durando.
2111 5714 2366 5787 Causas
2420 5722 2645 5785 autem

4203 375 4335 444 415

2780 538 3155 609 clamorum
3188 543 3488 634 ipsarum
3521 543 3750 611 avium
3795 543 4067 635 quando
4102 543 4340 612 volant

2778 649 3113 738 superiuS,
3156 652 3318 716 satis
3366 649 3905 737 explanavimus.
3982 649 4160 718 Sunt
4211 674 4340 717 au-

2773 760 2909 818 tem
2941 775 3101 819 aves
3132 775 3281 843 quae
3322 755 3415 818 sie
3446 761 3709 819 mutant
3752 753 3979 820 locum
4033 757 4336 823 maxime

2774 859 3131 947 aquaticze,
3164 867 3279 925 aut
3310 881 3461 948 quae
3475 860 3668 948 juxta
3694 882 3907 951 aquas
3931 870 4331 951 pascuntur,

2771 971 2835 1029 et
2892 972 3048 1032 sunt
3104 965 3613 1035 melancholicae
3690 977 3756 1035 et
3812 967 4098 1058 frigidae,
4164 994 4336 1062 quas

2769 1073 3011 1163 ingens
3049 1073 3263 1166 frigus
3336 1076 3541 1143 nimis
3609 1078 4130 1168 constringeret,
4204 1081 4338 1147 nisi

2769 1178 3241 1250 subtraherent
3329 1206 3399 1250 se
3493 1186 3558 1249 in
3626 1185 3960 1274 principio
4058 1184 4331 1254 hiemiS.

2771 1285 3060 1365 Quando
3092 1300 3318 1358 autem
3358 1292 3476 1358 ssat
3515 1301 3759 1359 ventus
3810 1295 4181 1373 austrinus,
4218 1303 4337 1363 aut

2770 1395 3273 1487 appropinquat
3301 1403 3525 1475 aestaS,
3560 1405 3664 1466 est
3691 1405 3962 1488 tempus
4001 1398 4333 1469 dissimile

2769 1503 3224 1592 complexioni
3268 1505 3506 1571 talium
3548 1505 3952 1574 animalium
3990 1530 4005 1575 ε
4042 1517 4107 1575 et
4175 1509 4329 1576 ideo

2769 1618 2929 1679 tunc
2969 1610 3321 1681 retrahunt
3357 1637 3429 1681 se
3467 1638 3707 1683 versus
3754 1616 4203 1707 Aquilonem,
4266 1626 4333 1685 et

2765 1717 2858 1784 ibi
2895 1718 3296 1809 pullisicant.
3334 1721 3580 1790 Cibum
3649 1731 3876 1791 autem
3946 1734 4333 1815 sequuntur

2764 1826 3087 1895 animalia
3116 1830 3455 1920 quaedam,
3491 1840 3730 1900 etcum
3762 1831 4013 1923 frigore
4047 1835 4332 1903 mortifi-

2765 1941 2959 2002 cante
3026 1934 3450 2005 subtrahitur
3479 1940 3574 2007 eis
3604 1939 3796 2007 cibus
3828 1941 3896 2006 in
3930 1963 4067 2010 una
4098 1944 4332 2033 regio-

2763 2063 2874 2120 ne,
2907 2040 3190 2112 trahunt
3222 2068 3295 2113 se
3326 2046 3411 2113 ad
3436 2045 3639 2113 aliam
3671 2048 4021 2138 sequendo
4052 2048 4325 2117 cibum:

2763 2156 2832 2216 et
2867 2148 3022 2217 ideo
3063 2159 3415 2221 mutantur
3444 2153 3526 2222 de
3557 2153 3710 2223 loco
3741 2155 3811 2221 in
3845 2154 4103 2236 locum,
4162 2179 4334 2248 pro—

2762 2256 3063 2325 cedendo
3102 2281 3341 2328 versus
3371 2269 3703 2330 austrum.
3741 2261 3827 2330 Et
3856 2285 4013 2330 cum
4046 2264 4333 2355 mitiga-

2764 2372 2872 2432 tur
2892 2366 3128 2458 frigus,
3159 2368 3311 2459 plus
3343 2369 3834 2461 multiplicatur
3864 2371 4053 2440 cibus
4085 2372 4329 2441 talium

2765 2474 3166 2544 animalium
3271 2479 3355 2546 ad
3428 2480 3847 2571 Aquilonem
3943 2504 4153 2573 quam
4242 2485 4329 2551 ad

2762 2580 3112 2651 Meridiem
3152 2607 3168 2652 :
3202 2608 3283 2653 eo
3316 2586 3500 2677 quod
3530 2589 3798 2655 siccitas
3858 2588 4149 2657 destruit
4225 2591 4328 2659 ci-

2763 2689 2927 2756 bum
2968 2690 3035 2756 in
3076 2690 3382 2771 Meridie,
3428 2703 3494 2762 et
3532 2703 3694 2763 tunc
3747 2705 4185 2765 revertuntur
4240 2696 4327 2765 ad

2762 2797 3201 2888 Aquilonem.
3247 2799 3504 2868 Eadem
3535 2811 3765 2869 autem
3815 2803 4100 2872 omnino
4160 2827 4330 2872 cau-

2762 2927 2835 2971 sa
2873 2913 3000 2985 est,
3044 2929 3251 2996 quare
3300 2919 3666 2978 moventur
3732 2909 3813 2978 de
3891 2910 4186 2979 vallibus
4239 2913 4326 2982 ad

2763 3019 3054 3091 montes,
3086 3021 3146 3082 et
3182 3037 3219 3083 e
3258 3037 3616 3084 converso.

2853 3121 2952 3191 Ex
2981 3121 3088 3193 his
3118 3147 3281 3219 ergo
3310 3133 3380 3196 et
3415 3126 3754 3196 similibus
3802 3138 4094 3221 possunt
4153 3153 4328 3202 con-

2752 3229 2896 3320 jici,
2932 3254 3143 3323 quare
3166 3232 3395 3304 locum
3426 3244 3718 3317 mutant,
3762 3246 3830 3306 et
3859 3261 4070 3331 quare
4111 3238 4327 3311 latent

2762 3338 3060 3428 quodam
3101 3345 3408 3433 tempore
3448 3344 3766 3434 quaedam
3798 3345 4229 3416 animalium.
