4919 6371
1725 299 1899 367 LIB.
1957 295 2057 363 lx
2107 293 2233 361 DE
2281 290 2899 380 ANIMALIBUS,
2953 297 3278 372 TRAC'r.
3337 301 3402 369 ΙΙ
4104 314 4237 383 533

855 480 1053 573 ginta
1116 482 1292 570 dies,
1358 482 1493 552 hoc
1535 493 1635 550 cst
1674 504 1929 549 novem
1967 502 2271 547 menses.
2320 477 2489 545 Ilaec

852 603 1092 663 autem
1140 620 1299 689 qum
1344 595 1444 664 sic
1489 594 1733 663 dicunt
1780 590 2059 672 medici,
2135 615 2279 660 non
2321 598 2488 659 suut

851 714 1038 776 certe
1107 706 1432 800 probata,
1481 712 1547 773 et
1596 704 1754 774 ideo
1828 728 1972 773 non
2025 728 2307 798 sempor
2377 705 2483 772 in-

848 819 1238 887 veniuntur
1277 841 1469 885 vera.
1542 816 1850 910 Tempus
1894 825 2134 887 autem
2188 840 2330 911 quo
2374 815 2484 885 lac

848 930 937 1000 ad
979 929 1335 999 mamillas
1380 930 1626 1025 incipit
1676 930 1920 1014 fluere,
1967 931 2213 1002 dicunt
2253 953 2406 1001 esse
2438 954 2481 998 a

846 1052 1170 1134 tempore
1205 1052 1443 1114 motus
1477 1045 1909 1138 embryoniS.

941 1153 1096 1224 Iloc
1189 1156 1404 1249 igitur
1470 1157 1568 1226 ita
1628 1156 2019 1249 supposito,
2097 1153 2473 1223 dicendum

841 1265 1127 1337 videtur
1157 1268 1348 1361 qnod
1391 1269 1681 1361 sanguis
1736 1273 2137 1336 menstruus
2185 1264 2256 1332 in
2308 1287 2474 1333 con-

2603 486 2668 546 et
2709 482 3008 552 veniunt
3048 486 3135 554 ad
3187 486 3610 559 umbilicum
3653 518 3669 562 ε
3708 504 3998 587 propter
4049 495 4240 589 quod

2601 592 2887 683 quidam
2923 597 3368 666 medicorum
3412 600 3741 672 dixerunt
3795 606 3923 675 has
3957 632 4238 676 ex·1ua-

2598 707 2767 775 trice
2799 715 3037 775 ortum
3073 706 3360 791 habere,
3412 735 3576 780 cum
3629 723 3868 786 tamen
3920 717 4075 788 lia-c
4118 746 4237 791 ra-

2595 819 2691 886 tio
2716 843 2857 887 non
2891 820 3224 902 admittit,
3265 825 3449 893 sicut
3480 835 3672 919 patet
3705 854 3793 900 ex
3828 832 4226 907 antedictis·

2594 928 2754 998 Non
2788 932 2978 1001 enim
3011 934 3242 1006 simile
3290 946 3397 1007 est
3462 941 3658 1031 quod
3712 943 3984 1025 dicunt,
4032 947 4228 1039 quod

2592 1041 2916 1115 videlicet
2946 1046 3124 1116 sicut
3156 1050 3622 1122 coctilidones
3665 1054 4027 1127 fructuum
4064 1082 4230 1152 pro-

2587 1155 2844 1228 cedunt
2904 1183 2990 1229 ex
3045 1161 3324 1242 arbore,
3383 1173 3452 1233 et
3505 1188 3647 1235 non
3703 1191 3790 1236 cx
3851 1167 4220 1255 fructibuS,

2585 1291 2709 1360 per
2740 1295 2919 1364 quos
2954 1281 3193 1343 tamen
3226 1274 3493 1346 fructus
3527 1289 3796 1374 sugunt
3827 1285 4226 1354 nutrimen-

842 1388 1056 1474 ceptu
1119 1383 1190 1450 in
1247 1382 1383 1449 tria
1461 1378 1820 1448 dividitur.
1880 1376 2226 1447 Subtilius
2279 1377 2470 1447 enim
2585 1385 2763 1464 tum,
2800 1381 2896 1449 ita
2928 1381 3078 1451 istae
3108 1407 3310 1453 venae
3351 1410 3479 1478 per
3509 1388 3811 1459 modum
3844 1393 4223 1463 coctilido-

840 1494 1062 1586 ipsius
1091 1492 1314 1563 nutrit
1346 1500 1763 1571 creaturam,
1803 1500 1873 1561 et
1900 1490 2169 1585 aliquid
2209 1489 2467 1560 subtile
2580 1515 2753 1562 num
2786 1495 3174 1588 procedant
3204 1520 3292 1567 ex
3324 1500 3651 1588 matrice,
3696 1527 3825 1596 per
3867 1527 4041 1597 quas
4083 1530 4229 1575 em-

833 1608 1034 1677 venit
1071 1605 1162 1675 ad
1203 1605 1583 1689 mamillas,
1618 1614 1689 1676 et
1731 1605 2088 1675 residuum
2134 1627 2467 1699 grossum
2577 1604 2755 1699 bryo
2827 1608 3104 1678 cibatur
3184 1613 3472 1704 quando
3558 1616 3977 1710 concipitur.
4063 1618 4224 1689 lloc

833 1720 1191 1810 abjicitur,
1258 1727 1325 1790 ct
1386 1728 1523 1790 stat
1591 1723 1772 1790 intra
1838 1718 2011 1789 telas
2081 1725 2464 1810 conceptus
2578 1719 2767 1788 enim
2819 1743 2964 1788 non
3018 1729 3123 1790 est
3182 1722 3441 1802 simile,
3495 1733 3574 1794 ut
3625 1726 3941 1797 diximus
3980 1754 3995 1799 :
4034 1753 4217 1824 quo·

830 1858 1056 1927 usque
1119 1833 1207 1902 ad
1256 1841 1564 1927 partum,
1602 1840 1668 1903 et
1728 1840 1893 1903 tunc
1943 1832 2242 1924 ejicitur.
2306 1829 2462 1923 lpse
2574 1831 2769 1901 niam
2836 1833 2908 1901 in
2970 1834 3222 1904 arbore
3283 1845 3434 1907 tota
3495 1847 3601 1909 est
3663 1843 3773 1910 vis
3834 1841 4215 1913 formativa

833 1952 1071 2014 autem
1132 1952 1516 2037 conceptus
1566 1945 1637 2012 in
1679 1941 1900 2012 tribus
1951 1940 2108 2011 telis
2162 1939 2464 2011 involvi·
2572 1931 2959 2027 fructuum,
3020 1968 3103 2016 eo
3162 1948 3355 2040 quod
3422 1953 3704 2022 suntin
3760 1976 3843 2024 ea
3902 1979 4205 2026 sexuum

831 2070 972 2142 tur,
1010 2083 1316 2154 quarum
1364 2061 1596 2151 prima
1641 2081 1796 2152 quae
1838 2058 2141 2127 exterior
2195 2064 2323 2136 est,
2372 2079 2461 2125 ex

829 2171 1108 2241 duabus
1145 2170 1300 2240 telis
1331 2171 1782 2264 componitur
1829 2167 2233 2249 subtilibus,
2273 2166 2459 2237 intra

825 2307 1001 2378 quas
1061 2306 1267 2353 venae
1314 2290 1790 2353 contexuntur
1840 2306 1879 2351 a
1918 2280 2135 2375 gibbo
2174 2279 2450 2372 hepatis

822 2418 951 2490 per
981 2393 1406 2465 umbilicum
1449 2402 1756 2464 extensae
1792 2415 1807 2463 :
1856 2401 1920 2462 et
1954 2401 2121 2463 sunt
2162 2400 2300 2461 tres
2339 2415 2459 2461 ve-

824 2531 961 2589 nae,
998 2532 1143 2576 una
1176 2505 1526 2601 pulsatilis
1558 2531 1715 2601 qua·
1749 2505 1940 2575 veuit
1985 2528 2026 2573 a
2055 2503 2267 2573 corde
2306 2504 2456 2572 sive

825 2647 864 2693 a
911 2620 1169 2714 majori
1212 2645 1393 2691 vena
1437 2620 1695 2706 cordiS,
1730 2628 1797 2689 et
1829 2618 1977 2689 lucc
2020 2618 2091 2687 in
2133 2615 2459 2688 secundi-

826 2758 919 2804 na
950 2759 1098 2804 non
1126 2735 1509 2828 spargitur,
1555 2732 1677 2802 sed
1710 2730 1917 2801 simul
1948 2730 2214 2801 vadens
2271 2730 2459 2800 divi-

825 2850 921 2919 dit
965 2849 1237 2918 oriliria
1277 2848 1363 2918 ad
1415 2846 1756 2941 quasdam
1813 2869 2032 2915 venas
2092 2843 2457 2937 pulsatiles

828 2964 1169 3044 muti-ivis,
1216 2970 1281 3031 et
1314 2962 1501 3055 sugit
1538 2986 1664 3054 per
1696 2960 1813 3029 illa
1844 2959 2105 3029 orificia
2162 2959 2461 3053 sangui-

823 3101 992 3146 nem
1054 3074 1455 3155 subtilium,
1520 3075 1640 3168 qui
1685 3080 1784 3143 est
1843 3097 2005 3143 cum
2066 3072 2315 3166 spiritu
2369 3072 2456 3141 ad

824 3191 1350 3260 nutrimentum
1421 3187 1896 3282 spiritualium
1962 3187 2269 3281 partium
2341 3187 2456 3280 ip-

817 3306 965 3374 sius
1006 3311 1351 3374 creaturae
1397 3326 1413 3372 ε
1464 3312 1753 3396 propter
1791 3298 1982 3393 quod
2015 3298 2306 3394 quidam
2339 3299 2457 3369 di-

814 3424 1074 3487 xerunt
1098 3439 1226 3511 per
1286 3414 1408 3485 illa
1448 3413 1717 3485 oriticia
1759 3411 2110 3483 introduci
2156 3413 2454 3507 sangui-

820 3554 982 3598 nem
1027 3535 1096 3598 et
1137 3527 1455 3598 animam
1489 3527 1561 3596 in
1605 3533 2053 3620 conceptum.
2098 3523 2279 3595 Aliae
2320 3550 2456 3595 au-

815 3650 961 3711 tem
1003 3642 1164 3711 ‹luae
1196 3648 1361 3710 sunt
1394 3638 1785 3734 pulsatiles,
1831 3647 1895 3707 et
1933 3637 2078 3707 islae
2124 3636 2454 3707 dividun-

813 3764 931 3824 tur
989 3762 1057 3824 et
1127 3754 1662 3847 conjunguntur
1723 3753 1792 3821 in
1863 3753 2152 3821 matrice
2208 3749 2449 3820 multis

813 3869 1103 3939 orificiis
1174 3891 1519 3938 venarum
1599 3891 1743 3936 non
1822 3864 2268 3961 pulsatilium
2314 3890 2330 3936 ε
2380 3877 2447 3935 et

814 3983 916 4051 sic
974 3979 1374 4075 ingreditur
1430 3978 1630 4049 cibus
1693 3979 1764 4048 in
1828 3987 2253 4072 conceptum
2322 4002 2450 4072 per

817 4091 1241 4163 umbilicum
1284 4091 1372 4161 ad
1441 4091 1735 4186 gibbum
1807 4089 2107 4184 liepatiS,
2172 4098 2239 4159 et
2302 4114 2445 4160 non

813 4229 942 4298 per
970 4226 1233 4274 venam
1295 4226 1453 4297 quae
1485 4214 1707 4298 porta
1754 4210 2073 4275 vocatur,
2130 4200 2297 4294 quia
2351 4199 2447 4270 ibi

818 4318 1198 4414 impediret
1227 4318 1729 4388 formationem
1762 4315 2110 4387 stomachi
2150 4323 2220 4385 et
2259 4313 2448 4386 alio-

816 4457 977 4503 rum
1040 4432 1528 4502 membrorum
1581 4429 2033 4501 naturalium.
2103 4429 2259 4500 lstae
2311 4454 2445 4499 au-

813 4556 960 4618 tem
994 4546 1155 4617 duae
1188 4570 1390 4616 venae
1424 4548 1494 4616 in
1525 4544 1741 4639 gibbo
1774 4542 2049 4637 hepatis
2079 4553 2245 4615 sunt
2277 4545 2448 4615 adu·

820 4669 1003 4731 natae
1061 4661 1131 4729 in
1174 4683 1422 4742 unam,
1468 4683 1555 4729 ne
1602 4659 1755 4728 duae
1807 4667 2252 4729 remanentes
2309 4659 2447 4728 im-

815 4774 1101 4868 pediant
1147 4773 1650 4843 formationem
1682 4780 1750 4841 et
1780 4770 2209 4864 positionem
2252 4772 2444 4843 cistis

813 4887 1023 4958 fellis.
1071 4886 1153 4957 ln
1210 4885 1551 4957 umbilico
1598 4894 1835 4956 autem
1906 4884 2325 4955 dividuntur
2378 4894 2448 4957 et

812 5001 1482 5071 circumvolvuntur
1508 4997 1915 5094 panniculO,
1950 5006 2020 5068 et
2049 5005 2218 5068 tunc
2249 5021 2447 5093 egre-

814 5116 1110 5186 diuntur
1157 5116 1339 5185 inter
1389 5114 1565 5185 duas
1619 5114 1790 5185 telas
1868 5112 2300 5195 secundinae,
2374 5122 2442 5183 et

813 5236 1252 5323 sparguntur
1280 5227 1354 5296 in
1382 5228 1649 5296 orilicia
1701 5250 2045 5297 venarum
2097 5226 2437 5307 matricis„

814 5339 909 5409 ita
966 5339 1162 5433 quod
1216 5341 1420 5433 quasi
1471 5338 1825 5410 continuae
1866 5335 2196 5433 quaedam
2244 5361 2444 5409 venae

812 5450 1174 5536 videntur,
1212 5476 1369 5546 quae
1429 5477 1469 5521 a
1511 5452 1799 5521 matrice
1860 5457 2027 5519 sunt
2084 5473 2435 5545 egressae:

814 5572 881 5634 et
916 5571 1087 5634 sunt
1129 5564 1262 5635 ista
1292 5564 1563 5635 oriticia
1595 5562 1812 5634 rubea
1833 5564 2038 5656 juxta
2070 5564 2440 5634 matricem

812 5684 1109 5771 propter
1146 5678 1567 5770 sanguinem
1611 5699 1821 5771 quem
1850 5683 2139 5770 sugunt,
2177 5683 2248 5745 et
2278 5699 2442 5769 pau-

816 5788 1021 5859 latim
1060 5786 1460 5883 pallescunt
1487 5789 1937 5883 procedentia
1976 5811 2103 5881 per
2142 5787 2444 5882 clonga-

811 5905 1087 5975 tionem
1130 5926 1173 5973 a
1223 5901 1544 5985 matrice,
1599 5911 1668 5973 et
1707 5912 1875 5976 tunc
1922 5904 2439 5998 ingrossantur,

2569 2055 2867 2126 virtutes
2899 2060 3296 2151 permixtae,
3332 2061 3515 2131 sicut
3556 2063 3874 2136 diximus
3924 2067 3995 2136 in
4029 2066 4208 2136 libro

2572 2165 2657 2235 de
2692 2167 3002 2237 Planus,
3055 2168 3194 2239 Sed
3226 2173 3335 2240 vis
3370 2171 3755 2245 formativa
3787 2177 4210 2248 animalium

2570 2287 2674 2348 est
2714 2278 2786 2347 in
2836 2280 3132 2363 semine,
3189 2306 3334 2352 non
3395 2285 3469 2354 in
3532 2289 3879 2359 matrice:
3919 2299 3990 2360 et
4041 2291 4201 2361 ideo

2567 2392 2678 2460 vis
2720 2416 2877 2485 quae
2909 2391 3171 2464 format
3212 2406 3667 2490 conceptum,
3708 2399 3969 2471 format
3996 2404 4210 2473 etiam

2568 2505 3028 2577 coi-tilidones
3083 2533 3456 2581 venarum.
3509 2513 3634 2585 Est
3666 2525 3909 2586 autem
3954 2517 4025 2586 in
4058 2542 4203 2587 una

2570 2643 2915 2690 venarum
2958 2621 3254 2692 istarum
3298 2648 3386 2693 ex
3420 2627 3758 2698 umbilico
3809 2631 4208 2723 proceden-

2570 2735 2749 2803 tium
2820 2734 3145 2827 quaedam
3217 2736 3567 2809 involutio
3631 2740 3720 2810 ad
3800 2741 4198 2814 folliculum

2573 2844 2667 2914 ibi
2735 2856 3234 2939 praeparatum‚
3311 2860 3378 2919 et
3459 2874 3585 2944 per
3670 2853 3865 2922 illam
3947 2879 4206 2925 venam

2569 2957 2927 3052 egreditur
2984 2983 3168 3029 vena
3240 2971 3627 3056 conceptus
3689 2965 3759 3034 in
3815 2964 4061 3036 follem
4124 2967 4206 3036 il-

2572 3072 2820 3151 lum,et
2854 3071 3202 3142 formatur
3241 3075 3302 3144 ei
3328 3077 3540 3168 juxta
3583 3078 4005 3149 umbilicum
4044 3104 4206 3150 mu-

2568 3182 2804 3254 sculus
2831 3185 2952 3278 qui
3007 3196 3288 3256 moveat
3339 3188 3786 3272 umbilicum,
3834 3200 3909 3261 ut
3953 3192 4054 3261 sic
4076 3193 4205 3285 ju-

2566 3307 2686 3368 vet
2723 3298 2812 3368 ad
2854 3301 3080 3368 urina&
3115 3300 3565 3390 ejectionem.
3613 3303 3777 3374 Non
3834 3306 4026 3375 enim
4056 3306 4208 3376 exit

2564 3412 2773 3481 urina
2824 3421 2992 3483 tunc
3046 3437 3133 3483 ex
3197 3412 3492 3508 inguine
3551 3414 3792 3498 l'oetus,
3857 3439 3943 3487 eo
4006 3417 4202 3510 quod

2565 3535 2841 3596 meatus
2881 3526 3197 3619 inguinis
3229 3529 3512 3621 angusti
3564 3538 3731 3598 sunt
3772 3527 4032 3612 adhuc,
4073 3529 4202 3601 sed

2563 3640 2707 3710 exit
2768 3640 2855 3708 ab
2908 3639 3274 3709 umbilico.
3313 3640 3482 3710 lla-c
3546 3642 3765 3735 igitur
3803 3643 3946 3714 tela
3996 3652 4201 3714 exte-

2565 3755 2705 3820 ι·ῐ«ϊ
2734 3752 3122 3821 secundina
3153 3763 3453 3823 vocatur
3501 3760 3733 3825 totuin
3788 3754 4190 3827 involvens,

2655 3863 2777 3933 Est
2819 3871 3055 3933 autem
3089 3865 3399 3933 secunda
3432 3863 3570 3934 tela
3597 3868 3732 3936 sub
3779 3866 3940 3954 ista,
3976 3891 4193 3961 quam

2561 3978 2847 4048 ascleari
2875 3978 3148 4049 Arabes
3186 3989 3447 4049 vocant
3484 4003 3500 4049 ε
3538 3989 3605 4049 et
3658 3981 3732 4050 in
3774 3980 3970 4051 illam
4005 3983 4196 4052 deri-

2558 4101 2767 4160 vatur
2814 4115 3000 4161 vena
3043 4091 3364 4161 involuta
3407 4093 3687 4162 urinam
3741 4092 4091 4176 delerenS,
4127 4104 4197 4166 et

2559 4202 2858 4273 effundit
2900 4228 3057 4273 eain
3113 4205 3183 4274 in
3226 4204 3612 4298 quamdam
3648 4216 3925 4299 partem
3975 4208 4195 4302 ipsius

2558 4318 2689 4388 sub
2760 4318 3151 4414 embryone
3231 4320 3656 4390 existentem
3745 4344 3761 4391 :
3846 4323 4191 4415 quoniam

2559 4437 2765 4504 urina
2811 4443 3020 4505 acuta
3069 4445 3167 4504 est
3209 4457 3224 4503 :
3264 4444 3328 4503 et
3383 4433 3441 4502 si
3483 4441 3809 4525 tangeret
3860 4435 4199 4505 secundi-

2559 4572 2725 4617 nam
2769 4550 2839 4618 in
2886 4571 3029 4642 qua
3084 4555 3522 4641 sparguntur
3580 4569 3808 4626 venae,
3855 4548 4197 4619 corrode-

2562 4670 2664 4732 ret
2705 4671 2772 4730 et
2806 4659 3193 4731 destrueret
3227 4685 3416 4740 eain,
3453 4667 3519 4729 et
3554 4660 3946 4730 effunditur
3975 4662 4192 4731 ctiam

2557 4775 2644 4847 ad
2708 4776 2913 4843 istam
2971 4772 3187 4844 telam
3260 4772 3503 4854 sudor,
3570 4784 3639 4842 et
3709 4782 3963 4843 ca·tera
4033 4798 4190 4867 qua·-

2562 4886 3016 4958 resolvuntur
3055 4910 3095 4955 a
3155 4894 3502 4979 conceptu
3537 4907 3695 4979 quae
3746 4893 3912 4954 sunt
3955 4895 4184 4955 acuta.

2648 4999 2882 5070 Tertia
2913 5008 3152 5070 autem
3187 4998 3325 5068 tela
3354 5007 3482 5070 est,
3522 5021 3681 5091 qua·
3728 4995 4027 5066 involvit
4070 4997 4189 5066 in-

2561 5112 2849 5191 fantem,
2886 5119 2956 5181 et
2993 5112 3299 5204 protegit
3342 5132 3509 5180 eum
3569 5106 3658 5177 ab
3707 5106 4008 5178 humore
4043 5108 4195 5178 uri-

2562 5248 2668 5295 na·
2700 5233 2907 5294 acuto
2941 5223 3251 5293 exterius
3282 5222 3538 5302 effuso,
3574 5230 3644 5289 et
3674 5220 3985 5315 protegit
4026 5244 4191 5290 eum

2560 5364 2601 5408 a
2657 5346 2985 5410 contactu
3048 5338 3361 5407 matricis
3432 5358 3590 5429 quae
3652 5334 3907 5404 duram
3976 5333 4192 5404 habet

2561 5449 3037 5544 superficiem,
3084 5471 3239 5542 qum
3276 5447 3555 5516 lai-«leret
3592 5445 4062 5538 embryonem
4096 5444 4193 5514 sa-

2560 5563 2690 5635 rile
2730 5585 2746 5632 ε
2785 5569 3074 5658 propter
3132 5560 3324 5654 quod
3405 5559 3621 5627 etiam
3704 5556 3774 5625 in
3855 5580 3942 5626 ea
4011 5557 4193 5627 inter

2559 5675 2815 5771 pellem
2848 5676 3048 5770 pueri
3085 5684 3153 5743 et
3185 5671 3397 5742 telam
3432 5669 3732 5738 ‹lillusus
3762 5677 3868 5738 est
3900 5667 4187 5748 humor,

2559 5815 2771 5884 snper
2809 5812 3023 5883 quem
3058 5784 3359 5856 tenellus
3411 5782 3710 5877 embryo
3744 5783 4001 5852 leniter
4040 5780 4189 5851 ele-

2559 5912 2765 5974 vetur
2819 5925 2861 5970 a
2920 5906 3251 5969 contactu
3305 5895 3619 5966 matricis
3658 5920 3674 5966 :
3711 5903 3780 5966 ct
3829 5894 3982 5965 lia-e
4049 5890 4187 5961 tela
