4919 6371
2020 459 2186 526 Lm.
2244 460 2301 527 ΙΙ
2349 461 2467 528 ,ΠΕ
2515 460 3101 540 ANIMALIBUS,
3154 464 3464 534 TRACT.
3520 465 3549 531 Ι

4264 467 4390 535 167

1159 634 1350 699 mina
1406 627 1685 718 quidem
1735 631 1805 696 in
1855 629 1987 698 hoc
2032 654 2277 722 genere
2326 654 2463 699 non
2507 630 2708 697 habet
2823 631 2995 695 riam
3063 632 3357 719 attingit.
3404 631 3676 699 Cornua
3715 657 3876 701 vero
3909 637 4254 725 equicervi
4285 637 4388 703 si-

1158 758 1440 813 cornua,
1486 744 1552 801 et
1596 744 1700 805 est
1728 738 2126 827 quantitatis
2157 738 2359 813 cervi,
2398 745 2464 802 et
2502 735 2707 801 habet
2820 735 3010 801 milia
3040 743 3198 806 sunt
3230 735 3552 803 cornibus
3584 736 3873 806 hinnuli.
3911 740 4030 808 Est
4059 744 4243 809 enim
4274 765 4385 811 so·

1156 843 1363 910 duros
1400 842 1621 908 crines
1653 843 1788 910 [ere
1819 844 1994 911 sicut
2022 867 2160 920 suS,
2190 846 2286 908 ita
2315 840 2498 929 quod
2536 848 2709 906 seta-

2820 838 3035 906 lidum
3093 865 3470 921 ramosum,
3531 844 3699 909 sicut
3771 865 3982 912 cornu
4026 850 4207 916 corvi
4265 848 4378 916 vel

1153 971 1263 1017 ces
1303 948 1476 1016 siunt
1516 949 1597 1016 de
1627 949 1956 1028 crinibuS,
1998 951 2173 1015 sicut
2211 948 2293 1014 de
2341 948 2500 1014 setis
2537 968 2705 1036 por-
2818 946 3110 1015 hinnuli.
3195 948 3333 1017 Sed
3388 950 3594 1041 stipes
3637 949 3819 1019 unde
3857 954 4249 1042 procedunt
4277 979 4382 1026 ra-

1152 1078 1391 1123 corum
1423 1057 1508 1124 de
1540 1057 1789 1147 quibus
1815 1057 2108 1146 pectitur
2144 1054 2388 1133 linum,
2432 1064 2498 1122 et
2547 1058 2704 1145 qui·
2816 1055 2938 1139 mi,
2982 1055 3206 1123 differt
3245 1079 3283 1122 a
3312 1058 3538 1146 stipite
3570 1080 3782 1125 cornu
3814 1060 4020 1126 cervi.
4057 1059 4236 1138 Quia
4254 1064 4374 1128 sti-

1148 1161 1276 1230 bus
1306 1164 1586 1253 quidam
1610 1168 1893 1253 pectunt
1932 1161 2152 1250 capita
2183 1184 2328 1229 sua.
2366 1160 2496 1229 Pili
2518 1163 2699 1229 enim

1150 1273 1334 1363 longi
1403 1281 1565 1339 sunt
1618 1272 1689 1336 in
1756 1272 2185 1338 extremitate
2277 1269 2697 1361 spatularum

1145 1382 1316 1470 ejus,
1360 1390 1427 1448 et
1458 1380 1904 1446 inveniuntur
1934 1379 2137 1445 etiam
2179 1381 2320 1447 istae
2358 1401 2577 1447 vaccae
2626 1381 2696 1446 in

1151 1487 1411 1554 Graecia
1466 1489 1538 1553 in
1593 1487 1946 1576 provincia
1980 1509 2132 1577 quae
2178 1487 2422 1555 dicitur
2449 1486 2697 1553 Phasi-

1140 1590 1308 1669 desi,
1342 1598 1411 1657 et
1437 1599 1674 1659 contra
1702 1600 1957 1658 terram
2007 1600 2322 1659 vocatam
2371 1590 2688 1670 Arantas‚

1137 1717 1288 1787 quoe
1324 1704 1427 1763 est
1456 1705 1636 1764 terra
1667 1695 2109 1764 Parthorum.
2145 1695 2223 1762 ln
2265 1695 2690 1763 silvestribus

1135 1805 1318 1872 enim
1383 1805 1659 1872 illarum
1710 1814 2047 1872 terrarum
2116 1813 2396 1872 manent
2469 1825 2690 1872 vaocae

1135 1920 1434 2003 agrestes
1501 1911 1734 1980 multae
1800 1922 1868 1979 et
1916 1914 2312 1982 multorum.
2349 1911 2425 1978 In
2492 1913 2687 1980 terris

1134 2031 1363 2091 autem
1392 2022 1594 2091 nobis
1632 2025 1814 2092 notis
1837 2032 2016 2092 notae
2035 2032 2316 2091 manent
2337 2022 2452 2112 huj
2461 2045 2689 2091 usmo-

1135 2132 1199 2200 di
1256 2153 1483 2201 vaccae
1549 2134 1618 2200 in
1677 2133 1947 2201 Sclavia
2004 2141 2074 2202 et
2124 2134 2418 2225 Ungaria
2447 2156 2686 2202 versus

1132 2249 1348 2307 terras
1378 2240 1848 2308 Comanorum
1870 2249 1937 2309 et
1959 2239 2363 2310 Sclavorum
2403 2240 2472 2308 in
2494 2241 2684 2309 silvis

1132 2350 1475 2416 maximis,
1524 2349 1717 2416 Scias
1775 2358 2029 2429 autem,
2093 2350 2279 2441 quod
2307 2350 2683 2426 secundum

1127 2456 1484 2524 veritatem
1565 2458 1973 2546 cquicervus
2033 2463 2137 2526 est
2200 2465 2402 2523 notus
2482 2455 2681 2525 valdo

1125 2564 1303 2653 apud
1362 2586 1516 2643 nos,
1567 2573 1636 2632 et
1683 2572 1787 2633 est
1815 2567 1884 2632 in
1917 2567 2133 2656 ligura
2171 2566 2379 2647 cervi,
2420 2564 2539 2632 sed
2577 2564 2683 2632 al-

1129 2672 1259 2737 tior
1326 2680 1424 2737 est
1483 2678 1547 2738 et
1606 2681 1891 2740 vocatur
1920 2673 2266 2765 aprilem:
2308 2681 2372 2740 et
2402 2671 2678 2762 quidam

1126 2776 1580 2844 ‹lomesticnnt
1644 2800 1804 2845 eum
1873 2778 2053 2870 apud
2094 2801 2244 2861 nos,
2278 2785 2347 2846 et
2373 2779 2680 2868 equitant

1126 2907 1282 2952 eum
1345 2907 1484 2952 uno
1541 2886 1651 2953 die
1702 2894 1973 2953 tantum
2028 2894 2357 2976 quantum
2388 2886 2677 2976 equitari

1127 3000 1347 3082 potest
1376 3016 1594 3083 equus
1612 2993 1684 3060 in
1714 2994 1931 3061 tribus
1962 2993 2225 3061 diebus.

1214 3099 1400 3167 lnter
1458 3102 1755 3192 agrestia
1803 3110 2036 3168 autem
2104 3099 2425 3168 animalia
2455 3106 2523 3168 et
2560 3099 2680 3167 do-

1126 3210 1403 3277 mestica
1444 3210 1514 3277 in
1554 3232 1807 3300 genere
1827 3210 2035 3277 boum
2069 3208 2421 3279 diversitas
2452 3218 2555 3279 est
2582 3220 2680 3278 ta-

1121 3314 1228 3394 lis,
1272 3313 1496 3406 qualis
1552 3326 1656 3384 est
1707 3320 1887 3385 inter
1931 3338 2216 3407 porcum
2246 3326 2580 3408 agrestem
2610 3324 2678 3385 et

1118 3422 1601 3503 domesticum,
1636 3447 1790 3517 quae
1817 3424 2124 3514 ejusdem
2140 3426 2385 3517 speciei
2417 3432 2488 3493 et
2504 3425 2678 3516 tigu-

1117 3553 1207 3599 ω
1242 3554 1392 3600 ease
1448 3531 1792 3601 videntur.
1827 3532 1996 3601 Fere
2051 3533 2236 3602 enim
2284 3551 2493 3601 omne
2521 3532 2677 3601 ani-

1116 3640 1248 3708 mal
1278 3640 1737 3710 domesticum
1767 3642 2117 3710 invenitur
2139 3642 2348 3711 etiam
2377 3650 2667 3734 agreste.

1115 3746 1571 3817 Inveniuntur
1623 3748 1812 3821 enim
1872 3749 1944 3816 in
1972 3770 2223 3840 genere
2249 3748 2458 3816 boum
2487 3748 2673 3840 nigri

1120 3856 1381 3945 magni,
1440 3858 1556 3946 qui
1609 3854 1853 3923 bubali
1902 3879 1941 3923 n
1973 3856 2378 3946 quibusdam
2407 3878 2670 3926 vocan-

1115 3969 1250 4040 tur,
1327 3970 1395 4030 et
1454 3961 1637 4053 apud
1686 3987 1812 4030 nos
1867 3974 2202 4031 vocantur
2245 3975 2557 4032 voe-rent:
2603 3974 2672 4033 et

1113 4069 1219 4138 isti
1250 4079 1413 4138 suut
1441 4070 1654 4139 fortes
1680 4071 1906 4151 valde,
1957 4073 2053 4139 ita
2104 4072 2288 4163 quod
2340 4072 2672 4142 ventilant

1109 4176 1436 4249 cornibus
1465 4176 1823 4247 hominem
1852 4182 1922 4246 et
1957 4201 2212 4270 equum
2271 4179 2513 4260 ¹simul,
2550 4220 2553 4227 ·
2593 4190 2663 4250 et

1016 4289 1034 4307 ⁴
1107 4285 1244 4353 tere
1275 4284 1688 4376 adaequatur
1714 4287 2078 4378 quantitati
2117 4288 2348 4379 magni
2383 4287 2671 4357 dextra·

1107 4395 1234 4462 rii:
1268 4403 1335 4461 et
1362 4391 1572 4463 facies
1609 4392 1886 4463 illorum
1919 4393 2131 4462 boum
2167 4394 2666 4487 aliquantulum

1107 4499 1403 4568 declinat
1459 4501 1770 4580 interius,
1840 4504 1933 4569 ita
1977 4501 2165 4591 quod
2216 4503 2664 4571 eminentiam

1106 4605 1365 4676 habent
1393 4630 1605 4699 super
1631 4608 1935 4679 mediam
1970 4607 2226 4683 lineam
2259 4609 2668 4681 descenden-

1105 4723 1244 4783 tem
1312 4716 1520 4783 inter.
1548 4714 1836 4786 oculos:
1915 4724 1984 4785 et
2036 4714 2399 4797 declinatio
2467 4741 2664 4787 arcus

1020 4898 1027 4906 ,
1107 4820 1293 4890 illius
1330 4829 1435 4891 est
1471 4843 1713 4891 versus
1739 4844 1846 4897 oz.
1878 4829 1946 4890 et
1962 4844 2201 4891 venus
2226 4820 2524 4895 frontem
2541 4823 2666 4893 de·

1107 4927 1387 4995 clinatio
1455 4926 1589 4995 alia
1655 4936 1719 4996 et
1797 4928 2092 4997 elevatio
2159 4930 2229 4998 in
2305 4930 2557 5015 medie,
2596 4940 2665 5001 et

1108 5054 1371 5102 cornua
1401 5029 1659 5103 halant
1699 5034 2003 5103 maxima
2035 5034 2390 5106 incurvata
2439 5043 2666 5128 poste·

1111 5142 1279 5220 rius.
1350 5150 1428 5209 ut
1489 5164 1652 5210 cum
1704 5143 1809 5211 eis
1864 5142 2128 5233 possint
2179 5143 2536 5215 ventilare:
2595 5153 2663 5213 et

1108 5258 1264 5318 sunt
1296 5248 1517 5317 multa
1550 5271 1804 5340 genera
1835 5251 1903 5317 in
1954 5249 2082 5318 hoc
2129 5274 2404 5343 genere.
2466 5252 2663 5333 Qum·

1104 5355 1261 5424 dum
1322 5357 1510 5424 enim
1578 5354 1833 5424 habent
1886 5380 2144 5426 cornua
2192 5357 2327 5427 alta
2356 5359 2563 5452 longa
2591 5368 2660 5429 et

1107 5484 1387 5553 magna,
1421 5471 1489 5531 et
1526 5462 1842 5554 quaedam
1875 5461 2129 5532 habent
2165 5464 2396 5534 brevia
2443 5468 2660 5557 spissa

1104 5579 1173 5640 et
1227 5570 1620 5640 tortis-inm.
1669 5574 1743 5640 131
1806 5573 1950 5641 liaec
1999 5596 2248 5664 genera
2297 5585 2455 5644 sunt
2496 5585 2658 5645 nota

1103 5677 1287 5769 apud
1350 5677 1637 5748 Sclavos
1684 5689 1751 5750 et
1806 5681 2115 5773 Ungaros
2155 5688 2222 5750 et
2289 5682 2361 5749 in
2387 5680 2659 5751 Alema-

1106 5786 1220 5854 nia
1269 5786 1341 5854 in
1398 5809 1479 5855 ea
1539 5796 1728 5879 parte
1776 5789 1892 5857 ubi
1935 5788 2277 5858 Sclaviam
2313 5797 2379 5858 et
2417 5789 2656 5883 Unga-

2812 1183 2931 1250 pes
2969 1184 3180 1230 cornu
3212 1163 3397 1230 cervi
3426 1171 3528 1232 est
3565 1164 3921 1233 rotundus.
3983 1166 4209 1257 Stipes
4238 1190 4371 1236 au-

2809 1274 2950 1334 tem
3008 1289 3223 1336 cornu
3280 1269 3648 1358 equicervi,
3700 1280 3803 1337 est
3831 1271 4009 1339 latus
4040 1282 4106 1340 et
4132 1275 4361 1342 tenuis

2808 1374 2982 1439 sicut
3022 1396 3230 1454 asser,
3274 1383 3341 1442 et
3380 1377 3450 1442 in
3490 1376 3622 1443 line
3653 1378 3899 1444 asseris
3944 1378 4203 1446 multos
4257 1382 4360 1448 si-

2807 1481 2954 1546 mul
2982 1481 3165 1568 ejicit
3193 1504 3447 1550 ramos.
3484 1482 3611 1549 Pili
3646 1493 3876 1551 autem
3925 1485 4157 1553 caudae
4206 1489 4364 1553 ani-

2801 1587 3089 1654 malium
3119 1588 3203 1656 de
3232 1589 3482 1679 quibus
3512 1589 3813 1657 diximus
3851 1593 4188 1681 superius,
4249 1592 4364 1662 di-

2800 1696 2981 1762 versi
3020 1698 3280 1765 suntin
3327 1696 3764 1766 multitudine
3814 1708 3882 1767 et
3911 1701 4251 1791 paucitate
4291 1710 4360 1770 et

2797 1805 3133 1892 parvitate
3181 1813 3249 1873 et
3296 1805 3723 1896 longitudine
3781 1807 3927 1874 sive
4007 1809 4362 1898 magnitu-

2796 1909 2979 1979 dine.

2886 2035 3142 2105 Cameli
3198 2053 3363 2106 vero
3420 2037 3674 2107 habent
3741 2041 4130 2109 membrum
4182 2063 4354 2134 pro-

2792 2145 3046 2233 prium,
3089 2145 3276 2236 quod
3301 2167 3443 2214 non
3483 2147 3734 2215 habent
3782 2148 3911 2216 alia
3960 2149 4282 2218 animalia
4327 2173 4343 2216 ε

2791 2257 2859 2318 et
2924 2249 3069 2319 hoec
3134 2259 3233 2319 est
3272 2251 3647 2344 gibbositas
3679 2254 3862 2323 ‹lorsi
3895 2255 4043 2323 sui:
4087 2264 4155 2324 et
4184 2256 4348 2348 qui-

2790 2358 2950 2426 dam
3013 2359 3257 2428 carneli
3324 2360 3579 2430 habent
3626 2363 3909 2451 gibbum
3983 2385 4226 2443 unum,
4279 2374 4348 2432 et

2788 2465 3068 2555 quidam
3126 2468 3300 2536 duos
3375 2470 3490 2558 qui
3525 2479 3900 2536 nascuntur
3927 2471 3999 2536 in
4032 2470 4184 2538 loco
4226 2472 4347 2560 qui

2786 2574 3036 2641 dicitur
3101 2574 3385 2642 Bubaci.
3466 2574 3549 2641 Et
3594 2575 3893 2644 smminae
3919 2576 4341 2644 camelorum

2786 2689 3082 2771 quatuor
3134 2679 3390 2749 habent
3446 2682 3787 2749 mamillas
3861 2685 4035 2752 sicut
4083 2705 4333 2761 vaccae,

2784 2783 2916 2853 hoc
2945 2794 3070 2867 est,
3107 2794 3402 2875 quatuor
3429 2808 3640 2854 conos
3679 2788 3822 2854 sive
3863 2787 4149 2878 papulas
4194 2809 4342 2855 ma-

2785 2891 3183 2960 millarum:
3247 2893 3367 2960 sed
3418 2893 3647 2960 cauda*
3717 2894 4140 2962 camelorum
4181 2901 4348 2962 sunt

2783 3003 2958 3068 sicut
3006 3001 3240 3069 caudoe
3281 3003 3670 3070 asinorum:
3716 3012 3784 3070 et
3826 3025 4063 3071 eorum
4123 3004 4340 3094 virgae

2782 3129 3129 3177 conversae
3169 3117 3326 3176 sunt
3382 3112 3723 3201 posterius
3751 3133 3876 3202 per
3923 3133 4339 3178 conversum

2782 3216 3066 3285 modum
3095 3219 3408 3286 omnium
3434 3218 3837 3286 animalium
3868 3242 3883 3287 ε
3915 3229 3986 3288 et
4015 3223 4082 3287 in
4115 3219 4341 3311 quoli-

2780 3323 2894 3391 bet
2920 3324 3222 3391 crurium
3262 3347 3544 3392 suorum
3573 3334 3675 3393 est
3714 3349 3892 3415 genu
3935 3349 4153 3394 unum
4205 3349 4338 3395 an-

2780 3430 3015 3509 terius,
3049 3439 3116 3499 et
3156 3433 3226 3498 in
3265 3440 3558 3524 utroque
3585 3433 3757 3523 pedo
3784 3442 3890 3501 est
3926 3430 4146 3501 cahab
4180 3433 4329 3502 sive

2778 3538 3161 3616 calcaneus,
3191 3547 3262 3606 et
3287 3538 3422 3607 hoc
3457 3548 3561 3607 est
3581 3538 3805 3608 simile
3834 3539 4155 3609 calcaneo
4176 3561 4339 3609 vae·

2778 3668 2870 3712 cae
2897 3668 2910 3711 :
2949 3655 3011 3711 vt
3034 3653 3140 3712 est
3166 3644 3523 3714 calcaneus
3559 3648 3709 3735 ejus
3735 3669 3990 3738 parvus
4020 3656 4330 3739 respectu

2775 3749 2988 3817 totius
3035 3750 3344 3841 corporis
3382 3751 3531 3839 ejus
3562 3774 3577 3818 ε
3610 3757 3676 3819 et
3706 3752 3851 3842 ipse
3881 3761 4066 3821 totus
4091 3774 4331 3821 came-

2775 3856 2882 3925 lue
2919 3865 3023 3925 est
3056 3858 3276 3949 turpis
3304 3867 3644 3950 aspectus.
3678 3859 3924 3928 Adhuc
3951 3868 4181 3929 autem
4208 3882 4325 3951 pe·

2773 3962 2895 4031 «les
2956 3962 3380 4032 camelorum
3435 3966 3576 4032 tissi
3634 3974 3796 4033 sunt
3832 3966 3901 4033 in
3932 3965 4099 4049 duo.
4123 3973 4193 4034 et
4217 3988 4328 4034 ca·

2774 4076 2926 4138 rent
2974 4067 3296 4137 dentibus
3350 4071 3422 4138 iu
3489 4070 3885 4139 mandibula
3959 4072 4324 4163 superiori.

2779 4175 3132 4245 Posterius
3148 4183 3381 4245 autem
3414 4177 3482 4246 in
3521 4178 3662 4246 suis
3687 4176 3975 4270 pedibus
4020 4187 4121 4248 est
4184 4177 4323 4247 ali-

2775 4292 3038 4376 quanta
3060 4283 3329 4352 fissura.
3366 4284 3504 4353 Sed
3540 4283 3793 4373 digitos
3845 4286 4043 4355 fissos
4069 4286 4142 4355 in
4180 4284 4319 4355 illis

2773 4390 3063 4482 pedibus
3089 4392 3447 4484 conjungit
3476 4393 3766 4470 corium,
3799 4393 3973 4461 sicut
4005 4392 4192 4484 quod
4218 4402 4326 4462 est

2767 4497 2947 4566 inter
2999 4497 3251 4588 digitos
3316 4499 3574 4567 anseris
3639 4499 3920 4568 divisos.
3967 4499 4113 4567 Sub
4149 4498 4326 4591 pede

2767 4613 3000 4674 autem
3022 4625 3153 4674 suo
3181 4614 3284 4674 eat
3314 4604 3545 4697 planta
3602 4605 3836 4674 mult-‘n
3889 4607 4328 4675 carnositatis

2768 4714 2943 4782 sicut
3011 4713 3078 4780 in
3126 4712 3358 4803 planta
3409 4715 3586 4782 ursi:
3622 4722 3903 4807 propter
3932 4714 4119 4806 quod
4154 4737 4316 4783 cum

2767 4818 3016 4889 vehere
3072 4820 3319 4890 debent
3405 4845 3611 4890 onera
3651 4821 3721 4890 in
3766 4830 4065 4889 remotas
4114 4831 4328 4889 terras

2769 4950 2890 5019 per
2938 4949 3214 5019 asperas
3267 4929 3441 5008 vias,
3489 4938 3821 5020 parantur
3846 4929 3945 4995 eis
3982 4926 4189 4996 calcei
4244 4926 4330 4996 de

2770 5035 2959 5105 corio
2995 5033 3184 5119 forti,
3217 5044 3294 5103 ut
3319 5037 3666 5106 auferatur
3689 5034 4039 5127 apodibus
4075 5055 4320 5104 eorum

2762 5141 2960 5212 dolor
2985 5143 3356 5212 attritionis
3392 5167 3476 5214 ex
3515 5146 3781 5212 itinere.

2857 5247 3074 5317 Pedes
3103 5250 3288 5319 enim
3341 5253 3653 5320 omnium
3684 5250 3979 5318 aliorum
4013 5249 4324 5343 quadru-

2764 5356 3053 5450 pedum,
3084 5358 3293 5426 creati
3353 5368 3513 5426 sunt
3574 5380 3661 5426 ex
3705 5358 3978 5426 ossibus
4004 5356 4320 5450 plurimis

2762 5476 2834 5535 et
2867 5466 3096 5535 nervis
3123 5464 3413 5536 fortibus
3447 5476 3511 5535 et
3541 5489 3759 5560 pauca
3798 5471 4028 5549 carue,
4060 5474 4128 5534 et
4155 5465 4316 5534 ani-

2761 5573 3047 5644 malium
3076 5573 3408 5665 bipedum
3445 5577 3762 5645 similiter
3788 5586 4034 5667 praeter
4087 5571 4315 5643 solum

2761 5680 3118 5752 hominem
3144 5704 3167 5749 ε
3203 5690 3273 5752 et
3299 5683 3452 5753 ideo
3478 5705 3621 5753 non
3651 5685 3746 5754 ita
3773 5707 3861 5753 ex
3907 5681 4143 5751 labore
4181 5680 4317 5748 vite

2759 5798 3147 5862 atteruntur
3172 5791 3380 5884 pedes
3415 5814 3654 5862 eorum
3718 5794 3896 5861 sicut
3939 5787 4185 5858 cameli
4246 5795 4320 5856 et
