4919 6371
687 337 814 405 400

686 511 752 570 to
797 502 1067 592 pedum,
1112 506 1176 564 et
1225 506 1325 563 est
1370 497 1622 576 brevffl,
1669 501 1733 561 et
1782 493 1986 561 habet
2041 516 2234 561 crura

685 608 818 674 alta
847 607 1019 672 sicut
1058 626 1312 679 musca,
1358 612 1424 671 et
1462 604 1650 671 foetet
1693 600 1984 668 multum
2028 622 2234 689 quan·

681 712 766 778 do
821 709 1203 799 rumpitur:
1237 711 1510 778 etfama
1563 719 1690 786 est,
1744 705 1928 799 quod
1982 704 2230 771 animal

679 815 1039 885 comedens
1083 840 1264 898 eum,
1344 820 1699 887 inflatione
1760 813 2228 902 disrumpitur,

678 931 742 991 et
813 927 1146 1017 praecipue
1211 950 1477 1020 equus:
1516 935 1583 994 et
1633 920 1909 1014 quando
1968 922 2233 988 mordet

676 1053 950 1122 equum,
986 1032 1325 1102 contrahit
1352 1035 1639 1100 vesicas.
1688 1028 1809 1095 Est
1853 1028 2057 1094 etiam
2089 1028 2231 1118 apis

674 1161 909 1208 crocea
964 1140 1141 1230 apud
1174 1161 1323 1220 nOS,
1360 1148 1425 1206 et
1480 1137 1682 1204 valde
1729 1157 2004 1224 magna,
2041 1142 2105 1200 et
2136 1134 2233 1201 in-

675 1249 958 1318 sidiatur
986 1250 1178 1339 equis
1216 1271 1230 1315 2
1265 1256 1332 1315 et
1359 1255 1792 1338 compertum
1825 1253 1928 1312 est
1953 1245 2224 1334 saepiuS,

674 1357 857 1447 quod
909 1354 1177 1445 quando
1232 1353 1459 1444 plures
1518 1376 1757 1422 earum
1816 1350 2232 1419 conveniunt

672 1465 847 1531 circ-a
875 1483 1153 1552 equum,
1215 1470 1581 1554 punguunt
1612 1483 1799 1538 eum,
1853 1465 1918 1525 et
1971 1458 2229 1526 vesicas

676 1565 1036 1649 contrahit,
1071 1591 1154 1637 ex
1185 1568 1433 1659 quibus
1472 1588 1654 1658 saepe
1686 1565 2000 1634 moritur.

765 1672 948 1742 Scire
986 1684 1213 1744 autem
1244 1699 1483 1744 omnes
1514 1674 1639 1743 has
1687 1672 2120 1742 infirmitates
2160 1679 2226 1737 et

673 1781 1128 1852 medicamina
1158 1807 1493 1874 equorum
1526 1783 1614 1852 ad
1648 1781 1966 1872 peritiam
2015 1780 2227 1870 perti-

669 1901 783 1959 net
812 1890 1247 1961 mareschalci
1279 1894 1580 1984 proprie,
1616 1899 1683 1960 et
1722 1889 1806 1957 de
1835 1886 1942 1956 his
1970 1910 2098 1956 nos
2153 1889 2221 1954 in

668 1994 927 2066 ultimis
946 1997 1148 2088 hujus
1177 2000 1473 2067 scientiae
1494 1997 1689 2066 libris
1699 2016 2218 2088 prosequemur.

667 2103 988 2174 Referunt
1016 2107 1201 2175 enim
1229 2109 1700 2198 experitiores‚
1748 2101 1931 2193 quod
1986 2125 2223 2170 omnes

666 2211 1091 2283 infirmitates
1121 2236 1274 2306 quae
1305 2214 1710 2282 hominibus
1739 2210 2082 2289 accidunt,
2117 2233 2224 2278 ac-

661 2322 892 2390 cidunt
929 2331 996 2390 et
1024 2324 1216 2414 equis
1236 2333 1302 2392 et
1328 2323 1577 2392 ovibus
1605 2346 1621 2391 ε
1657 2320 2008 2390 multoties
2035 2321 2217 2386 enim

661 2431 831 2498 sicut
868 2430 1205 2510 homines,
1249 2432 1341 2499 ita
1399 2435 1796 2501 moriuntur
1843 2436 1908 2496 et
1947 2429 2103 2520 eqni
2154 2433 2218 2495 et

660 2559 822 2605 oves
877 2561 1165 2617 veneno,
1209 2546 1326 2606 aut
1364 2563 1447 2607 ex
1503 2535 1873 2606 venenosis
1903 2533 2219 2603 humori-

658 2640 785 2712 bus
821 2646 1210 2736 putrefactis
1239 2646 1308 2713 in
1366 2670 1681 2739 corpore.
1720 2641 2055 2711 Similiter
2088 2666 2216 2710 au-

657 2758 793 2819 tem
834 2753 886 2819 si
918 2752 1218 2820 olfecerit
1260 2776 1436 2845 equa
1494 2755 1944 2843 impraegnata
2001 2749 2214 2817 colle-

655 2859 949 2925 ctionem
980 2879 1300 2948 magnam
1368 2858 1813 2927 candelarum
1854 2857 2214 2923 exstincta-

653 2986 830 3046 rum,
873 2964 1201 3034 abortiet:
1238 2975 1305 3034 et
1351 2964 1483 3035 hoc
1554 2967 1765 3034 etiam
1838 2961 2209 3054 aliquando

654 3072 1052 3142 mulieribus
1081 3074 1323 3143 accidit
1355 3074 1849 3167 impraegnatis.
1897 3071 2048 3139 Istae
2088 3072 2210 3163 igi·

649 3189 762 3250 tur
832 3190 989 3250 sunt
1044 3190 1111 3252 et
1151 3181 1408 3251 similes
1483 3181 1922 3252 infirmitates
1989 3203 2208 3271 equo-

649 3312 823 3385 rum.

730 3396 974 3466 Adhuc
1012 3407 1246 3468 autem
1285 3397 1341 3466 si
1373 3398 1716 3467 adhaereat
1757 3394 1964 3486 pullis
1997 3417 2203 3487 equa·

647 3524 823 3587 rum,
861 3503 931 3571 id
989 3504 1171 3595 quod
1227 3515 1518 3574 vocatur
1575 3508 1975 3581 icomenem,
2021 3501 2206 3594 quod

647 3618 747 3678 est
797 3610 1112 3702 pellicula
1159 3613 1548 3683 secundinae
1607 3634 1834 3704 equae,
1892 3610 2206 3680 lambunt

645 3715 809 3785 illud
847 3715 1078 3810 lingua
1106 3742 1255 3802 sua,
1298 3727 1365 3788 et
1391 3719 1770 3789 comedunt
1818 3717 2069 3809 ipsum,
2137 3727 2203 3788 et

645 3822 963 3892 mulieres
1011 3824 1481 3895 incantatrices
1567 3822 1848 3919 quando
1918 3831 2203 3915 possunt

645 3930 896 4001 habere
951 3932 1107 4013 hoc,
1175 3957 1333 4002 cum
1386 3932 1515 4003 hoc
1579 3933 1841 4002 faciunt
1890 3931 2200 4022 quaedam

639 4041 941 4108 carmina
998 4041 1564 4122 incantationum,
1638 4038 1892 4132 quibus
1953 4061 2204 4129 provo-

641 4158 795 4216 cant
825 4157 1136 4240 parentes
1174 4149 1256 4218 ad
1299 4149 1740 4221 dilectionem
1795 4146 2194 4216 infantium:

641 4265 706 4323 et
737 4254 876 4325 haec
897 4259 1200 4325 carmina
1226 4265 1427 4326 vocat
1452 4254 1866 4325 Aristoteles
1886 4263 2201 4347 corrupte

633 4362 1033 4455 proverbia:
1069 4372 1133 4433 et
1172 4362 1314 4433 haec
1345 4372 1445 4432 est
1475 4364 1680 4455 culpa
1711 4384 1853 4429 non
1893 4359 2203 4431 Philoso-

637 4468 783 4561 phi,
815 4470 931 4540 sed
971 4472 1116 4561 ejus
1144 4474 1260 4564 qui
1283 4472 1633 4542 transtulit
1667 4469 1925 4539 librum
1967 4470 2036 4539 in
2068 4469 2202 4538 La-

638 4578 879 4644 tinum.
924 4579 1029 4646 Ab
1060 4580 1253 4671 equis
1275 4581 1458 4649 enim
1490 4580 1632 4650 exit
1674 4577 1761 4646 ad
1793 4584 2095 4667 partum,
2131 4577 2198 4645 id

639 4682 821 4775 quod
865 4694 1151 4754 vocatur
1180 4687 1555 4777 kolaydon,
1591 4686 1725 4756 hoc
1765 4693 1894 4765 est,
1950 4705 2200 4754 secun-

639 4789 821 4873 dina,
854 4798 917 4859 et
949 4793 1226 4884 sanguis
1267 4795 1625 4871 menstrui,
1661 4791 1850 4887 qnod
1902 4791 2195 4861 multum

639 4908 946 4990 quaerunt
977 4902 1157 4992 magi
1192 4900 1278 4969 ad
1336 4897 1858 4977 incantandum,
1893 4900 2064 4968 sicut
2130 4908 2194 4969 et

639 5015 1032 5096 quaeruntur
1066 5008 1455 5078 secundina*
1495 5015 1869 5078 cattorum.

726 5109 1037 5201 Amplius
1101 5120 1328 5181 autem
1387 5112 1632 5181 accidit
1691 5109 1893 5201 equis
1928 5131 2192 5203 cogno-

636 5236 820 5285 scere
854 5217 1198 5288 hinnitum
1228 5220 1385 5311 equi
1423 5242 1584 5289 cum
1626 5238 1770 5309 quo
1821 5215 2193 5309 aliquando

636 5327 987 5413 pugnavit.
1023 5327 1460 5395 Delectantur
1507 5326 1721 5394 etiam
1780 5323 1939 5413 equi
2013 5333 2192 5395 stare

633 5428 701 5496 in
760 5433 969 5521 pratis
1033 5442 1095 5503 et
1164 5435 1384 5527 aquis,
1446 5442 1512 5503 et
1574 5431 1904 5501 libentius
1954 5441 2192 5523 potant

631 5557 878 5626 aquam
916 5542 1299 5611 turbidam:
1335 5551 1402 5611 et
1439 5543 1500 5610 si
1528 5539 1740 5610 fuerit
1771 5537 1987 5625 clara,
2045 5550 2196 5611 tur-

632 5643 793 5713 bant
858 5668 1006 5714 eam
1073 5648 1244 5739 pede
1309 5658 1384 5719 ut
1439 5648 1758 5741 grossior
1816 5645 1978 5716 fiat:
2014 5672 2194 5742 aqua

1682 328 1768 394 D.
1822 323 2023 391 ALB.
2078 322 2291 390 MAG.
2348 323 2556 392 ORD.
2610 324 2906 395 PRAED.

2343 494 2527 559 enim
2559 493 2736 561 clara
2778 517 2899 560 sua
2931 492 3301 560 subtilitate
3354 495 3558 562 nimis
3600 506 3906 585 penetrat

2338 603 2600 668 viscera
2623 611 2689 669 et
2716 602 2961 668 intima
2988 602 3297 690 ipsorum
3332 625 3347 668 :
3377 612 3442 670 et
3494 604 3902 696 infrigidan-

2341 717 2448 776 tur
2469 733 2553 777 ex
2569 732 2671 788 ea,
2707 718 2773 777 et
2801 710 3157 778 incurrunt
3183 720 3548 778 tremorem
3578 735 3592 779 :
3623 721 3685 779 et
3706 724 3899 803 post-

2339 842 2544 910 quam
2595 822 2980 910 potaverint
3036 821 3216 911 equi,
3269 819 3556 888 libenter
3595 830 3829 890 natant
3876 845 3891 889 :

2336 925 2469 993 hoc
2507 929 2690 993 enim
2723 926 2975 993 animal
3011 927 3300 994 multum
3341 926 3559 1018 diligit
3587 928 3657 994 in
3717 951 3894 1019 aqua

2335 1040 2571 1099 natare
2611 1041 2676 1100 et
2704 1040 2922 1100 stare:
2961 1040 3028 1100 et
3056 1032 3207 1100 ideo
3240 1033 3443 1100 etiam
3469 1034 3625 1124 equi
3658 1034 3897 1102 fluvia-

2336 1139 2417 1207 lis
2450 1140 2576 1206 fuit
2604 1139 2748 1209 haec
2787 1139 3170 1232 dispositio,
3196 1141 3381 1231 quod
3419 1141 3621 1231 piscis
3651 1142 3891 1209 similis

2337 1255 2436 1315 est
2478 1270 2653 1338 equo
2712 1248 2847 1316 fere
2898 1249 2969 1315 in
3025 1248 3370 1316 omnibus.
3403 1248 3608 1315 Tauri
3657 1237 3885 1316 autem

2337 1356 2562 1448 quoad
2601 1366 2839 1445 potum
2869 1379 3066 1450 aquae
3096 1365 3256 1424 sunt
3284 1358 3638 1425 contrariae
3669 1357 3891 1447 dispo-

2333 1463 2597 1530 sitionis
2632 1486 2647 1530 z
2684 1464 3011 1553 quoniam
3077 1464 3208 1530 nisi
3260 1462 3462 1531 fuerit
3490 1486 3665 1554 aqua
3694 1462 3887 1530 valde

2333 1570 2537 1649 clara,
2571 1594 2708 1639 non
2727 1578 2968 1639 curant
2990 1579 3227 1662 potare
3256 1593 3432 1639 eam.

2421 1679 2612 1746 Asini
2644 1686 2870 1746 autem
2903 1679 2972 1745 in
3004 1679 3248 1769 majori
3287 1685 3478 1770 parte
3526 1677 3884 1746 infirman-

2329 1795 2442 1855 tur
2473 1810 2606 1854 una
2643 1785 3068 1865 infirmitate,
3114 1808 3269 1877 quae
3329 1785 3619 1853 Arabice
3677 1808 3887 1854 voca-

2329 1903 2438 1961 tur
2468 1893 2804 1971 inilidem,
2840 1892 3079 1961 Latine
3108 1914 3273 1960 vero
3305 1892 3695 1959 catarrhus.
3732 1891 3882 1959 Me-

2329 1999 2782 2068 lancholicum
2822 2001 3006 2069 enim
3046 2007 3146 2068 est
3177 1997 3455 2078 animal,
3491 2005 3556 2075 et
3585 2020 3669 2065 ex
3697 1998 3883 2089 frigi-

2327 2107 2535 2176 ditate
2575 2105 2908 2175 stomachi
2965 2106 3193 2174 fumus
3240 2105 3498 2196 spissus
3555 2105 3882 2173 continue

2325 2223 2426 2284 est
2455 2214 2539 2282 ad
2570 2222 2795 2306 caput,
2840 2213 2957 2305 qui
2989 2213 3058 2281 in
3098 2212 3353 2281 cerebri
3387 2211 3750 2302 frigiditate
3809 2212 3878 2277 in

2326 2324 2808 2413 mucilaginem
2841 2343 3212 2390 conversus
3244 2318 3392 2387 fluit
3423 2317 3508 2386 ad
3559 2340 3780 2397 nares,
3816 2326 3883 2385 et

2322 2452 2478 2497 cum
2513 2429 2999 2519 multiplicatus
3028 2426 3228 2495 fuerit
3267 2426 3517 2505 fluxuS,
3575 2424 3877 2493 destituit

2321 2545 2386 2606 et
2428 2536 2711 2605 destruit
2758 2533 3131 2604 medullam
3177 2531 3460 2608 cerebri,
3506 2539 3573 2600 et
3600 2532 3875 2600 tandem

2318 2669 2477 2712 cum
2537 2643 2945 2734 mucilagine
3007 2641 3242 2732 incipit
3289 2639 3542 2707 fluere:
3607 2647 3672 2707 et
3718 2647 3878 2708 tunc

2319 2753 2612 2820 moritur
2640 2751 2895 2818 asinus.
2935 2749 3019 2817 Et
3041 2749 3201 2841 quia
3238 2748 3516 2839 spiritus
3538 2745 3878 2815 anhelitus

2315 2859 2608 2926 trahitur
2670 2880 2793 2949 per
2838 2879 3063 2935 nares,
3099 2854 3251 2922 ideo
3299 2854 3599 2944 graviter
3670 2855 3877 2945 spirat

2315 2967 2548 3033 asinus
2578 2965 2646 3031 in
2678 2962 2804 3033 hac
2831 2962 3252 3031 infirmitate.
3299 2958 3693 3052 Aliquando
3751 2982 3879 3028 au-

2315 3082 2450 3141 tem
2502 3071 2846 3142 descendit
2910 3071 2996 3140 ad
3039 3069 3441 3161 pulmonem
3486 3076 3553 3136 et
3592 3067 3875 3136 destruit

2313 3183 2537 3273 ipsum
2579 3180 2802 3249 calore
2831 3202 2957 3247 suo
2999 3174 3388 3254 innaturali,
3431 3176 3603 3245 sicut
3634 3184 3736 3244 est
3764 3200 3871 3246 ca-

2310 3291 2417 3360 lor
2447 3289 2912 3382 apostematis.
2948 3286 3204 3355 Asinus
3225 3292 3457 3354 autem
3506 3284 3660 3377 plus
3702 3308 3863 3353 sen-

2308 3400 2388 3466 tit
2415 3398 2630 3488 frigus
2668 3395 2990 3465 omnibus
3019 3391 3458 3474 animalibuS,
3502 3399 3567 3460 et
3601 3390 3753 3459 ideo
3796 3393 3862 3459 in

2307 3503 2716 3573 excellenter
2749 3501 3015 3595 frigidis
3044 3499 3438 3593 regionibns
3482 3521 3621 3568 non
3670 3498 3870 3566 inve-

2307 3612 2495 3680 nitur
2522 3611 2696 3680 sicut
2724 3612 2793 3680 in
2816 3608 3072 3678 Suevia
3111 3615 3177 3678 et
3207 3606 3482 3678 Gothia.
3520 3603 3598 3674 ln
3639 3607 3870 3675 omni-

2306 3720 2435 3788 bus
2464 3727 2692 3788 autem
2724 3717 3121 3811 regionibus
3167 3737 3321 3808 quae
3380 3720 3542 3784 sunt
3588 3714 3868 3804 majoris

2308 3826 2709 3907 latitudiniS,
2742 3847 2952 3918 quam
2982 3833 3248 3894 sextum
3283 3831 3384 3893 est
3412 3821 3642 3902 clima,
3674 3821 3867 3914 parvi

2305 3935 2504 4003 valde
2561 3942 2717 4002 sunt
2772 3932 2974 4009 asini,
3036 3931 3211 4000 sicut
3274 3930 3345 3997 in
3405 3928 3772 3998 Germania
3803 3935 3869 3994 et

2306 4042 2552 4120 Gallia,
2587 4049 2652 4109 et
2686 4063 2825 4110 non
2872 4040 3223 4108 invenitur
3257 4037 3329 4106 in
3377 4044 3557 4105 terra
3606 4035 3869 4104 Kaikar

2306 4157 2374 4218 et
2413 4148 2943 4238 septentrionis,
2978 4167 3134 4239 quae
3163 4152 3266 4214 est
3294 4152 3475 4212 terra
3518 4141 3857 4211 Livonum

2304 4266 2370 4327 et
2411 4255 2749 4326 Ostonum
2779 4261 2847 4322 et
2880 4251 3296 4322 Suedorum.

2393 4361 2888 4454 Elephantibus
2903 4368 3165 4441 autem,
3188 4366 3265 4428 ut
3293 4381 3499 4449 supra
3536 4356 3859 4435 diximus,

2303 4473 2545 4543 accidit
2617 4472 2922 4542 inflativa
3012 4469 3401 4552 infirmitas,
3489 4466 3867 4559 impediens

2301 4584 2516 4651 urinoe
2546 4581 2949 4669 ejectionem
2978 4586 3047 4647 et
3076 4577 3393 4648 stercoris
3427 4599 3444 4645 ε
3485 4582 3554 4645 et
3589 4574 3864 4667 quando

2300 4697 2553 4759 terram
2583 4685 2980 4763 comederit,
3016 4683 3374 4762 morietur,
3417 4682 3548 4750 nisi
3589 4680 3678 4750 ad
3732 4678 3865 4749 hoc

2300 4796 2503 4864 fuerit
2540 4816 2582 4863 a
2610 4790 3053 4885 generatione
3091 4797 3427 4859 assuetus.
3461 4786 3855 4880 Aliquando

2303 4905 2511 4972 etiam
2533 4900 2808 4991 elephas
2835 4896 3257 4989 transgluttit
3275 4894 3561 4987 lapides.
3596 4892 3861 4962 Accidit

2301 5009 2508 5078 etiam
2591 5003 2933 5097 elephanti
2983 5001 3183 5072 dolor
3220 5002 3741 5092 juncturarum:
3795 5004 3860 5066 et

2299 5123 2540 5184 contra
2602 5110 2733 5180 hoc
2792 5108 2976 5178 valet
3006 5109 3069 5179 ei
3113 5116 3318 5201 potus
3355 5127 3550 5199 aqnae
3590 5103 3851 5186 calidae,

2298 5232 2363 5292 et
2392 5220 2623 5291 herbae
2664 5217 3039 5287 submersas
3083 5218 3154 5287 in
3213 5214 3416 5285 melle
3484 5219 3849 5283 comestae:

2297 5328 2404 5398 ha·
2431 5327 2616 5396 enim
2646 5324 2796 5393 dnae
2819 5346 2927 5395 res
2951 5324 3218 5393 fluxum
3248 5320 3507 5391 ventris
3534 5317 3857 5409 elephan-

2294 5438 2383 5504 tis
2409 5433 2799 5527 prohibent.
2843 5431 3092 5501 Adhuc
3120 5436 3350 5499 autem
3388 5424 3663 5520 quando
3714 5425 3859 5495 ele·

2296 5543 2470 5636 phas
2497 5546 2788 5609 vexatur
2834 5560 2924 5607 ex
2956 5534 3440 5606 insomnietate
3465 5532 3700 5625 longa,
3742 5530 3854 5599 vel

2298 5652 2459 5745 quia
2479 5671 2618 5719 non
2647 5646 3005 5731 dormivit,
3027 5651 3375 5737 ungentur
3400 5665 3542 5713 suae
3571 5634 3858 5734 spatulae
