<?xml version="1.0" encoding="UTF-8"?>
<!DOCTYPE html PUBLIC "-//W3C//DTD XHTML 1.0 Transitional//EN"
    "http://www.w3.org/TR/xhtml1/DTD/xhtml1-transitional.dtd">
<html xmlns="http://www.w3.org/1999/xhtml" xml:lang="en" lang="en">
 <head>
  <title>
</title>
<meta http-equiv="Content-Type" content="text/html;charset=utf-8" />
  <meta name='ocr-system' content='tesseract 3.04.00' />
  <meta name='ocr-capabilities' content='ocr_page ocr_carea ocr_par ocr_line ocrx_word'/>
</head>
<body>
  <div class='ocr_page' id='page_1' title='image "balbertimagnira01chgoog_0172.png"; bbox 0 0 4919 6371; ppageno 0'>
   <div class='ocr_carea' id='block_1_1' title="bbox 575 361 700 428">
    <p class='ocr_par' dir='ltr' id='par_1_1' title="bbox 575 361 700 428">
     <span class='ocr_line' id='line_1_1' title="bbox 575 361 700 428; baseline -0.016 0"><span class='ocrx_word' id='word_1_1' title='bbox 575 361 700 428; x_wconf 83' lang='lat'>156</span> 
     </span>
    </p>
   </div>
   <div class='ocr_carea' id='block_1_2' title="bbox 550 526 2137 2406">
    <p class='ocr_par' dir='ltr' id='par_1_2' title="bbox 550 526 2137 2406">
     <span class='ocr_line' id='line_1_2' title="bbox 567 526 2125 622; baseline -0.001 -26"><span class='ocrx_word' id='word_1_2' title='bbox 567 539 726 598; x_wconf 90' lang='lat' dir='ltr'>sunt</span> <span class='ocrx_word' id='word_1_3' title='bbox 790 531 1052 622; x_wconf 70' lang='lat' dir='ltr'>frigidae</span> <span class='ocrx_word' id='word_1_4' title='bbox 1111 539 1178 595; x_wconf 89' lang='lat' dir='ltr'>et</span> <span class='ocrx_word' id='word_1_5' title='bbox 1211 527 1531 602; x_wconf 63' lang='lat' dir='ltr'>,humidae</span> <span class='ocrx_word' id='word_1_6' title='bbox 1570 526 1765 593; x_wconf 80' lang='lat' dir='ltr'>valde</span> <span class='ocrx_word' id='word_1_7' title='bbox 1804 550 1817 593; x_wconf 91' lang='lat'>:</span> <span class='ocrx_word' id='word_1_8' title='bbox 1871 535 1937 593; x_wconf 91' lang='lat' dir='ltr'>et</span> <span class='ocrx_word' id='word_1_9' title='bbox 1975 527 2125 595; x_wconf 90' lang='lat' dir='ltr'>ideo</span> 
     </span>
     <span class='ocr_line' id='line_1_3' title="bbox 571 632 2128 724; baseline -0.001 -20"><span class='ocrx_word' id='word_1_10' title='bbox 571 641 639 704; x_wconf 89' lang='lat' dir='ltr'>in</span> <span class='ocrx_word' id='word_1_11' title='bbox 688 638 1088 707; x_wconf 77' lang='lat' dir='ltr'>ebullitione</span> <span class='ocrx_word' id='word_1_12' title='bbox 1134 633 1315 724; x_wconf 87' lang='lat' dir='ltr'>chyli</span> <span class='ocrx_word' id='word_1_13' title='bbox 1366 635 1435 699; x_wconf 91' lang='lat' dir='ltr'>in</span> <span class='ocrx_word' id='word_1_14' title='bbox 1468 632 1707 724; x_wconf 79' lang='lat' dir='ltr'>hepate</span> <span class='ocrx_word' id='word_1_15' title='bbox 1747 658 1987 724; x_wconf 85' lang='lat' dir='ltr'>parum</span> <span class='ocrx_word' id='word_1_16' title='bbox 2028 644 2128 702; x_wconf 91' lang='lat' dir='ltr'>est</span> 
     </span>
     <span class='ocr_line' id='line_1_4' title="bbox 575 741 2127 836; baseline -0.003 -22"><span class='ocrx_word' id='word_1_17' title='bbox 575 747 758 836; x_wconf 92' lang='lat' dir='ltr'>quod</span> <span class='ocrx_word' id='word_1_18' title='bbox 799 743 1061 820; x_wconf 80' lang='lat' dir='ltr'>ebullit,</span> <span class='ocrx_word' id='word_1_19' title='bbox 1097 750 1165 809; x_wconf 88' lang='lat' dir='ltr'>et</span> <span class='ocrx_word' id='word_1_20' title='bbox 1193 764 1332 809; x_wconf 91' lang='lat' dir='ltr'>non</span> <span class='ocrx_word' id='word_1_21' title='bbox 1362 741 1565 811; x_wconf 88' lang='lat' dir='ltr'>habet</span> <span class='ocrx_word' id='word_1_22' title='bbox 1592 745 1777 813; x_wconf 88' lang='lat' dir='ltr'>cistis</span> <span class='ocrx_word' id='word_1_23' title='bbox 1805 746 2127 812; x_wconf 76' lang='lat' dir='ltr'>virtutem</span> 
     </span>
     <span class='ocr_line' id='line_1_5' title="bbox 569 849 2129 941; baseline -0.001 -22"><span class='ocrx_word' id='word_1_24' title='bbox 569 854 640 919; x_wconf 92' lang='lat' dir='ltr'>in</span> <span class='ocrx_word' id='word_1_25' title='bbox 699 850 1101 918; x_wconf 88' lang='lat' dir='ltr'>attrahendo</span> <span class='ocrx_word' id='word_1_26' title='bbox 1147 872 1162 916; x_wconf 78' lang='lat' dir='ltr'><strong><em>z</em></strong></span> <span class='ocrx_word' id='word_1_27' title='bbox 1199 849 1316 918; x_wconf 88' lang='lat' dir='ltr'>sed</span> <span class='ocrx_word' id='word_1_28' title='bbox 1348 851 1750 920; x_wconf 80' lang='lat' dir='ltr'>diffunditur</span> <span class='ocrx_word' id='word_1_29' title='bbox 1787 854 1856 919; x_wconf 90' lang='lat' dir='ltr'>in</span> <span class='ocrx_word' id='word_1_30' title='bbox 1888 851 2129 941; x_wconf 79' lang='lat' dir='ltr'>hepate</span> 
     </span>
     <span class='ocr_line' id='line_1_6' title="bbox 567 954 2128 1048; baseline -0.003 -24"><span class='ocrx_word' id='word_1_31' title='bbox 567 964 632 1024; x_wconf 89' lang='lat' dir='ltr'>et</span> <span class='ocrx_word' id='word_1_32' title='bbox 690 956 1031 1023; x_wconf 81' lang='lat' dir='ltr'>intestinis</span> <span class='ocrx_word' id='word_1_33' title='bbox 1086 965 1156 1024; x_wconf 92' lang='lat' dir='ltr'>et</span> <span class='ocrx_word' id='word_1_34' title='bbox 1209 959 1588 1048; x_wconf 88' lang='lat' dir='ltr'>corrumpit</span> <span class='ocrx_word' id='word_1_35' title='bbox 1642 980 1724 1026; x_wconf 90' lang='lat' dir='ltr'>ea</span> <span class='ocrx_word' id='word_1_36' title='bbox 1787 980 1801 1023; x_wconf 91' lang='lat'>:</span> <span class='ocrx_word' id='word_1_37' title='bbox 1865 965 1927 1023; x_wconf 86' lang='lat' dir='ltr'>et</span> <span class='ocrx_word' id='word_1_38' title='bbox 1977 954 2128 1021; x_wconf 91' lang='lat' dir='ltr'>ideo</span> 
     </span>
     <span class='ocr_line' id='line_1_7' title="bbox 575 1062 2132 1155; baseline -0.004 -25"><span class='ocrx_word' id='word_1_39' title='bbox 575 1062 996 1131; x_wconf 78' lang='lat' dir='ltr'>suffocantur</span> <span class='ocrx_word' id='word_1_40' title='bbox 1025 1086 1214 1132; x_wconf 79' lang='lat' dir='ltr'>oveS.</span> <span class='ocrx_word' id='word_1_41' title='bbox 1241 1065 1471 1155; x_wconf 90' lang='lat' dir='ltr'>Hepar</span> <span class='ocrx_word' id='word_1_42' title='bbox 1499 1073 1728 1132; x_wconf 90' lang='lat' dir='ltr'>autem</span> <span class='ocrx_word' id='word_1_43' title='bbox 1758 1063 2132 1153; x_wconf 80' lang='lat' dir='ltr'>applicatur</span> 
     </span>
     <span class='ocr_line' id='line_1_8' title="bbox 572 1167 2133 1264; baseline 0.001 -27"><span class='ocrx_word' id='word_1_44' title='bbox 572 1193 769 1255; x_wconf 62' lang='lat' dir='ltr'>venae,</span> <span class='ocrx_word' id='word_1_45' title='bbox 811 1172 1058 1262; x_wconf 85' lang='lat' dir='ltr'>majori</span> <span class='ocrx_word' id='word_1_46' title='bbox 1113 1194 1268 1264; x_wconf 83' lang='lat' dir='ltr'>quae</span> <span class='ocrx_word' id='word_1_47' title='bbox 1298 1180 1399 1239; x_wconf 90' lang='lat' dir='ltr'>est</span> <span class='ocrx_word' id='word_1_48' title='bbox 1445 1171 1727 1237; x_wconf 88' lang='lat' dir='ltr'>interior</span> <span class='ocrx_word' id='word_1_49' title='bbox 1770 1178 1836 1236; x_wconf 91' lang='lat' dir='ltr'>et</span> <span class='ocrx_word' id='word_1_50' title='bbox 1867 1167 2133 1258; x_wconf 87' lang='lat' dir='ltr'>hepatis</span> 
     </span>
     <span class='ocr_line' id='line_1_9' title="bbox 576 1277 2132 1369; baseline -0.001 -25"><span class='ocrx_word' id='word_1_51' title='bbox 576 1278 861 1369; x_wconf 86' lang='lat' dir='ltr'>gibbum</span> <span class='ocrx_word' id='word_1_52' title='bbox 891 1302 1033 1347; x_wconf 93' lang='lat' dir='ltr'>non</span> <span class='ocrx_word' id='word_1_53' title='bbox 1062 1277 1270 1345; x_wconf 87' lang='lat' dir='ltr'>habet</span> <span class='ocrx_word' id='word_1_54' title='bbox 1295 1277 1758 1367; x_wconf 81' lang='lat' dir='ltr'>colligantiam</span> <span class='ocrx_word' id='word_1_55' title='bbox 1787 1298 1942 1343; x_wconf 88' lang='lat' dir='ltr'>cum</span> <span class='ocrx_word' id='word_1_56' title='bbox 1972 1299 2132 1366; x_wconf 91' lang='lat' dir='ltr'>par-</span> 
     </span>
     <span class='ocr_line' id='line_1_10' title="bbox 574 1384 2132 1476; baseline -0.001 -24"><span class='ocrx_word' id='word_1_57' title='bbox 574 1386 757 1453; x_wconf 89' lang='lat' dir='ltr'>tibus</span> <span class='ocrx_word' id='word_1_58' title='bbox 786 1384 963 1454; x_wconf 89' lang='lat' dir='ltr'>orthi</span> <span class='ocrx_word' id='word_1_59' title='bbox 994 1384 1516 1452; x_wconf 80' lang='lat' dir='ltr'>ascendentibus</span> <span class='ocrx_word' id='word_1_60' title='bbox 1565 1407 1648 1452; x_wconf 87' lang='lat' dir='ltr'>ex</span> <span class='ocrx_word' id='word_1_61' title='bbox 1703 1386 1875 1476; x_wconf 89' lang='lat' dir='ltr'>ipso.</span> <span class='ocrx_word' id='word_1_62' title='bbox 1937 1384 2132 1452; x_wconf 81' lang='lat' dir='ltr'>Vena</span> 
     </span>
     <span class='ocr_line' id='line_1_11' title="bbox 577 1489 2132 1582; baseline -0.001 -24"><span class='ocrx_word' id='word_1_63' title='bbox 577 1499 810 1558; x_wconf 87' lang='lat' dir='ltr'>autem</span> <span class='ocrx_word' id='word_1_64' title='bbox 876 1489 1007 1557; x_wconf 90' lang='lat' dir='ltr'>alia</span> <span class='ocrx_word' id='word_1_65' title='bbox 1063 1491 1287 1579; x_wconf 88' lang='lat' dir='ltr'>maj0r</span> <span class='ocrx_word' id='word_1_66' title='bbox 1348 1513 1433 1559; x_wconf 88' lang='lat' dir='ltr'>ex</span> <span class='ocrx_word' id='word_1_67' title='bbox 1497 1513 1632 1582; x_wconf 92' lang='lat' dir='ltr'>qua</span> <span class='ocrx_word' id='word_1_68' title='bbox 1672 1491 2132 1559; x_wconf 83' lang='lat' dir='ltr'>ramificantur</span> 
     </span>
     <span class='ocr_line' id='line_1_12' title="bbox 579 1594 2137 1687; baseline 0.001 -26"><span class='ocrx_word' id='word_1_69' title='bbox 579 1595 990 1673; x_wconf 81' lang='lat' dir='ltr'>mesaraicae,</span> <span class='ocrx_word' id='word_1_70' title='bbox 1036 1603 1137 1664; x_wconf 90' lang='lat' dir='ltr'>est</span> <span class='ocrx_word' id='word_1_71' title='bbox 1165 1596 1373 1664; x_wconf 89' lang='lat' dir='ltr'>etiam</span> <span class='ocrx_word' id='word_1_72' title='bbox 1410 1597 1745 1687; x_wconf 86' lang='lat' dir='ltr'>applicata</span> <span class='ocrx_word' id='word_1_73' title='bbox 1772 1618 1981 1686; x_wconf 80' lang='lat' dir='ltr'>symae</span> <span class='ocrx_word' id='word_1_74' title='bbox 2018 1594 2137 1663; x_wconf 90' lang='lat' dir='ltr'>he-</span> 
     </span>
     <span class='ocr_line' id='line_1_13' title="bbox 573 1702 2133 1794; baseline -0.001 -25"><span class='ocrx_word' id='word_1_75' title='bbox 573 1702 750 1792; x_wconf 90' lang='lat' dir='ltr'>patis</span> <span class='ocrx_word' id='word_1_76' title='bbox 779 1704 851 1770; x_wconf 92' lang='lat' dir='ltr'>in</span> <span class='ocrx_word' id='word_1_77' title='bbox 888 1711 1087 1794; x_wconf 88' lang='lat' dir='ltr'>porta</span> <span class='ocrx_word' id='word_1_78' title='bbox 1113 1725 1238 1794; x_wconf 89' lang='lat' dir='ltr'>per</span> <span class='ocrx_word' id='word_1_79' title='bbox 1273 1724 1482 1794; x_wconf 89' lang='lat' dir='ltr'>quam</span> <span class='ocrx_word' id='word_1_80' title='bbox 1528 1711 1632 1771; x_wconf 87' lang='lat' dir='ltr'>est</span> <span class='ocrx_word' id='word_1_81' title='bbox 1667 1704 2011 1792; x_wconf 84' lang='lat' dir='ltr'>ingressus</span> <span class='ocrx_word' id='word_1_82' title='bbox 2065 1709 2133 1768; x_wconf 91' lang='lat' dir='ltr'>et</span> 
     </span>
     <span class='ocr_line' id='line_1_14' title="bbox 550 1805 2125 1898; baseline -0.001 -25"><span class='ocrx_word' id='word_1_83' title='bbox 550 1815 901 1887; x_wconf 43' lang='lat' dir='ltr'>,attractus</span> <span class='ocrx_word' id='word_1_84' title='bbox 927 1805 1114 1898; x_wconf 89' lang='lat' dir='ltr'>chyli</span> <span class='ocrx_word' id='word_1_85' title='bbox 1142 1829 1228 1875; x_wconf 88' lang='lat' dir='ltr'>ex</span> <span class='ocrx_word' id='word_1_86' title='bbox 1256 1806 1611 1876; x_wconf 84' lang='lat' dir='ltr'>stomacho</span> <span class='ocrx_word' id='word_1_87' title='bbox 1653 1815 1717 1875; x_wconf 90' lang='lat' dir='ltr'>et</span> <span class='ocrx_word' id='word_1_88' title='bbox 1765 1806 2125 1875; x_wconf 86' lang='lat' dir='ltr'>intestinis.</span> 
     </span>
     <span class='ocr_line' id='line_1_15' title="bbox 577 1913 2132 2006; baseline 0 -26"><span class='ocrx_word' id='word_1_89' title='bbox 577 1913 789 2003; x_wconf 88' lang='lat' dir='ltr'>Splen</span> <span class='ocrx_word' id='word_1_90' title='bbox 818 1920 1047 1982; x_wconf 85' lang='lat' dir='ltr'>autem</span> <span class='ocrx_word' id='word_1_91' title='bbox 1076 1922 1177 1982; x_wconf 90' lang='lat' dir='ltr'>est</span> <span class='ocrx_word' id='word_1_92' title='bbox 1207 1915 1582 2006; x_wconf 88' lang='lat' dir='ltr'>applicatus</span> <span class='ocrx_word' id='word_1_93' title='bbox 1635 1937 1830 1984; x_wconf 85' lang='lat' dir='ltr'>venae</span> <span class='ocrx_word' id='word_1_94' title='bbox 1886 1915 2132 2002; x_wconf 89' lang='lat' dir='ltr'>majori</span> 
     </span>
     <span class='ocr_line' id='line_1_16' title="bbox 575 2017 2129 2110; baseline 0.003 -26"><span class='ocrx_word' id='word_1_95' title='bbox 575 2038 727 2106; x_wconf 80' lang='lat' dir='ltr'>quae</span> <span class='ocrx_word' id='word_1_96' title='bbox 754 2019 943 2086; x_wconf 82' lang='lat' dir='ltr'>venit</span> <span class='ocrx_word' id='word_1_97' title='bbox 972 2041 1056 2085; x_wconf 88' lang='lat' dir='ltr'>ex</span> <span class='ocrx_word' id='word_1_98' title='bbox 1084 2017 1295 2110; x_wconf 85' lang='lat' dir='ltr'>gibbo</span> <span class='ocrx_word' id='word_1_99' title='bbox 1316 2017 1602 2110; x_wconf 88' lang='lat' dir='ltr'>hepatis.</span> <span class='ocrx_word' id='word_1_100' title='bbox 1634 2018 1923 2099; x_wconf 87' lang='lat' dir='ltr'>Quidam</span> <span class='ocrx_word' id='word_1_101' title='bbox 1946 2022 2129 2088; x_wconf 89' lang='lat' dir='ltr'>enim</span> 
     </span>
     <span class='ocr_line' id='line_1_17' title="bbox 577 2121 2125 2214; baseline 0.003 -26"><span class='ocrx_word' id='word_1_102' title='bbox 577 2144 809 2189; x_wconf 90' lang='lat' dir='ltr'>ramus</span> <span class='ocrx_word' id='word_1_103' title='bbox 838 2121 1021 2190; x_wconf 88' lang='lat' dir='ltr'>illius</span> <span class='ocrx_word' id='word_1_104' title='bbox 1042 2123 1431 2191; x_wconf 80' lang='lat' dir='ltr'>extenditur</span> <span class='ocrx_word' id='word_1_105' title='bbox 1449 2146 1663 2214; x_wconf 88' lang='lat' dir='ltr'>usque</span> <span class='ocrx_word' id='word_1_106' title='bbox 1687 2124 1772 2191; x_wconf 91' lang='lat' dir='ltr'>ad</span> <span class='ocrx_word' id='word_1_107' title='bbox 1794 2125 2125 2214; x_wconf 89' lang='lat' dir='ltr'>splenem,</span> 
     </span>
     <span class='ocr_line' id='line_1_18' title="bbox 578 2227 2129 2323; baseline 0.003 -27"><span class='ocrx_word' id='word_1_108' title='bbox 578 2238 640 2296; x_wconf 85' lang='lat' dir='ltr'>et</span> <span class='ocrx_word' id='word_1_109' title='bbox 673 2252 796 2320; x_wconf 90' lang='lat' dir='ltr'>per</span> <span class='ocrx_word' id='word_1_110' title='bbox 824 2229 1013 2297; x_wconf 91' lang='lat' dir='ltr'>illam</span> <span class='ocrx_word' id='word_1_111' title='bbox 1044 2227 1252 2297; x_wconf 87' lang='lat' dir='ltr'>trahit</span> <span class='ocrx_word' id='word_1_112' title='bbox 1280 2227 1626 2299; x_wconf 79' lang='lat' dir='ltr'>choleram</span> <span class='ocrx_word' id='word_1_113' title='bbox 1657 2234 1951 2321; x_wconf 84' lang='lat' dir='ltr'>nigram,</span> <span class='ocrx_word' id='word_1_114' title='bbox 1979 2254 2129 2323; x_wconf 79' lang='lat' dir='ltr'>quoe</span> 
     </span>
     <span class='ocr_line' id='line_1_19' title="bbox 579 2336 1189 2406; baseline 0.002 -3"><span class='ocrx_word' id='word_1_115' title='bbox 579 2346 679 2404; x_wconf 87' lang='lat' dir='ltr'>est</span> <span class='ocrx_word' id='word_1_116' title='bbox 711 2336 1189 2406; x_wconf 86' lang='lat' dir='ltr'>melancholia.</span> 
     </span>
    </p>
   </div>
   <div class='ocr_carea' id='block_1_3' title="bbox 1131 3435 1591 3509">
    <p class='ocr_par' dir='ltr' id='par_1_3' title="bbox 1131 3435 1591 3509">
     <span class='ocr_line' id='line_1_20' title="bbox 1131 3435 1591 3509; baseline 0.007 -3"><span class='ocrx_word' id='word_1_117' title='bbox 1131 3435 1428 3508; x_wconf 75' lang='lat' dir='ltr'>CAPUT</span> <span class='ocrx_word' id='word_1_118' title='bbox 1470 3439 1591 3509; x_wconf 81' lang='lat' dir='ltr'>vl.</span> 
     </span>
    </p>
   </div>
   <div class='ocr_carea' id='block_1_4' title="bbox 710 4183 2011 4278">
    <p class='ocr_par' dir='ltr' id='par_1_4' title="bbox 710 4183 2011 4278">
     <span class='ocr_line' id='line_1_21' title="bbox 710 4183 2011 4278; baseline 0.01 -30"><span class='ocrx_word' id='word_1_119' title='bbox 710 4183 817 4250; x_wconf 88' lang='lat' dir='ltr'>De</span> <span class='ocrx_word' id='word_1_120' title='bbox 837 4183 1284 4278; x_wconf 71' lang='lat' dir='ltr'>dispositione</span> <span class='ocrx_word' id='word_1_121' title='bbox 1318 4197 1383 4255; x_wconf 79' lang='lat' dir='ltr'>et</span> <span class='ocrx_word' id='word_1_122' title='bbox 1411 4187 1719 4259; x_wconf 71' lang='lat' dir='ltr'>utilitate</span> <span class='ocrx_word' id='word_1_123' title='bbox 1743 4214 2011 4260; x_wconf 80' lang='lat' dir='ltr'>renum.</span> 
     </span>
    </p>
   </div>
   <div class='ocr_carea' id='block_1_5' title="bbox 577 5026 2147 5668">
    <p class='ocr_par' dir='ltr' id='par_1_5' title="bbox 577 5026 2147 5668">
     <span class='ocr_line' id='line_1_22' title="bbox 670 5026 2144 5111; baseline 0.009 -14"><span class='ocrx_word' id='word_1_124' title='bbox 670 5026 895 5099; x_wconf 79' lang='lat' dir='ltr'>Renes</span> <span class='ocrx_word' id='word_1_125' title='bbox 923 5039 1155 5100; x_wconf 86' lang='lat' dir='ltr'>autem</span> <span class='ocrx_word' id='word_1_126' title='bbox 1193 5038 1356 5102; x_wconf 87' lang='lat' dir='ltr'>sunt</span> <span class='ocrx_word' id='word_1_127' title='bbox 1381 5034 1768 5105; x_wconf 84' lang='lat' dir='ltr'>membrum</span> <span class='ocrx_word' id='word_1_128' title='bbox 1798 5037 2144 5111; x_wconf 87' lang='lat' dir='ltr'>attrahens</span> 
     </span>
     <span class='ocr_line' id='line_1_23' title="bbox 577 5137 2147 5240; baseline 0.008 -37"><span class='ocrx_word' id='word_1_129' title='bbox 577 5137 997 5228; x_wconf 84' lang='lat' dir='ltr'>superfluam</span> <span class='ocrx_word' id='word_1_130' title='bbox 1027 5143 1485 5232; x_wconf 84' lang='lat' dir='ltr'>aquositatem</span> <span class='ocrx_word' id='word_1_131' title='bbox 1515 5145 1870 5236; x_wconf 77' lang='lat' dir='ltr'>sanguinis</span> <span class='ocrx_word' id='word_1_132' title='bbox 1906 5169 1948 5215; x_wconf 89' lang='lat' dir='ltr'>a</span> <span class='ocrx_word' id='word_1_133' title='bbox 1986 5147 2147 5240; x_wconf 82' lang='lat' dir='ltr'>gib-</span> 
     </span>
     <span class='ocr_line' id='line_1_24' title="bbox 577 5241 2143 5347; baseline 0.01 -38"><span class='ocrx_word' id='word_1_134' title='bbox 577 5241 667 5309; x_wconf 87' lang='lat' dir='ltr'>bo</span> <span class='ocrx_word' id='word_1_135' title='bbox 702 5241 965 5337; x_wconf 85' lang='lat' dir='ltr'>hepatis</span> <span class='ocrx_word' id='word_1_136' title='bbox 994 5271 1117 5340; x_wconf 86' lang='lat' dir='ltr'>per</span> <span class='ocrx_word' id='word_1_137' title='bbox 1143 5247 1316 5318; x_wconf 86' lang='lat' dir='ltr'>duas</span> <span class='ocrx_word' id='word_1_138' title='bbox 1344 5251 1770 5343; x_wconf 84' lang='lat' dir='ltr'>emulgentes</span> <span class='ocrx_word' id='word_1_139' title='bbox 1799 5254 2143 5347; x_wconf 88' lang='lat' dir='ltr'>completa</span> 
     </span>
     <span class='ocr_line' id='line_1_25' title="bbox 577 5350 2139 5449; baseline 0.01 -32"><span class='ocrx_word' id='word_1_140' title='bbox 577 5350 963 5442; x_wconf 79' lang='lat' dir='ltr'>digestione</span> <span class='ocrx_word' id='word_1_141' title='bbox 1018 5356 1090 5425; x_wconf 89' lang='lat' dir='ltr'>in</span> <span class='ocrx_word' id='word_1_142' title='bbox 1156 5354 1427 5448; x_wconf 84' lang='lat' dir='ltr'>hepate.</span> <span class='ocrx_word' id='word_1_143' title='bbox 1496 5358 1892 5449; x_wconf 83' lang='lat' dir='ltr'>Necessaria</span> <span class='ocrx_word' id='word_1_144' title='bbox 1954 5367 2139 5433; x_wconf 89' lang='lat' dir='ltr'>enim</span> 
     </span>
     <span class='ocr_line' id='line_1_26' title="bbox 577 5453 2133 5556; baseline 0.01 -36"><span class='ocrx_word' id='word_1_145' title='bbox 577 5462 679 5521; x_wconf 85' lang='lat' dir='ltr'>est</span> <span class='ocrx_word' id='word_1_146' title='bbox 736 5453 955 5525; x_wconf 86' lang='lat' dir='ltr'>multa</span> <span class='ocrx_word' id='word_1_147' title='bbox 1010 5467 1077 5528; x_wconf 87' lang='lat' dir='ltr'>et</span> <span class='ocrx_word' id='word_1_148' title='bbox 1133 5462 1479 5552; x_wconf 82' lang='lat' dir='ltr'>superflua</span> <span class='ocrx_word' id='word_1_149' title='bbox 1526 5466 1871 5556; x_wconf 82' lang='lat' dir='ltr'>aquositas</span> <span class='ocrx_word' id='word_1_150' title='bbox 1919 5466 2073 5536; x_wconf 89' lang='lat' dir='ltr'>cibo</span> <span class='ocrx_word' id='word_1_151' title='bbox 2116 5489 2133 5536; x_wconf 73' lang='grc' dir='ltr'><strong><em>ε</em></strong></span> 
     </span>
     <span class='ocr_line' id='line_1_27' title="bbox 581 5563 2141 5668; baseline 0.01 -38"><span class='ocrx_word' id='word_1_152' title='bbox 581 5563 741 5656; x_wconf 90' lang='lat' dir='ltr'>quia</span> <span class='ocrx_word' id='word_1_153' title='bbox 789 5563 990 5635; x_wconf 89' lang='lat' dir='ltr'>aliter</span> <span class='ocrx_word' id='word_1_154' title='bbox 1019 5589 1163 5637; x_wconf 91' lang='lat' dir='ltr'>non</span> <span class='ocrx_word' id='word_1_155' title='bbox 1202 5571 1443 5641; x_wconf 81' lang='lat' dir='ltr'>flueret</span> <span class='ocrx_word' id='word_1_156' title='bbox 1497 5593 1584 5642; x_wconf 88' lang='lat' dir='ltr'>ex</span> <span class='ocrx_word' id='word_1_157' title='bbox 1625 5574 1964 5643; x_wconf 83' lang='lat' dir='ltr'>intestinis</span> <span class='ocrx_word' id='word_1_158' title='bbox 2019 5598 2141 5668; x_wconf 89' lang='lat' dir='ltr'>per</span> 
     </span>
    </p>
   </div>
   <div class='ocr_carea' id='block_1_6' title="bbox 1572 355 2792 432">
    <p class='ocr_par' dir='ltr' id='par_1_6' title="bbox 1572 355 2792 432">
     <span class='ocr_line' id='line_1_28' title="bbox 1572 355 2792 432; baseline 0.008 -10"><span class='ocrx_word' id='word_1_159' title='bbox 1572 358 1656 425; x_wconf 93' lang='lat' dir='ltr'>D.</span> <span class='ocrx_word' id='word_1_160' title='bbox 1709 357 1908 424; x_wconf 86' lang='lat' dir='ltr'>ALB.</span> <span class='ocrx_word' id='word_1_161' title='bbox 1961 355 2180 425; x_wconf 83' lang='lat' dir='ltr'>MAG.</span> <span class='ocrx_word' id='word_1_162' title='bbox 2242 356 2446 427; x_wconf 81' lang='lat' dir='ltr'>ORD.</span> <span class='ocrx_word' id='word_1_163' title='bbox 2500 362 2792 432; x_wconf 83' lang='lat' dir='ltr'>PRAED.</span> 
     </span>
    </p>
   </div>
   <div class='ocr_carea' id='block_1_7' title="bbox 2237 530 3843 5665">
    <p class='ocr_par' dir='ltr' id='par_1_7' title="bbox 2237 530 3843 4791">
     <span class='ocr_line' id='line_1_29' title="bbox 2237 530 3783 620; baseline 0.004 -30"><span class='ocrx_word' id='word_1_164' title='bbox 2237 533 2391 615; x_wconf 86' lang='lat' dir='ltr'>pate</span> <span class='ocrx_word' id='word_1_165' title='bbox 2439 530 2770 619; x_wconf 85' lang='lat' dir='ltr'>completa</span> <span class='ocrx_word' id='word_1_166' title='bbox 2802 541 2900 597; x_wconf 89' lang='lat' dir='ltr'>est</span> <span class='ocrx_word' id='word_1_167' title='bbox 2938 532 3251 620; x_wconf 62' lang='lat' dir='ltr'>digestim</span> <span class='ocrx_word' id='word_1_168' title='bbox 3285 540 3450 599; x_wconf 89' lang='lat' dir='ltr'>tunc</span> <span class='ocrx_word' id='word_1_169' title='bbox 3514 552 3653 595; x_wconf 93' lang='lat' dir='ltr'>non</span> <span class='ocrx_word' id='word_1_170' title='bbox 3684 538 3783 596; x_wconf 89' lang='lat' dir='ltr'>est</span> 
     </span>
     <span class='ocr_line' id='line_1_30' title="bbox 2241 639 3784 727; baseline 0.002 -27"><span class='ocrx_word' id='word_1_171' title='bbox 2241 640 2637 720; x_wconf 84' lang='lat' dir='ltr'>necessaria,</span> <span class='ocrx_word' id='word_1_172' title='bbox 2682 640 2837 725; x_wconf 88' lang='lat' dir='ltr'>quia</span> <span class='ocrx_word' id='word_1_173' title='bbox 2878 646 3036 704; x_wconf 90' lang='lat' dir='ltr'>tunc</span> <span class='ocrx_word' id='word_1_174' title='bbox 3065 639 3345 726; x_wconf 86' lang='lat' dir='ltr'>sanguis</span> <span class='ocrx_word' id='word_1_175' title='bbox 3385 647 3652 727; x_wconf 87' lang='lat' dir='ltr'>aptatus</span> <span class='ocrx_word' id='word_1_176' title='bbox 3683 644 3784 703; x_wconf 87' lang='lat' dir='ltr'>est</span> 
     </span>
     <span class='ocr_line' id='line_1_31' title="bbox 2241 741 3787 830; baseline 0.001 -23"><span class='ocrx_word' id='word_1_177' title='bbox 2241 742 2355 830; x_wconf 89' lang='lat' dir='ltr'>qui</span> <span class='ocrx_word' id='word_1_178' title='bbox 2392 743 2579 810; x_wconf 87' lang='lat' dir='ltr'>vadit</span> <span class='ocrx_word' id='word_1_179' title='bbox 2604 743 2688 810; x_wconf 91' lang='lat' dir='ltr'>ad</span> <span class='ocrx_word' id='word_1_180' title='bbox 2716 741 3018 809; x_wconf 81' lang='lat' dir='ltr'>membra</span> <span class='ocrx_word' id='word_1_181' title='bbox 3058 764 3073 805; x_wconf 88' lang='lat'><strong>:</strong></span> <span class='ocrx_word' id='word_1_182' title='bbox 3111 749 3177 808; x_wconf 86' lang='lat' dir='ltr'>et</span> <span class='ocrx_word' id='word_1_183' title='bbox 3207 741 3359 809; x_wconf 87' lang='lat' dir='ltr'>ideo</span> <span class='ocrx_word' id='word_1_184' title='bbox 3389 747 3600 810; x_wconf 89' lang='lat' dir='ltr'>creati</span> <span class='ocrx_word' id='word_1_185' title='bbox 3628 750 3787 810; x_wconf 86' lang='lat' dir='ltr'>sunt</span> 
     </span>
     <span class='ocr_line' id='line_1_32' title="bbox 2243 848 3783 940; baseline 0.003 -27"><span class='ocrx_word' id='word_1_186' title='bbox 2243 871 2433 917; x_wconf 88' lang='lat' dir='ltr'>renes</span> <span class='ocrx_word' id='word_1_187' title='bbox 2478 851 2886 919; x_wconf 87' lang='lat' dir='ltr'>attrahentes</span> <span class='ocrx_word' id='word_1_188' title='bbox 2917 873 3065 918; x_wconf 91' lang='lat' dir='ltr'>eam</span> <span class='ocrx_word' id='word_1_189' title='bbox 3096 872 3219 940; x_wconf 91' lang='lat' dir='ltr'>per</span> <span class='ocrx_word' id='word_1_190' title='bbox 3245 848 3555 917; x_wconf 89' lang='lat' dir='ltr'>foramen</span> <span class='ocrx_word' id='word_1_191' title='bbox 3602 849 3783 940; x_wconf 90' lang='lat' dir='ltr'>quod</span> 
     </span>
     <span class='ocr_line' id='line_1_33' title="bbox 2243 956 3785 1047; baseline 0.003 -26"><span class='ocrx_word' id='word_1_192' title='bbox 2243 964 2341 1022; x_wconf 89' lang='lat' dir='ltr'>est</span> <span class='ocrx_word' id='word_1_193' title='bbox 2379 958 2447 1024; x_wconf 92' lang='lat' dir='ltr'>in</span> <span class='ocrx_word' id='word_1_194' title='bbox 2481 961 2702 1026; x_wconf 90' lang='lat' dir='ltr'>medio</span> <span class='ocrx_word' id='word_1_195' title='bbox 2750 981 2988 1026; x_wconf 91' lang='lat' dir='ltr'>eorum</span> <span class='ocrx_word' id='word_1_196' title='bbox 3028 981 3041 1026; x_wconf 92' lang='lat'>:</span> <span class='ocrx_word' id='word_1_197' title='bbox 3077 965 3146 1026; x_wconf 89' lang='lat' dir='ltr'>et</span> <span class='ocrx_word' id='word_1_198' title='bbox 3193 956 3288 1024; x_wconf 92' lang='lat' dir='ltr'>illi</span> <span class='ocrx_word' id='word_1_199' title='bbox 3316 956 3596 1047; x_wconf 88' lang='lat' dir='ltr'>quidem</span> <span class='ocrx_word' id='word_1_200' title='bbox 3627 967 3785 1026; x_wconf 89' lang='lat' dir='ltr'>sunt</span> 
     </span>
     <span class='ocr_line' id='line_1_34' title="bbox 2243 1061 3787 1155; baseline 0.002 -27"><span class='ocrx_word' id='word_1_201' title='bbox 2243 1061 2401 1141; x_wconf 90' lang='lat' dir='ltr'>duo,</span> <span class='ocrx_word' id='word_1_202' title='bbox 2453 1069 2774 1155; x_wconf 88' lang='lat' dir='ltr'>quoniam</span> <span class='ocrx_word' id='word_1_203' title='bbox 2797 1070 2851 1133; x_wconf 92' lang='lat' dir='ltr'>si</span> <span class='ocrx_word' id='word_1_204' title='bbox 2891 1075 3068 1133; x_wconf 83' lang='lat' dir='ltr'>esset</span> <span class='ocrx_word' id='word_1_205' title='bbox 3095 1089 3273 1134; x_wconf 92' lang='lat' dir='ltr'>unus</span> <span class='ocrx_word' id='word_1_206' title='bbox 3312 1088 3631 1155; x_wconf 77' lang='lat' dir='ltr'>magnuS,</span> <span class='ocrx_word' id='word_1_207' title='bbox 3666 1087 3787 1132; x_wconf 88' lang='lat' dir='ltr'>co-</span> 
     </span>
     <span class='ocr_line' id='line_1_35' title="bbox 2243 1172 3783 1250; baseline 0.002 -15"><span class='ocrx_word' id='word_1_208' title='bbox 2243 1178 2609 1240; x_wconf 81' lang='lat' dir='ltr'>arctaretur</span> <span class='ocrx_word' id='word_1_209' title='bbox 2658 1173 2868 1250; x_wconf 80' lang='lat' dir='ltr'>locuS‚</span> <span class='ocrx_word' id='word_1_210' title='bbox 2904 1182 2967 1239; x_wconf 89' lang='lat' dir='ltr'>et</span> <span class='ocrx_word' id='word_1_211' title='bbox 3009 1196 3146 1239; x_wconf 91' lang='lat' dir='ltr'>non</span> <span class='ocrx_word' id='word_1_212' title='bbox 3176 1173 3564 1242; x_wconf 86' lang='lat' dir='ltr'>traheretur</span> <span class='ocrx_word' id='word_1_213' title='bbox 3591 1172 3783 1240; x_wconf 84' lang='lat' dir='ltr'>sufli-</span> 
     </span>
     <span class='ocr_line' id='line_1_36' title="bbox 2243 1279 3786 1373; baseline 0.001 -27"><span class='ocrx_word' id='word_1_214' title='bbox 2243 1279 2492 1347; x_wconf 85' lang='lat' dir='ltr'>cienter</span> <span class='ocrx_word' id='word_1_215' title='bbox 2517 1284 2856 1373; x_wconf 87' lang='lat' dir='ltr'>aquositas</span> <span class='ocrx_word' id='word_1_216' title='bbox 2885 1281 2969 1348; x_wconf 89' lang='lat' dir='ltr'>ad</span> <span class='ocrx_word' id='word_1_217' title='bbox 3000 1283 3398 1350; x_wconf 87' lang='lat' dir='ltr'>descensum</span> <span class='ocrx_word' id='word_1_218' title='bbox 3436 1282 3786 1349; x_wconf 82' lang='lat' dir='ltr'>sufficien-</span> 
     </span>
     <span class='ocr_line' id='line_1_37' title="bbox 2240 1389 3786 1466; baseline 0.001 -13"><span class='ocrx_word' id='word_1_219' title='bbox 2240 1395 2402 1454; x_wconf 87' lang='lat' dir='ltr'>tem.</span> <span class='ocrx_word' id='word_1_220' title='bbox 2438 1390 2589 1458; x_wconf 90' lang='lat' dir='ltr'>Duo</span> <span class='ocrx_word' id='word_1_221' title='bbox 2619 1392 2820 1457; x_wconf 88' lang='lat' dir='ltr'>etiam</span> <span class='ocrx_word' id='word_1_222' title='bbox 2878 1391 3027 1458; x_wconf 92' lang='lat' dir='ltr'>ideo</span> <span class='ocrx_word' id='word_1_223' title='bbox 3059 1399 3241 1466; x_wconf 90' lang='lat' dir='ltr'>sunt,</span> <span class='ocrx_word' id='word_1_224' title='bbox 3295 1399 3371 1459; x_wconf 89' lang='lat' dir='ltr'>ut</span> <span class='ocrx_word' id='word_1_225' title='bbox 3424 1391 3481 1457; x_wconf 87' lang='lat' dir='ltr'>si</span> <span class='ocrx_word' id='word_1_226' title='bbox 3526 1389 3786 1457; x_wconf 88' lang='lat' dir='ltr'>accidat</span> 
     </span>
     <span class='ocr_line' id='line_1_38' title="bbox 2241 1496 3784 1586; baseline 0.002 -27"><span class='ocrx_word' id='word_1_227' title='bbox 2241 1506 2725 1564; x_wconf 90' lang='lat' dir='ltr'>nocumentum</span> <span class='ocrx_word' id='word_1_228' title='bbox 2782 1497 2924 1580; x_wconf 90' lang='lat' dir='ltr'>uni,</span> <span class='ocrx_word' id='word_1_229' title='bbox 2973 1497 3145 1564; x_wconf 87' lang='lat' dir='ltr'>alter</span> <span class='ocrx_word' id='word_1_230' title='bbox 3188 1496 3395 1564; x_wconf 84' lang='lat' dir='ltr'>faciat</span> <span class='ocrx_word' id='word_1_231' title='bbox 3442 1498 3784 1586; x_wconf 89' lang='lat' dir='ltr'>operatio-</span> 
     </span>
     <span class='ocr_line' id='line_1_39' title="bbox 2242 1604 3778 1695; baseline 0 -27"><span class='ocrx_word' id='word_1_232' title='bbox 2242 1625 2421 1671; x_wconf 90' lang='lat' dir='ltr'>nem.</span> <span class='ocrx_word' id='word_1_233' title='bbox 2458 1606 2707 1674; x_wconf 82' lang='lat' dir='ltr'>Dexter</span> <span class='ocrx_word' id='word_1_234' title='bbox 2750 1614 2976 1673; x_wconf 88' lang='lat' dir='ltr'>autem</span> <span class='ocrx_word' id='word_1_235' title='bbox 3008 1628 3151 1683; x_wconf 91' lang='lat' dir='ltr'>ren,</span> <span class='ocrx_word' id='word_1_236' title='bbox 3184 1604 3388 1673; x_wconf 90' lang='lat' dir='ltr'>altior</span> <span class='ocrx_word' id='word_1_237' title='bbox 3415 1613 3520 1672; x_wconf 87' lang='lat' dir='ltr'>est</span> <span class='ocrx_word' id='word_1_238' title='bbox 3576 1624 3778 1695; x_wconf 91' lang='lat' dir='ltr'>quam</span> 
     </span>
     <span class='ocr_line' id='line_1_40' title="bbox 2240 1711 3776 1805; baseline 0.001 -28"><span class='ocrx_word' id='word_1_239' title='bbox 2240 1713 2532 1794; x_wconf 86' lang='lat' dir='ltr'>sinister,</span> <span class='ocrx_word' id='word_1_240' title='bbox 2564 1724 2641 1782; x_wconf 91' lang='lat' dir='ltr'>ut</span> <span class='ocrx_word' id='word_1_241' title='bbox 2664 1738 2748 1782; x_wconf 89' lang='lat' dir='ltr'>ex</span> <span class='ocrx_word' id='word_1_242' title='bbox 2794 1717 3175 1805; x_wconf 88' lang='lat' dir='ltr'>propinquo</span> <span class='ocrx_word' id='word_1_243' title='bbox 3223 1714 3490 1804; x_wconf 88' lang='lat' dir='ltr'>positus</span> <span class='ocrx_word' id='word_1_244' title='bbox 3550 1711 3776 1802; x_wconf 89' lang='lat' dir='ltr'>hepati</span> 
     </span>
     <span class='ocr_line' id='line_1_41' title="bbox 2237 1818 3781 1911; baseline 0.001 -27"><span class='ocrx_word' id='word_1_245' title='bbox 2237 1818 2478 1889; x_wconf 85' lang='lat' dir='ltr'>fortius</span> <span class='ocrx_word' id='word_1_246' title='bbox 2532 1821 2752 1889; x_wconf 88' lang='lat' dir='ltr'>trahat</span> <span class='ocrx_word' id='word_1_247' title='bbox 2817 1844 2832 1888; x_wconf 73' lang='grc' dir='ltr'>ε</span> <span class='ocrx_word' id='word_1_248' title='bbox 2903 1823 3229 1911; x_wconf 86' lang='lat' dir='ltr'>quoniam</span> <span class='ocrx_word' id='word_1_249' title='bbox 3311 1819 3502 1887; x_wconf 93' lang='lat' dir='ltr'>nulla</span> <span class='ocrx_word' id='word_1_250' title='bbox 3564 1819 3781 1886; x_wconf 85' lang='lat' dir='ltr'>virtus</span> 
     </span>
     <span class='ocr_line' id='line_1_42' title="bbox 2238 1924 3775 2006; baseline 0.001 -15"><span class='ocrx_word' id='word_1_251' title='bbox 2238 1924 2466 2006; x_wconf 87' lang='lat' dir='ltr'>trahit,</span> <span class='ocrx_word' id='word_1_252' title='bbox 2498 1930 2627 1997; x_wconf 88' lang='lat' dir='ltr'>nisi</span> <span class='ocrx_word' id='word_1_253' title='bbox 2665 1929 2750 1996; x_wconf 90' lang='lat' dir='ltr'>ad</span> <span class='ocrx_word' id='word_1_254' title='bbox 2793 1928 3178 1996; x_wconf 85' lang='lat' dir='ltr'>distantiam</span> <span class='ocrx_word' id='word_1_255' title='bbox 3228 1926 3775 1996; x_wconf 87' lang='lat' dir='ltr'>determinatam.</span> 
     </span>
     <span class='ocr_line' id='line_1_43' title="bbox 2239 2030 3778 2125; baseline 0.003 -27"><span class='ocrx_word' id='word_1_256' title='bbox 2239 2030 2524 2102; x_wconf 88' lang='lat' dir='ltr'>Sinister</span> <span class='ocrx_word' id='word_1_257' title='bbox 2540 2044 2765 2104; x_wconf 88' lang='lat' dir='ltr'>autem</span> <span class='ocrx_word' id='word_1_258' title='bbox 2793 2036 3069 2125; x_wconf 91' lang='lat' dir='ltr'>ponitur</span> <span class='ocrx_word' id='word_1_259' title='bbox 3090 2033 3217 2101; x_wconf 90' lang='lat' dir='ltr'>sub</span> <span class='ocrx_word' id='word_1_260' title='bbox 3249 2033 3514 2111; x_wconf 86' lang='lat' dir='ltr'>dextro,</span> <span class='ocrx_word' id='word_1_261' title='bbox 3549 2042 3627 2101; x_wconf 91' lang='lat' dir='ltr'>ut</span> <span class='ocrx_word' id='word_1_262' title='bbox 3664 2033 3778 2102; x_wconf 89' lang='lat' dir='ltr'>det</span> 
     </span>
     <span class='ocr_line' id='line_1_44' title="bbox 2237 2143 3780 2236; baseline -0.001 -26"><span class='ocrx_word' id='word_1_263' title='bbox 2237 2143 2462 2211; x_wconf 87' lang='lat' dir='ltr'>locum</span> <span class='ocrx_word' id='word_1_264' title='bbox 2492 2145 2705 2236; x_wconf 88' lang='lat' dir='ltr'>spleni</span> <span class='ocrx_word' id='word_1_265' title='bbox 2744 2143 3203 2220; x_wconf 88' lang='lat' dir='ltr'>descendenti,</span> <span class='ocrx_word' id='word_1_266' title='bbox 3237 2152 3356 2213; x_wconf 88' lang='lat' dir='ltr'>aut</span> <span class='ocrx_word' id='word_1_267' title='bbox 3387 2152 3467 2211; x_wconf 92' lang='lat' dir='ltr'>ut</span> <span class='ocrx_word' id='word_1_268' title='bbox 3494 2143 3780 2209; x_wconf 83' lang='lat' dir='ltr'>ulterius</span> 
     </span>
     <span class='ocr_line' id='line_1_45' title="bbox 2238 2246 3787 2319; baseline -0.001 -3"><span class='ocrx_word' id='word_1_269' title='bbox 2238 2251 2308 2316; x_wconf 93' lang='lat' dir='ltr'>in</span> <span class='ocrx_word' id='word_1_270' title='bbox 2389 2250 2782 2319; x_wconf 89' lang='lat' dir='ltr'>descensum</span> <span class='ocrx_word' id='word_1_271' title='bbox 2855 2271 3090 2318; x_wconf 80' lang='lat' dir='ltr'>versus</span> <span class='ocrx_word' id='word_1_272' title='bbox 3168 2250 3468 2318; x_wconf 90' lang='lat' dir='ltr'>vesicam</span> <span class='ocrx_word' id='word_1_273' title='bbox 3559 2246 3787 2316; x_wconf 87' lang='lat' dir='ltr'>trahat</span> 
     </span>
     <span class='ocr_line' id='line_1_46' title="bbox 2238 2356 3791 2448; baseline -0.003 -24"><span class='ocrx_word' id='word_1_274' title='bbox 2238 2360 2712 2448; x_wconf 89' lang='lat' dir='ltr'>aquositatem.</span> <span class='ocrx_word' id='word_1_275' title='bbox 2775 2358 2939 2425; x_wconf 87' lang='lat' dir='ltr'>Duri</span> <span class='ocrx_word' id='word_1_276' title='bbox 2988 2366 3220 2426; x_wconf 88' lang='lat' dir='ltr'>autem</span> <span class='ocrx_word' id='word_1_277' title='bbox 3271 2356 3430 2424; x_wconf 85' lang='lat' dir='ltr'>facti</span> <span class='ocrx_word' id='word_1_278' title='bbox 3498 2363 3681 2432; x_wconf 85' lang='lat' dir='ltr'>sunt,</span> <span class='ocrx_word' id='word_1_279' title='bbox 3716 2362 3791 2421; x_wconf 90' lang='lat' dir='ltr'>ut</span> 
     </span>
     <span class='ocr_line' id='line_1_47' title="bbox 2240 2461 3843 2541; baseline -0.002 -10"><span class='ocrx_word' id='word_1_280' title='bbox 2240 2467 2327 2532; x_wconf 87' lang='lat' dir='ltr'>sit</span> <span class='ocrx_word' id='word_1_281' title='bbox 2376 2466 2445 2532; x_wconf 90' lang='lat' dir='ltr'>in</span> <span class='ocrx_word' id='word_1_282' title='bbox 2476 2470 2572 2536; x_wconf 88' lang='lat' dir='ltr'>eis</span> <span class='ocrx_word' id='word_1_283' title='bbox 2617 2468 2831 2535; x_wconf 80' lang='lat' dir='ltr'>virtus</span> <span class='ocrx_word' id='word_1_284' title='bbox 2867 2489 2948 2534; x_wconf 90' lang='lat' dir='ltr'>eo</span> <span class='ocrx_word' id='word_1_285' title='bbox 2989 2465 3312 2541; x_wconf 88' lang='lat' dir='ltr'>adunata,</span> <span class='ocrx_word' id='word_1_286' title='bbox 3347 2471 3415 2532; x_wconf 92' lang='lat' dir='ltr'>et</span> <span class='ocrx_word' id='word_1_287' title='bbox 3443 2470 3521 2530; x_wconf 89' lang='lat' dir='ltr'>ut</span> <span class='ocrx_word' id='word_1_288' title='bbox 3548 2461 3794 2530; x_wconf 88' lang='lat' dir='ltr'>melius</span> <span class='ocrx_word' id='word_1_289' title='bbox 3839 2477 3843 2482; x_wconf 81' lang='grc'><em>·</em></span> 
     </span>
     <span class='ocr_line' id='line_1_48' title="bbox 2242 2569 3787 2643; baseline -0.002 -3"><span class='ocrx_word' id='word_1_290' title='bbox 2242 2574 2509 2642; x_wconf 86' lang='lat' dir='ltr'>resistat</span> <span class='ocrx_word' id='word_1_291' title='bbox 2552 2575 2977 2643; x_wconf 88' lang='lat' dir='ltr'>nocumentis</span> <span class='ocrx_word' id='word_1_292' title='bbox 3014 2580 3373 2640; x_wconf 89' lang='lat' dir='ltr'>acutorum</span> <span class='ocrx_word' id='word_1_293' title='bbox 3413 2569 3787 2638; x_wconf 88' lang='lat' dir='ltr'>humorum</span> 
     </span>
     <span class='ocr_line' id='line_1_49' title="bbox 2242 2677 3792 2773; baseline -0.004 -23"><span class='ocrx_word' id='word_1_294' title='bbox 2242 2684 2356 2773; x_wconf 88' lang='lat' dir='ltr'>qui</span> <span class='ocrx_word' id='word_1_295' title='bbox 2383 2683 2792 2752; x_wconf 86' lang='lat' dir='ltr'>descendunt</span> <span class='ocrx_word' id='word_1_296' title='bbox 2831 2682 2913 2749; x_wconf 88' lang='lat' dir='ltr'>ad</span> <span class='ocrx_word' id='word_1_297' title='bbox 2944 2683 3128 2771; x_wconf 89' lang='lat' dir='ltr'>ipsos</span> <span class='ocrx_word' id='word_1_298' title='bbox 3157 2703 3314 2746; x_wconf 88' lang='lat' dir='ltr'>cum</span> <span class='ocrx_word' id='word_1_299' title='bbox 3348 2679 3571 2747; x_wconf 89' lang='lat' dir='ltr'>urina.</span> <span class='ocrx_word' id='word_1_300' title='bbox 3616 2677 3792 2746; x_wconf 88' lang='lat' dir='ltr'>Con-</span> 
     </span>
     <span class='ocr_line' id='line_1_50' title="bbox 2242 2786 3786 2866; baseline -0.004 -8"><span class='ocrx_word' id='word_1_301' title='bbox 2242 2792 2388 2858; x_wconf 84' lang='lat' dir='ltr'>cavi</span> <span class='ocrx_word' id='word_1_302' title='bbox 2416 2794 2621 2859; x_wconf 89' lang='lat' dir='ltr'>etiam</span> <span class='ocrx_word' id='word_1_303' title='bbox 2648 2800 2825 2866; x_wconf 85' lang='lat' dir='ltr'>sunt,</span> <span class='ocrx_word' id='word_1_304' title='bbox 2851 2799 2924 2857; x_wconf 89' lang='lat' dir='ltr'>ut</span> <span class='ocrx_word' id='word_1_305' title='bbox 2953 2789 3040 2857; x_wconf 90' lang='lat' dir='ltr'>ad</span> <span class='ocrx_word' id='word_1_306' title='bbox 3071 2788 3255 2855; x_wconf 83' lang='lat' dir='ltr'>illam</span> <span class='ocrx_word' id='word_1_307' title='bbox 3290 2786 3786 2855; x_wconf 81' lang='lat' dir='ltr'>concavitatem</span> 
     </span>
     <span class='ocr_line' id='line_1_51' title="bbox 2240 2892 3791 2966; baseline -0.003 -1"><span class='ocrx_word' id='word_1_308' title='bbox 2240 2901 2435 2966; x_wconf 87' lang='lat' dir='ltr'>urina</span> <span class='ocrx_word' id='word_1_309' title='bbox 2475 2897 2798 2966; x_wconf 87' lang='lat' dir='ltr'>trahatur.</span> <span class='ocrx_word' id='word_1_310' title='bbox 2833 2897 3102 2965; x_wconf 78' lang='lat' dir='ltr'>Habent</span> <span class='ocrx_word' id='word_1_311' title='bbox 3129 2895 3334 2963; x_wconf 87' lang='lat' dir='ltr'>etiam</span> <span class='ocrx_word' id='word_1_312' title='bbox 3364 2892 3791 2961; x_wconf 87' lang='lat' dir='ltr'>additamen-</span> 
     </span>
     <span class='ocr_line' id='line_1_52' title="bbox 2242 3003 3793 3090; baseline -0.006 -15"><span class='ocrx_word' id='word_1_313' title='bbox 2242 3014 2334 3086; x_wconf 86' lang='lat' dir='ltr'>ta,</span> <span class='ocrx_word' id='word_1_314' title='bbox 2377 3015 2449 3074; x_wconf 91' lang='lat' dir='ltr'>ut</span> <span class='ocrx_word' id='word_1_315' title='bbox 2470 3006 2926 3075; x_wconf 80' lang='lat' dir='ltr'>confirmatior</span> <span class='ocrx_word' id='word_1_316' title='bbox 2951 3008 3037 3072; x_wconf 89' lang='lat' dir='ltr'>sit</span> <span class='ocrx_word' id='word_1_317' title='bbox 3069 3005 3138 3070; x_wconf 91' lang='lat' dir='ltr'>in</span> <span class='ocrx_word' id='word_1_318' title='bbox 3159 3005 3258 3071; x_wconf 88' lang='lat' dir='ltr'>eis</span> <span class='ocrx_word' id='word_1_319' title='bbox 3287 3003 3509 3069; x_wconf 86' lang='lat' dir='ltr'>virtus</span> <span class='ocrx_word' id='word_1_320' title='bbox 3537 3009 3607 3070; x_wconf 89' lang='lat' dir='ltr'>et</span> <span class='ocrx_word' id='word_1_321' title='bbox 3634 3022 3793 3090; x_wconf 88' lang='lat' dir='ltr'>ope-</span> 
     </span>
     <span class='ocr_line' id='line_1_53' title="bbox 2245 3108 3793 3208; baseline -0.005 -26"><span class='ocrx_word' id='word_1_322' title='bbox 2245 3116 2438 3184; x_wconf 88' lang='lat' dir='ltr'>ratio.</span> <span class='ocrx_word' id='word_1_323' title='bbox 2499 3117 2965 3208; x_wconf 78' lang='lat' dir='ltr'>Aquositatem</span> <span class='ocrx_word' id='word_1_324' title='bbox 3005 3120 3236 3181; x_wconf 88' lang='lat' dir='ltr'>autem</span> <span class='ocrx_word' id='word_1_325' title='bbox 3288 3131 3444 3204; x_wconf 80' lang='lat' dir='ltr'>quae</span> <span class='ocrx_word' id='word_1_326' title='bbox 3483 3108 3793 3202; x_wconf 86' lang='lat' dir='ltr'>pervenit</span> 
     </span>
     <span class='ocr_line' id='line_1_54' title="bbox 2245 3217 3797 3316; baseline -0.006 -23"><span class='ocrx_word' id='word_1_327' title='bbox 2245 3224 2328 3293; x_wconf 91' lang='lat' dir='ltr'>ad</span> <span class='ocrx_word' id='word_1_328' title='bbox 2358 3248 2573 3302; x_wconf 85' lang='lat' dir='ltr'>renes,</span> <span class='ocrx_word' id='word_1_329' title='bbox 2650 3222 3006 3316; x_wconf 76' lang='lat' dir='ltr'>purificant</span> <span class='ocrx_word' id='word_1_330' title='bbox 3054 3243 3247 3291; x_wconf 85' lang='lat' dir='ltr'>renes</span> <span class='ocrx_word' id='word_1_331' title='bbox 3295 3227 3364 3288; x_wconf 92' lang='lat' dir='ltr'>et</span> <span class='ocrx_word' id='word_1_332' title='bbox 3439 3217 3797 3287; x_wconf 87' lang='lat' dir='ltr'>transmit-</span> 
     </span>
     <span class='ocr_line' id='line_1_55' title="bbox 2245 3324 3797 3418; baseline -0.006 -21"><span class='ocrx_word' id='word_1_333' title='bbox 2245 3336 2396 3398; x_wconf 89' lang='lat' dir='ltr'>tunt</span> <span class='ocrx_word' id='word_1_334' title='bbox 2458 3354 2611 3399; x_wconf 88' lang='lat' dir='ltr'>eam</span> <span class='ocrx_word' id='word_1_335' title='bbox 2661 3330 2746 3399; x_wconf 91' lang='lat' dir='ltr'>ad</span> <span class='ocrx_word' id='word_1_336' title='bbox 2792 3330 3112 3397; x_wconf 86' lang='lat' dir='ltr'>vesicam.</span> <span class='ocrx_word' id='word_1_337' title='bbox 3173 3326 3549 3418; x_wconf 78' lang='lat' dir='ltr'>Aquositaa</span> <span class='ocrx_word' id='word_1_338' title='bbox 3613 3324 3797 3392; x_wconf 89' lang='lat' dir='ltr'>enim</span> 
     </span>
     <span class='ocr_line' id='line_1_56' title="bbox 2246 3432 3798 3531; baseline -0.006 -24"><span class='ocrx_word' id='word_1_339' title='bbox 2246 3461 2395 3531; x_wconf 79' lang='lat' dir='ltr'>quae</span> <span class='ocrx_word' id='word_1_340' title='bbox 2423 3439 2506 3507; x_wconf 90' lang='lat' dir='ltr'>ad</span> <span class='ocrx_word' id='word_1_341' title='bbox 2564 3461 2756 3508; x_wconf 83' lang='lat' dir='ltr'>renes</span> <span class='ocrx_word' id='word_1_342' title='bbox 2813 3439 3147 3530; x_wconf 85' lang='lat' dir='ltr'>pervenit,</span> <span class='ocrx_word' id='word_1_343' title='bbox 3190 3445 3297 3505; x_wconf 83' lang='lat' dir='ltr'>est</span> <span class='ocrx_word' id='word_1_344' title='bbox 3342 3432 3572 3502; x_wconf 87' lang='lat' dir='ltr'>adhuc</span> <span class='ocrx_word' id='word_1_345' title='bbox 3632 3453 3798 3523; x_wconf 75' lang='lat' dir='ltr'>per-</span> 
     </span>
     <span class='ocr_line' id='line_1_57' title="bbox 2248 3539 3802 3638; baseline -0.007 -23"><span class='ocrx_word' id='word_1_346' title='bbox 2248 3549 2459 3616; x_wconf 84' lang='lat' dir='ltr'>mixta</span> <span class='ocrx_word' id='word_1_347' title='bbox 2504 3548 2701 3618; x_wconf 85' lang='lat' dir='ltr'>alicui</span> <span class='ocrx_word' id='word_1_348' title='bbox 2747 3546 2921 3638; x_wconf 89' lang='lat' dir='ltr'>parti</span> <span class='ocrx_word' id='word_1_349' title='bbox 2961 3542 3346 3635; x_wconf 79' lang='lat' dir='ltr'>sanguinis,</span> <span class='ocrx_word' id='word_1_350' title='bbox 3388 3548 3461 3608; x_wconf 83' lang='lat' dir='ltr'>at</span> <span class='ocrx_word' id='word_1_351' title='bbox 3487 3548 3593 3609; x_wconf 82' lang='lat' dir='ltr'>eat</span> <span class='ocrx_word' id='word_1_352' title='bbox 3623 3539 3802 3606; x_wconf 78' lang='lat' dir='ltr'>sicut</span> 
     </span>
     <span class='ocr_line' id='line_1_58' title="bbox 2245 3644 3799 3745; baseline -0.006 -24"><span class='ocrx_word' id='word_1_353' title='bbox 2245 3652 2465 3724; x_wconf 87' lang='lat' dir='ltr'>lotura</span> <span class='ocrx_word' id='word_1_354' title='bbox 2488 3655 2709 3724; x_wconf 82' lang='lat' dir='ltr'>earnis</span> <span class='ocrx_word' id='word_1_355' title='bbox 2735 3651 3009 3745; x_wconf 86' lang='lat' dir='ltr'>quando</span> <span class='ocrx_word' id='word_1_356' title='bbox 3046 3651 3314 3720; x_wconf 72' lang='lat' dir='ltr'>fortiter</span> <span class='ocrx_word' id='word_1_357' title='bbox 3369 3654 3498 3716; x_wconf 73' lang='lat' dir='ltr'>eat·</span> <span class='ocrx_word' id='word_1_358' title='bbox 3517 3644 3697 3724; x_wconf 83' lang='lat' dir='ltr'>-lota,</span> <span class='ocrx_word' id='word_1_359' title='bbox 3729 3652 3799 3712; x_wconf 89' lang='lat' dir='ltr'>et</span> 
     </span>
     <span class='ocr_line' id='line_1_59' title="bbox 2246 3759 3797 3852; baseline -0.007 -23"><span class='ocrx_word' id='word_1_360' title='bbox 2246 3759 2424 3830; x_wconf 90' lang='lat' dir='ltr'>hunc</span> <span class='ocrx_word' id='word_1_361' title='bbox 2454 3760 2856 3852; x_wconf 80' lang='lat' dir='ltr'>sanguinem</span> <span class='ocrx_word' id='word_1_362' title='bbox 2915 3759 3000 3827; x_wconf 86' lang='lat' dir='ltr'>ab</span> <span class='ocrx_word' id='word_1_363' title='bbox 3047 3759 3195 3849; x_wconf 81' lang='lat' dir='ltr'>ipsa</span> <span class='ocrx_word' id='word_1_364' title='bbox 3241 3761 3566 3846; x_wconf 76' lang='lat' dir='ltr'>separant</span> <span class='ocrx_word' id='word_1_365' title='bbox 3601 3773 3797 3819; x_wconf 80' lang='lat' dir='ltr'>renes</span> 
     </span>
     <span class='ocr_line' id='line_1_60' title="bbox 2254 3861 3801 3950; baseline -0.009 -11"><span class='ocrx_word' id='word_1_366' title='bbox 2254 3869 2338 3937; x_wconf 91' lang='lat' dir='ltr'>ad</span> <span class='ocrx_word' id='word_1_367' title='bbox 2412 3872 2898 3938; x_wconf 84' lang='lat' dir='ltr'>nutrimentum</span> <span class='ocrx_word' id='word_1_368' title='bbox 2964 3886 3164 3934; x_wconf 82' lang='lat' dir='ltr'>suum</span> <span class='ocrx_word' id='word_1_369' title='bbox 3224 3872 3290 3932; x_wconf 88' lang='lat' dir='ltr'>et</span> <span class='ocrx_word' id='word_1_370' title='bbox 3317 3861 3610 3930; x_wconf 87' lang='lat' dir='ltr'>aliarum</span> <span class='ocrx_word' id='word_1_371' title='bbox 3637 3880 3801 3950; x_wconf 89' lang='lat' dir='ltr'>par-</span> 
     </span>
     <span class='ocr_line' id='line_1_61' title="bbox 2245 3959 3799 4066; baseline -0.008 -25"><span class='ocrx_word' id='word_1_372' title='bbox 2245 3974 2414 4042; x_wconf 89' lang='lat' dir='ltr'>tium</span> <span class='ocrx_word' id='word_1_373' title='bbox 2447 3996 2601 4066; x_wconf 78' lang='lat' dir='ltr'>qua·</span> <span class='ocrx_word' id='word_1_374' title='bbox 2640 3979 2799 4040; x_wconf 78' lang='lat' dir='ltr'>sunt</span> <span class='ocrx_word' id='word_1_375' title='bbox 2826 3971 2924 4039; x_wconf 78' lang='lat' dir='ltr'>eis</span> <span class='ocrx_word' id='word_1_376' title='bbox 2961 3970 3204 4037; x_wconf 77' lang='lat' dir='ltr'>vicinae</span> <span class='ocrx_word' id='word_1_377' title='bbox 3248 3987 3267 4033; x_wconf 72' lang='grc' dir='ltr'><strong><em>ε</em></strong></span> <span class='ocrx_word' id='word_1_378' title='bbox 3298 3972 3582 4057; x_wconf 84' lang='lat' dir='ltr'>propter</span> <span class='ocrx_word' id='word_1_379' title='bbox 3614 3959 3799 4053; x_wconf 84' lang='lat' dir='ltr'>quod</span> 
     </span>
     <span class='ocr_line' id='line_1_62' title="bbox 2244 4068 3796 4172; baseline -0.009 -24"><span class='ocrx_word' id='word_1_380' title='bbox 2244 4080 2601 4172; x_wconf 81' lang='lat' dir='ltr'>contingit,</span> <span class='ocrx_word' id='word_1_381' title='bbox 2661 4078 2844 4171; x_wconf 88' lang='lat' dir='ltr'>quod</span> <span class='ocrx_word' id='word_1_382' title='bbox 2907 4099 3062 4144; x_wconf 81' lang='lat' dir='ltr'>cum</span> <span class='ocrx_word' id='word_1_383' title='bbox 3111 4094 3307 4142; x_wconf 86' lang='lat' dir='ltr'>renes</span> <span class='ocrx_word' id='word_1_384' title='bbox 3345 4068 3608 4140; x_wconf 74' lang='lat' dir='ltr'>debiles</span> <span class='ocrx_word' id='word_1_385' title='bbox 3635 4074 3796 4136; x_wconf 75' lang='lat' dir='ltr'>aunt</span> 
     </span>
     <span class='ocr_line' id='line_1_63' title="bbox 2244 4175 3796 4279; baseline -0.009 -25"><span class='ocrx_word' id='word_1_386' title='bbox 2244 4188 2313 4255; x_wconf 89' lang='lat' dir='ltr'>in</span> <span class='ocrx_word' id='word_1_387' title='bbox 2341 4188 2746 4279; x_wconf 85' lang='lat' dir='ltr'>separando,</span> <span class='ocrx_word' id='word_1_388' title='bbox 2776 4187 2853 4253; x_wconf 84' lang='lat' dir='ltr'>tit</span> <span class='ocrx_word' id='word_1_389' title='bbox 2872 4188 3068 4253; x_wconf 90' lang='lat' dir='ltr'>urina</span> <span class='ocrx_word' id='word_1_390' title='bbox 3097 4183 3272 4251; x_wconf 80' lang='lat' dir='ltr'>sicut</span> <span class='ocrx_word' id='word_1_391' title='bbox 3303 4179 3535 4249; x_wconf 86' lang='lat' dir='ltr'>lotura</span> <span class='ocrx_word' id='word_1_392' title='bbox 3551 4175 3796 4246; x_wconf 85' lang='lat' dir='ltr'>carnis.</span> 
     </span>
     <span class='ocr_line' id='line_1_64' title="bbox 2245 4287 3801 4377; baseline -0.008 -16"><span class='ocrx_word' id='word_1_393' title='bbox 2245 4292 2501 4363; x_wconf 84' lang='lat' dir='ltr'>Eodem</span> <span class='ocrx_word' id='word_1_394' title='bbox 2531 4303 2756 4362; x_wconf 90' lang='lat' dir='ltr'>autem</span> <span class='ocrx_word' id='word_1_395' title='bbox 2786 4291 2992 4360; x_wconf 90' lang='lat' dir='ltr'>modo</span> <span class='ocrx_word' id='word_1_396' title='bbox 3021 4299 3124 4360; x_wconf 81' lang='lat' dir='ltr'>est</span> <span class='ocrx_word' id='word_1_397' title='bbox 3152 4289 3236 4358; x_wconf 86' lang='lat' dir='ltr'>de</span> <span class='ocrx_word' id='word_1_398' title='bbox 3266 4287 3542 4377; x_wconf 81' lang='lat' dir='ltr'>hepate,</span> <span class='ocrx_word' id='word_1_399' title='bbox 3575 4303 3801 4375; x_wconf 85' lang='lat' dir='ltr'>quan-</span> 
     </span>
     <span class='ocr_line' id='line_1_65' title="bbox 2244 4391 3803 4491; baseline -0.006 -24"><span class='ocrx_word' id='word_1_400' title='bbox 2244 4397 2332 4468; x_wconf 91' lang='lat' dir='ltr'>do</span> <span class='ocrx_word' id='word_1_401' title='bbox 2387 4397 2602 4491; x_wconf 81' lang='lat' dir='ltr'>hepar</span> <span class='ocrx_word' id='word_1_402' title='bbox 2649 4422 2734 4468; x_wconf 83' lang='lat' dir='ltr'>ex</span> <span class='ocrx_word' id='word_1_403' title='bbox 2777 4396 3123 4466; x_wconf 87' lang='lat' dir='ltr'>debilitate</span> <span class='ocrx_word' id='word_1_404' title='bbox 3151 4417 3281 4463; x_wconf 87' lang='lat' dir='ltr'>sua</span> <span class='ocrx_word' id='word_1_405' title='bbox 3318 4414 3463 4461; x_wconf 88' lang='lat' dir='ltr'>non</span> <span class='ocrx_word' id='word_1_406' title='bbox 3492 4391 3659 4460; x_wconf 86' lang='lat' dir='ltr'>satis</span> <span class='ocrx_word' id='word_1_407' title='bbox 3685 4411 3803 4457; x_wconf 86' lang='lat' dir='ltr'>se-</span> 
     </span>
     <span class='ocr_line' id='line_1_66' title="bbox 2244 4497 3795 4601; baseline -0.008 -25"><span class='ocrx_word' id='word_1_408' title='bbox 2244 4518 2434 4600; x_wconf 90' lang='lat' dir='ltr'>parat</span> <span class='ocrx_word' id='word_1_409' title='bbox 2462 4510 2887 4601; x_wconf 80' lang='lat' dir='ltr'>sanguinem,</span> <span class='ocrx_word' id='word_1_410' title='bbox 2919 4504 3036 4574; x_wconf 89' lang='lat' dir='ltr'>sed</span> <span class='ocrx_word' id='word_1_411' title='bbox 3066 4525 3227 4573; x_wconf 88' lang='lat' dir='ltr'>cum</span> <span class='ocrx_word' id='word_1_412' title='bbox 3259 4502 3480 4570; x_wconf 88' lang='lat' dir='ltr'>nimio</span> <span class='ocrx_word' id='word_1_413' title='bbox 3509 4497 3795 4589; x_wconf 74' lang='lat' dir='ltr'>sangui·</span> 
     </span>
     <span class='ocr_line' id='line_1_67' title="bbox 2243 4604 3800 4685; baseline -0.009 -1"><span class='ocrx_word' id='word_1_414' title='bbox 2243 4637 2333 4684; x_wconf 89' lang='lat' dir='ltr'>ne</span> <span class='ocrx_word' id='word_1_415' title='bbox 2378 4616 2585 4685; x_wconf 86' lang='lat' dir='ltr'>mittit</span> <span class='ocrx_word' id='word_1_416' title='bbox 2622 4638 2772 4684; x_wconf 84' lang='lat' dir='ltr'>eam</span> <span class='ocrx_word' id='word_1_417' title='bbox 2800 4613 2885 4684; x_wconf 90' lang='lat' dir='ltr'>ad</span> <span class='ocrx_word' id='word_1_418' title='bbox 2912 4634 3112 4683; x_wconf 73' lang='lat' dir='ltr'>renes</span> <span class='ocrx_word' id='word_1_419' title='bbox 3135 4631 3296 4680; x_wconf 86' lang='lat' dir='ltr'>cum</span> <span class='ocrx_word' id='word_1_420' title='bbox 3334 4607 3561 4685; x_wconf 87' lang='lat' dir='ltr'>urina,</span> <span class='ocrx_word' id='word_1_421' title='bbox 3601 4604 3800 4673; x_wconf 77' lang='lat' dir='ltr'>simi·-</span> 
     </span>
     <span class='ocr_line' id='line_1_68' title="bbox 2244 4720 3226 4791; baseline -0.001 -2"><span class='ocrx_word' id='word_1_422' title='bbox 2244 4721 2397 4791; x_wconf 88' lang='lat' dir='ltr'>liter</span> <span class='ocrx_word' id='word_1_423' title='bbox 2423 4725 2498 4791; x_wconf 83' lang='lat' dir='ltr'>tit</span> <span class='ocrx_word' id='word_1_424' title='bbox 2525 4725 2699 4791; x_wconf 78' lang='lat' dir='ltr'>sicut</span> <span class='ocrx_word' id='word_1_425' title='bbox 2723 4722 2946 4791; x_wconf 88' lang='lat' dir='ltr'>lotura</span> <span class='ocrx_word' id='word_1_426' title='bbox 2974 4720 3226 4788; x_wconf 85' lang='lat' dir='ltr'>carnis.</span> 
     </span>
    </p>

    <p class='ocr_par' dir='ltr' id='par_1_8' title="bbox 2242 4825 3802 5665">
     <span class='ocr_line' id='line_1_69' title="bbox 2335 4825 3786 4909; baseline -0.001 -14"><span class='ocrx_word' id='word_1_427' title='bbox 2335 4827 2635 4897; x_wconf 80' lang='lat' dir='ltr'>Renibus</span> <span class='ocrx_word' id='word_1_428' title='bbox 2668 4836 2895 4896; x_wconf 86' lang='lat' dir='ltr'>autem</span> <span class='ocrx_word' id='word_1_429' title='bbox 2923 4825 3200 4894; x_wconf 80' lang='lat' dir='ltr'>advenit</span> <span class='ocrx_word' id='word_1_430' title='bbox 3226 4842 3482 4890; x_wconf 78' lang='lat' dir='ltr'>nervus</span> <span class='ocrx_word' id='word_1_431' title='bbox 3508 4837 3786 4909; x_wconf 72' lang='lat' dir='ltr'>parvus»</span> 
     </span>
     <span class='ocr_line' id='line_1_70' title="bbox 2246 4917 3800 5024; baseline -0.008 -24"><span class='ocrx_word' id='word_1_432' title='bbox 2246 4953 2331 5000; x_wconf 83' lang='lat' dir='ltr'>ex</span> <span class='ocrx_word' id='word_1_433' title='bbox 2383 4954 2521 5024; x_wconf 89' lang='lat' dir='ltr'>quo</span> <span class='ocrx_word' id='word_1_434' title='bbox 2564 4940 2879 5002; x_wconf 83' lang='lat' dir='ltr'>creantur</span> <span class='ocrx_word' id='word_1_435' title='bbox 2914 4925 3261 5021; x_wconf 89' lang='lat' dir='ltr'>panniculi</span> <span class='ocrx_word' id='word_1_436' title='bbox 3290 4921 3545 5015; x_wconf 75' lang='lat' dir='ltr'>quibus</span> <span class='ocrx_word' id='word_1_437' title='bbox 3573 4917 3800 4989; x_wconf 81' lang='lat' dir='ltr'>invol-</span> 
     </span>
     <span class='ocr_line' id='line_1_71' title="bbox 2244 5024 3799 5116; baseline -0.006 -14"><span class='ocrx_word' id='word_1_438' title='bbox 2244 5046 2520 5106; x_wconf 81' lang='lat' dir='ltr'>vuntur.</span> <span class='ocrx_word' id='word_1_439' title='bbox 2570 5036 2761 5106; x_wconf 83' lang='lat' dir='ltr'>Vena</span> <span class='ocrx_word' id='word_1_440' title='bbox 2813 5044 3044 5104; x_wconf 88' lang='lat' dir='ltr'>autem</span> <span class='ocrx_word' id='word_1_441' title='bbox 3107 5053 3196 5100; x_wconf 81' lang='lat' dir='ltr'>ex</span> <span class='ocrx_word' id='word_1_442' title='bbox 3254 5028 3468 5096; x_wconf 86' lang='lat' dir='ltr'>latere</span> <span class='ocrx_word' id='word_1_443' title='bbox 3526 5024 3799 5116; x_wconf 76' lang='lat' dir='ltr'>hepatis</span> 
     </span>
     <span class='ocr_line' id='line_1_72' title="bbox 2246 5131 3802 5234; baseline -0.007 -24"><span class='ocrx_word' id='word_1_444' title='bbox 2246 5165 2396 5234; x_wconf 65' lang='lat' dir='ltr'>quaa</span> <span class='ocrx_word' id='word_1_445' title='bbox 2475 5143 2795 5213; x_wconf 80' lang='lat' dir='ltr'>dividitur</span> <span class='ocrx_word' id='word_1_446' title='bbox 2858 5144 2925 5210; x_wconf 90' lang='lat' dir='ltr'>in</span> <span class='ocrx_word' id='word_1_447' title='bbox 3001 5136 3454 5227; x_wconf 79' lang='lat' dir='ltr'>emulgentes,</span> <span class='ocrx_word' id='word_1_448' title='bbox 3520 5131 3802 5200; x_wconf 81' lang='lat' dir='ltr'>advenit</span> 
     </span>
     <span class='ocr_line' id='line_1_73' title="bbox 2244 5235 3800 5317; baseline -0.009 -2"><span class='ocrx_word' id='word_1_449' title='bbox 2244 5247 2523 5316; x_wconf 85' lang='lat' dir='ltr'>eisdem.</span> <span class='ocrx_word' id='word_1_450' title='bbox 2556 5248 2794 5317; x_wconf 79' lang='lat' dir='ltr'>Adhuc</span> <span class='ocrx_word' id='word_1_451' title='bbox 2825 5256 3054 5314; x_wconf 86' lang='lat' dir='ltr'>autem</span> <span class='ocrx_word' id='word_1_452' title='bbox 3106 5239 3386 5310; x_wconf 76' lang='lat' dir='ltr'>advenit</span> <span class='ocrx_word' id='word_1_453' title='bbox 3425 5239 3526 5305; x_wconf 80' lang='lat' dir='ltr'>eis</span> <span class='ocrx_word' id='word_1_454' title='bbox 3550 5235 3800 5305; x_wconf 81' lang='lat' dir='ltr'>arteria</span> 
     </span>
     <span class='ocr_line' id='line_1_74' title="bbox 2243 5342 3796 5444; baseline -0.01 -20"><span class='ocrx_word' id='word_1_455' title='bbox 2243 5355 2630 5425; x_wconf 83' lang='lat' dir='ltr'>sensibilem</span> <span class='ocrx_word' id='word_1_456' title='bbox 2659 5356 2913 5424; x_wconf 85' lang='lat' dir='ltr'>habens</span> <span class='ocrx_word' id='word_1_457' title='bbox 2943 5350 3396 5444; x_wconf 88' lang='lat' dir='ltr'>quantitatem</span> <span class='ocrx_word' id='word_1_458' title='bbox 3437 5367 3524 5413; x_wconf 80' lang='lat' dir='ltr'>ex</span> <span class='ocrx_word' id='word_1_459' title='bbox 3549 5342 3796 5411; x_wconf 88' lang='lat' dir='ltr'>arteria</span> 
     </span>
     <span class='ocr_line' id='line_1_75' title="bbox 2243 5451 3793 5556; baseline -0.009 -23"><span class='ocrx_word' id='word_1_460' title='bbox 2243 5487 2392 5556; x_wconf 81' lang='lat' dir='ltr'>quoe</span> <span class='ocrx_word' id='word_1_461' title='bbox 2447 5465 2789 5534; x_wconf 79' lang='lat' dir='ltr'>derivatur</span> <span class='ocrx_word' id='word_1_462' title='bbox 2842 5460 2927 5530; x_wconf 88' lang='lat' dir='ltr'>ad</span> <span class='ocrx_word' id='word_1_463' title='bbox 2955 5461 3189 5553; x_wconf 85' lang='lat' dir='ltr'>hepar.</span> <span class='ocrx_word' id='word_1_464' title='bbox 3259 5454 3431 5523; x_wconf 87' lang='lat' dir='ltr'>Post</span> <span class='ocrx_word' id='word_1_465' title='bbox 3483 5451 3793 5521; x_wconf 87' lang='lat' dir='ltr'>membra</span> 
     </span>
     <span class='ocr_line' id='line_1_76' title="bbox 2242 5557 3784 5665; baseline -0.009 -25"><span class='ocrx_word' id='word_1_466' title='bbox 2242 5573 2448 5664; x_wconf 80' lang='lat' dir='ltr'>igitur</span> <span class='ocrx_word' id='word_1_467' title='bbox 2470 5594 2621 5665; x_wconf 76' lang='lat' dir='ltr'>quoe</span> <span class='ocrx_word' id='word_1_468' title='bbox 2650 5572 2825 5640; x_wconf 86' lang='lat' dir='ltr'>dicta</span> <span class='ocrx_word' id='word_1_469' title='bbox 2887 5579 3071 5648; x_wconf 85' lang='lat' dir='ltr'>sunt,</span> <span class='ocrx_word' id='word_1_470' title='bbox 3099 5565 3314 5656; x_wconf 81' lang='lat' dir='ltr'>hepar</span> <span class='ocrx_word' id='word_1_471' title='bbox 3363 5557 3688 5629; x_wconf 79' lang='lat' dir='ltr'>videlieet</span> <span class='ocrx_word' id='word_1_472' title='bbox 3717 5568 3784 5629; x_wconf 89' lang='lat' dir='ltr'>et</span> 
     </span>
    </p>
   </div>
   <div class='ocr_carea' id='block_1_8' title="bbox 578 5664 3783 5771">
    <p class='ocr_par' dir='ltr' id='par_1_9' title="bbox 578 5664 3783 5771">
     <span class='ocr_line' id='line_1_77' title="bbox 578 5664 3783 5771; baseline -0.001 -33"><span class='ocrx_word' id='word_1_473' title='bbox 578 5670 984 5741; x_wconf 79' lang='lat' dir='ltr'>mesaraicas</span> <span class='ocrx_word' id='word_1_474' title='bbox 1017 5664 1107 5745; x_wconf 81' lang='lat' dir='ltr'>ad</span> <span class='ocrx_word' id='word_1_475' title='bbox 1141 5670 1380 5769; x_wconf 87' lang='lat' dir='ltr'>hepar.</span> <span class='ocrx_word' id='word_1_476' title='bbox 1411 5678 1859 5752; x_wconf 85' lang='lat' dir='ltr'>Cumautem</span> <span class='ocrx_word' id='word_1_477' title='bbox 1909 5685 1979 5751; x_wconf 89' lang='lat' dir='ltr'>in</span> <span class='ocrx_word' id='word_1_478' title='bbox 2008 5681 2138 5752; x_wconf 86' lang='lat' dir='ltr'>he-</span> <span class='ocrx_word' id='word_1_479' title='bbox 2236 5681 2543 5771; x_wconf 84' lang='lat' dir='ltr'>splenen,</span> <span class='ocrx_word' id='word_1_480' title='bbox 2599 5689 2758 5749; x_wconf 78' lang='lat' dir='ltr'>eunt</span> <span class='ocrx_word' id='word_1_481' title='bbox 2827 5700 3024 5750; x_wconf 82' lang='lat' dir='ltr'>renes</span> <span class='ocrx_word' id='word_1_482' title='bbox 3090 5682 3159 5744; x_wconf 87' lang='lat' dir='ltr'>et</span> <span class='ocrx_word' id='word_1_483' title='bbox 3213 5667 3556 5762; x_wconf 79' lang='lat' dir='ltr'>suppositi</span> <span class='ocrx_word' id='word_1_484' title='bbox 3620 5677 3783 5737; x_wconf 78' lang='lat' dir='ltr'>sunt</span> 
     </span>
    </p>
   </div>
  </div>
 </body>
</html>
