4919 6371
1973 411 2143 480 LIB.
2197 411 2224 478 1
2269 410 2389 477 DE
2435 407 3020 494 ANIMALIBUS,
3069 412 3378 481 TRACT.
3431 412 3492 478 ll
4255 415 4339 482 73

1114 588 1240 654 hoc
1278 586 1527 652 sortem
1587 592 1653 650 et
1694 592 1924 674 aptam
1981 583 2240 674 perlicit
2294 578 2667 670 apprehen-

1113 694 1378 761 sionem
1413 699 1477 758 ct
1510 692 1925 760 tensionem.
1970 690 2245 762 Pollicis
2284 696 2510 754 autem
2539 690 2664 755 tria

1114 823 1264 867 ossa
1295 807 1490 866 extra
1517 808 1765 890 pecten
1803 800 1887 866 ad
1920 797 2085 864 illud
2115 820 2191 863 os
2222 805 2492 864 rascetae
2522 796 2667 864 col-

1111 908 1517 997 ligationem
1550 906 1829 985 habent,
1891 905 2075 996 quod
2104 914 2421 995 quartum
2470 905 2666 972 addi-

1112 1021 1494 1082 tamentum
1534 1035 1683 1082 esse
1713 1011 2036 1079 diximuS.
2082 1010 2208 1077 Hic
2245 1020 2470 1078 autem
2498 1009 2668 1098 digi-

1111 1127 1219 1187 tus
1256 1121 1474 1189 factus
1503 1127 1633 1202 est,
1675 1126 1755 1186 ut
1791 1117 2152 1186 concludat
2182 1139 2487 1208 pugnum
2518 1136 2668 1181 ma-

1112 1252 1264 1307 nuS‚
1286 1239 1353 1297 et
1386 1229 1539 1296 ideo
1566 1249 1773 1318 super
1802 1226 1975 1296 alios
2005 1226 2253 1318 digitos
2281 1224 2514 1315 plicari
2546 1222 2668 1289 de-

1108 1334 1296 1402 buit:
1335 1334 1522 1425 quod
1561 1357 1704 1402 non
1741 1342 1976 1426 posset
2011 1333 2181 1410 fieri,
2215 1332 2269 1398 si
2330 1331 2399 1396 in
2446 1328 2668 1396 lateri-

1106 1440 1235 1507 bus
1265 1463 1508 1508 eorum
1548 1464 1708 1511 cum
1737 1442 2004 1532 pectine
2035 1462 2278 1506 manus
2306 1436 2667 1526 colligare-

1108 1556 1239 1614 tur.

1203 1658 1480 1747 Unques
1517 1666 1752 1727 autem
1791 1664 1952 1725 sunt
1978 1656 2061 1725 de
2091 1656 2468 1725 substantia
2498 1654 2666 1722 mol·

1109 1764 1190 1831 lis
1220 1766 1397 1833 ossis
1423 1765 1536 1834 vel
1556 1765 1789 1855 potius
1817 1763 1902 1831 de
1932 1773 2172 1832 natura
2207 1786 2444 1839 cornu,
2480 1759 2664 1852 quod

1111 1869 1414 1938 medium
1467 1878 1570 1938 est
1622 1872 1804 1939 inter
1838 1894 1917 1939 os
1955 1879 2022 1939 et
2057 1870 2518 1959 cartilaginem
2548 1889 2564 1935 :
2600 1875 2665 1935 et

1108 1977 1259 2047 ideo
1290 1978 1785 2047 mollificantur
1811 1980 1882 2048 in
1931 1979 2148 2047 calido
2177 1981 2356 2046 sicco
2386 1986 2453 2045 et
2496 1976 2665 2044 cali-

1109 2085 1197 2155 do
1226 2086 1546 2167 humido,
1582 2097 1651 2156 et
1704 2097 1868 2159 sunt
1918 2089 2056 2158 dati
2108 2090 2178 2157 in
2225 2112 2416 2156 arma
2445 2098 2508 2156 et
2541 2087 2665 2155 de-

1107 2195 1489 2263 fensionem
1529 2197 1985 2264 extremitatis
2031 2196 2441 2286 digitorum:
2505 2197 2664 2284 quia

1104 2302 1302 2371 aliter
1327 2304 1396 2370 in
1430 2302 1586 2371 forti
1617 2302 2098 2393 complexione
2126 2302 2316 2394 digiti
2350 2302 2660 2370 rederent

1104 2419 1170 2478 et
1216 2409 1673 2479 laederentur:
1732 2419 1803 2478 et
1851 2411 2010 2502 quia
2077 2409 2449 2502 digitorum
2510 2434 2663 2477 ossa

1105 2541 1487 2586 concavum
1535 2541 1744 2586 suum
1807 2517 2063 2588 habent
2099 2542 2338 2587 versus
2377 2519 2662 2587 interius

1105 2648 1377 2705 manus,
1422 2626 1579 2694 ideo
1610 2628 1820 2695 etiam
1855 2629 1922 2695 in
1973 2627 2089 2696 illo
2128 2625 2375 2696 habent
2416 2650 2664 2695 carno-

1105 2735 1376 2801 sitatem
1406 2739 1474 2800 et
1511 2734 2002 2802 nervositatem
2061 2756 2341 2802 suorum
2381 2757 2661 2801 muscu-

1105 2839 1330 2908 lorum
1389 2848 1458 2908 et
1514 2863 1657 2909 non
1713 2841 2013 2910 exterius
2078 2842 2191 2910 ubi
2263 2851 2417 2909 sunt
2495 2864 2663 2910 con-

1106 2946 1287 3014 vexi.

1195 3050 1270 3121 Si
1297 3055 1509 3144 igitur
1536 3056 1777 3124 omnia
1803 3080 1962 3128 ossa
1989 3057 2165 3127 dicta
2192 3081 2657 3138 numeramuS,

1104 3171 1264 3232 sunt
1288 3163 1430 3234 duo
1470 3190 1628 3236 ossa
1658 3167 2090 3259 scapularum
2120 3193 2276 3239 cum
2306 3170 2522 3239 tribus
2549 3170 2664 3238 ad·

1103 3271 1495 3342 ditamcntis
1524 3274 1696 3359 suis,
1730 3297 2027 3367 quorum
2068 3276 2137 3345 id
2204 3278 2387 3369 quod
2424 3301 2661 3346 versus

1100 3382 1527 3473 adjutorium
1558 3386 1957 3476 porrigitur,
2027 3396 2310 3456 vocatur
2363 3399 2656 3456 rostrum

1099 3492 1327 3570 corvi,
1351 3500 1418 3561 et
1459 3516 1601 3562 non
1633 3503 1738 3563 est
1767 3518 1847 3564 os
1890 3495 2180 3587 speciale
2208 3506 2590 3588 separatum
2620 3521 2661 3567 a

1101 3598 1410 3691 spatula:
1445 3610 1515 3671 et
1558 3611 1721 3671 sunt
1766 3601 1908 3672 duo
1936 3605 2658 3699 adjutoria·utriusque

1104 3706 1390 3789 brachii,
1424 3717 1496 3779 et
1522 3718 1826 3803 quatuor
1850 3712 2244 3793 arundines,
2274 3722 2341 3783 et
2368 3715 2659 3785 sedecim

1105 3839 1258 3884 ossa
1298 3826 1745 3899 rasoetnmm,
1789 3828 1860 3890 et
1895 3829 2050 3891 octo
2109 3824 2456 3915 pectinum
2512 3848 2663 3893 ma-

1108 3945 1320 3990 nuum
1359 3922 1684 4005 duarum,
1734 3934 1803 3995 et
1831 3928 2185 4018 tringinta
2238 3953 2393 4000 ossa
2426 3929 2662 4000 decem

1105 4029 1507 4121 digitorum,
1537 4039 1607 4100 et
1631 4032 1870 4103 decern
1910 4058 2067 4105 ossa
2122 4041 2453 4130 unguium
2494 4038 2664 4108 mol-

1105 4133 1192 4202 lia
1227 4158 1424 4228 :quae
1472 4137 1710 4207 omnia
1766 4140 1970 4208 simul
2019 4151 2178 4212 suut
2234 4146 2660 4237 septuaginta

1103 4240 1239 4310 duo
1268 4267 1452 4312 ossa.
1487 4242 1567 4313 ln
1602 4245 1951 4336 juncturis
2006 4259 2232 4320 autem
2282 4252 2451 4321 laxis
2505 4261 2661 4323 sunt

1105 4331 1258 4416 (issa
1293 4349 1655 4426 sisamina.
1689 4352 1775 4421 de
1842 4355 2094 4448 quibus
2139 4361 2450 4450 superius
2478 4360 2662 4430 dixi-

1105 4480 1283 4538 mus,
1310 4480 1465 4550 quae
1509 4460 1787 4553 supleat
1821 4466 2238 4535 vacuitates:
2279 4476 2345 4537 et
2364 4466 2496 4541 hoc
2522 4494 2659 4541 non

1108 4588 1576 4639 numeramus.

1108 4781 1122 4796 ·
1193 4675 1359 4748 llaec
1388 4678 1603 4771 igitur
1650 4692 1988 4774 quantum
2041 4690 2358 4777 praesenti
2413 4690 2663 4761 suflicit

1102 4786 1493 4867 intentioni,
1516 4797 1681 4857 sunt
1707 4813 1866 4859 ossa
1903 4791 2338 4863 brachiorum
2367 4817 2525 4865 cum
2553 4796 2660 4867 his

1103 4912 1252 4982 quae
1287 4894 1612 4987 colligata
1640 4908 1804 4969 sunt
1848 4901 1971 4972 eis.

3283 1441 3576 1511 CAPUT
3629 1442 3818 1509 Xlll.

2768 2189 2865 2256 Et
2918 2200 3016 2257 est
3086 2214 3417 2260 ntcnnssuo
3490 2194 3854 2262 declarans
3928 2197 4214 2265 modum
4273 2207 4337 2265 et

2857 2318 3221 2365 numerum
3250 2301 3502 2366 ossium
3534 2325 3894 2381 comarum,
3926 2314 3992 2371 et
4019 2304 4333 2370 crurium

2858 2415 2922 2472 et
2954 2407 3213 2497 pedum
3251 2411 3841 2500 compositionem.

2858 3277 3026 3347 Post
3054 3277 3197 3348 haec
3224 3288 3453 3348 autem
3488 3278 3958 3365 investiganda
3987 3288 4148 3349 sunt
4175 3301 4330 3348 ossa

2767 3408 3094 3454 coxarum
3126 3395 3192 3453 et
3219 3387 3468 3477 pedum
3509 3393 3574 3452 et
3603 3408 3846 3453 eorum
3880 3407 4032 3476 quae
4055 3388 4156 3453 eis
4184 3385 4331 3454 alli-

2766 3504 3038 3585 gantur.

2854 3601 3166 3672 l‘rimum
3217 3602 3426 3695 igitur
3477 3610 3582 3671 est
3645 3625 3722 3670 os
3792 3602 4108 3692 semoris,
4142 3600 4327 3694 quod

2766 3710 2905 3778 exit
2941 3732 2981 3779 a
3011 3709 3193 3779 linea
3218 3709 3639 3802 spondilium
3670 3732 3915 3778 versus
3950 3707 4131 3778 latus
4152 3707 4330 3778 dex-

2767 3828 2977 3898 trum,
3036 3819 3194 3887 etin
3237 3826 3545 3887 extremo
3584 3841 3712 3889 suo
3752 3816 3960 3885 habet
4006 3816 4332 3886 concavi-

2766 3936 2977 3996 tatem
3009 3925 3381 3997 rotundam
3421 3949 3747 4017 magnam
3771 3934 3839 3996 et
3865 3926 4116 3995 fortem
4144 3925 4331 3994 intus

2766 4032 3339 4123 cartilaginosam.
3396 4031 3793 4099 Concavum
3840 4031 4028 4098 enim
4075 4039 4204 4111 est,
4254 4038 4331 4098 ut

2768 4139 3048 4231 recipiat
3073 4139 3463 4209 vertebram
3500 4160 3734 4208 coxae:
3795 4146 3864 4206 et
3920 4135 4324 4216 rotundum,

2767 4253 2841 4314 ut
2877 4247 2967 4315 sit
3003 4247 3222 4315 motui
3269 4255 3507 4339 aptum
3545 4254 3616 4314 et
3665 4270 3708 4314 a
3747 4243 4185 4314 nocumentis
4214 4267 4330 4313 re-

2766 4360 3074 4422 motum:
3121 4377 3451 4446 magnum
3481 4361 3744 4438 autem,
3791 4353 3957 4445 quia
4022 4374 4214 4421 coxoe
4251 4376 4331 4419 os

2766 4464 3075 4553 oportuit
3115 4484 3263 4531 esse
3309 4485 3668 4553 magnum,
3711 4462 3809 4530 ita
3835 4458 4027 4553 quod
4050 4468 4329 4551 portare

2765 4577 2994 4660 posset
3029 4568 3300 4661 pondus
3352 4571 3686 4661 corporis.
3729 4568 3932 4638 Forte
3960 4576 4196 4637 autem
4224 4574 4330 4637 est

2766 4676 2948 4758 ideo,
2977 4679 3143 4770 quia
3178 4686 3403 4770 portat
3428 4679 3785 4772 superiora
3826 4678 4090 4758 omnia,
4122 4685 4193 4746 et
4237 4676 4325 4745 ad

2764 4783 2991 4876 ipsum
3028 4791 3132 4854 est
3155 4784 3503 4875 colligatio
3536 4786 3854 4854 omnium
3885 4783 4318 4855 interiorum.

2766 4892 3008 4962 Simile
3037 4900 3264 4963 autem
3293 4893 3576 4964 omnino
3605 4902 3706 4962 est
3745 4893 3815 4962 in
3844 4893 4148 4963 sinistro.
4176 4891 4325 4961 Iloe.

2762 5009 2992 5071 autem
3024 5025 3103 5069 os
3132 5009 3438 5093 respectu
3481 5009 3779 5093 quatuor
3814 5001 4101 5079 situum,
4145 5022 4326 5092 qua-

2761 5118 2922 5178 tuor
2963 5107 3170 5179 habet
3233 5109 3562 5179 nomina:
3631 5109 3719 5177 ad
3767 5106 4079 5177 silvestre
4134 5106 4321 5176 enim

2758 5224 3258 5311 comparatum,
3290 5224 3574 5287 vocatur
3597 5239 3673 5285 os
3711 5216 3826 5285 ilia·
3843 5239 3868 5285 .·
3895 5215 3987 5285 ad
4011 5214 4320 5284 anterius

2760 5333 2991 5394 autem
3027 5332 3527 5418 comparatum,
3569 5332 3858 5393 vocatur
3884 5346 3960 5392 os
3983 5321 4314 5416 semoris:

2758 5432 2844 5501 ad
2875 5435 3213 5526 posterius
3258 5440 3490 5502 autem
3541 5430 3863 5511 relatum,
3903 5437 4195 5499 vocatur
4244 5453 4321 5498 os

2757 5540 3015 5634 anchq.
3079 5539 3155 5609 Si
3225 5560 3393 5610 vero
3449 5538 3788 5609 referatur
3854 5538 3943 5608 ad
4004 5536 4320 5629 superius

2755 5649 2943 5740 quod
2979 5656 3210 5718 tamen
3244 5646 3331 5715 ad
3359 5645 3643 5715 inferius
3680 5646 3982 5739 respicit,
4030 5650 4325 5715 vocatur

2753 5758 2898 5826 scia
2933 5756 3080 5827 sive
3101 5757 3312 5850 pyxis
3328 5778 3540 5837 σοι-ε,
3580 5779 3664 5825 eo
3703 5757 3890 5849 quod
3918 5752 4316 5826 vertebram
