4919 6371
2013 386 2262 460 Llss.‚1
2307 384 2427 451 DE
2473 384 3063 467 ANIMALIBUS,
3111 389 3421 460 TRACT.
3477 392 3538 458 Π
4300 405 4382 473 63

1722 1411 2016 1482 CAPUT
2061 1409 2182 1476 Xl.

1170 2186 1268 2252 Et
1295 2193 1398 2252 est
1435 2203 1770 2251 menzssro
1791 2179 2149 2247 declarans
2182 2178 2485 2267 sormam
2514 2183 2579 2241 et
2596 2196 2722 2241 nu-

1257 2313 1527 2358 merum
1556 2298 1622 2356 et
1671 2286 2048 2355 utilitatem
2090 2282 2516 2375 spondilium
2552 2279 2722 2348 colli

1251 2407 1318 2465 et
1345 2396 1561 2464 dorsi.

1256 3265 1466 3333 Nullo
1496 3263 1707 3332 modo
1736 3270 1958 3356 potest
1982 3261 2154 3330 tradi
2176 3260 2483 3330 doctrina
2512 3283 2721 3327 mem-

1169 3373 1454 3440 brorum
1483 3371 1796 3463 corporis
1823 3368 2123 3438 hominis
2159 3367 2531 3436 secundum
2560 3389 2722 3434 sen-

1169 3480 1454 3549 tentiam
1483 3474 1905 3556 Aristotelis,
1947 3475 2075 3544 nisi
2104 3474 2431 3544 faciamus
2458 3473 2722 3565 digres-

1168 3586 1467 3665 sionem,
1508 3591 1579 3655 et
1633 3583 2010 3677 perlectam
2073 3581 2419 3650 tradamus
2466 3579 2722 3649 doctri-

1170 3713 1335 3761 nam
1388 3690 1763 3761 anatomioe
1828 3689 2093 3758 ossium
2146 3695 2215 3758 et
2259 3709 2627 3757 nervorum
2654 3696 2718 3757 et

1169 3795 1645 3867 musculorum
1681 3803 1753 3866 et
1786 3815 2117 3864 venarum
2165 3801 2233 3863 et
2269 3793 2666 3863 arteriarum
2698 3814 2716 3862 z

1170 3910 1333 4000 quia
1370 3896 1522 3977 haic
1542 3906 1614 3975 in
1660 3906 1855 3974 omni
1903 3905 2345 3975 inveniuntur
2376 3902 2723 3996 composi-

1164 4016 1354 4084 tione
1421 4012 1924 4082 membrorum.
2028 4011 2492 4101 subjiciantur
2556 4033 2720 4103 ergo

1169 4122 1373 4193 nobis
1407 4143 1493 4190 ea
1531 4142 1692 4212 quae
1724 4119 1797 4188 in
1848 4120 2383 4212 pra-cedentibus
2419 4116 2591 4188 bene
2636 4118 2720 4185 de

1163 4229 1439 4299 ossibus
1498 4227 1915 4320 investigata
1976 4235 2160 4306 sunt,
2202 4226 2385 4320 quod
2413 4225 2723 4294 videlicet

1136 4336 1315 4405 ‘ossa
1378 4334 1628 4428 capitis
1683 4340 1850 4403 sunt
1909 4332 2285 4419 secundum
2364 4335 2720 4403 veritatem

1168 4441 1683 4536 quinquaginta
1724 4464 2002 4522 novem,
2059 4442 2429 4511 secundum
2458 4440 2724 4533 aliquos

1171 4548 1682 4644 quinquaginta
1702 4549 2035 4643 quinque:
2062 4557 2131 4618 et
2149 4547 2633 4639 investigemus
2651 4548 2722 4616 in

1168 4654 1479 4749 capitulo
1507 4656 1646 4726 isto
1674 4663 1746 4726 ct
1781 4656 2074 4727 formam
2128 4664 2197 4725 et
2234 4678 2595 4725 numerum
2649 4664 2718 4724 et

1169 4766 1540 4837 utilitatem
1596 4766 1889 4846 ossium,
1947 4789 2101 4859 quoe
2156 4766 2407 4836 directe
2458 4774 2618 4835 sunt
2646 4768 2716 4834 in

1172 4874 1356 4944 collo
1397 4881 1467 4944 et
1502 4875 1577 4943 in
1604 4872 1817 4945 dorso
1847 4897 2063 4967 usque
2098 4874 2182 4943 ad
2220 4874 2586 4943 terminum
2615 4897 2730 4941 re-

1172 4990 1300 5052 ctae
1334 4982 1570 5065 linem,
1602 5004 1762 5075 quae
1789 5004 1832 5050 a
1872 4980 2094 5074 capite
2127 4982 2467 5073 posterius
2507 4981 2727 5051 trahi-

1178 5097 1292 5158 tur
1325 5111 1452 5182 per
1484 5087 1772 5158 dorsum
1803 5108 2017 5181 usque
2045 5088 2131 5157 ad
2162 5088 2368 5156 linem
2422 5091 2726 5182 corporis

1176 5193 1508 5265 hominis.

1261 5302 1436 5372 Dico
1472 5324 1668 5395 ergo,
1728 5299 1918 5394 quod
1980 5299 2232 5370 collum
2286 5312 2588 5371 creatum
2627 5312 2727 5373 est

1169 5409 1641 5503 principaliter
1665 5417 1947 5501 propter
1980 5407 2323 5478 tracheam
2349 5411 2661 5479 arteriam
2706 5433 2723 5479 ε

1171 5526 1239 5587 et
1273 5518 1440 5612 quia
1475 5518 1734 5589 collum
1776 5539 1918 5586 non
1947 5516 2121 5604 bene
2156 5525 2454 5610 portaret
2499 5528 2726 5611 caput,

1171 5623 1300 5693 nisi
1320 5629 1505 5694 esset
1520 5644 1610 5695 cx
1637 5620 1912 5694 ossibus
1932 5621 2182 5692 directe
2208 5623 2338 5693 sibi
2365 5624 2725 5717 colligatis,

1169 5729 1326 5802 idco
1346 5754 1563 5802 unam
1589 5730 1898 5825 oportuit
1934 5736 2189 5801 rectam
2226 5731 2732 5825 colligationem

1462 5879 1521 5923 21

2822 560 3081 626 ossium
3148 583 3291 630 esse
3359 565 3430 629 in
3468 562 3645 630 collo
3692 587 3708 629 ε
3772 574 3841 632 et
3890 569 4050 656 quia
4126 568 4384 638 collum

2823 668 3126 756 oportuit
3155 691 3301 737 esse
3333 669 3630 737 flexibile
3661 671 3730 737 in
3763 673 3952 738 omni
3969 681 4186 763 parte,
4230 676 4383 743 ideo

2823 777 3123 865 oportuit
3159 799 3304 845 esse
3342 777 3856 868 colligationem
3888 778 4077 846 illam
4107 804 4193 848 ex
4212 783 4387 849 mul-

2821 887 2907 952 tis
2938 887 3230 954 ossibus.
3275 888 3455 967 Quia
3481 912 3646 958 vero
3678 888 3849 956 nihil
3880 889 4140 958 distans
4182 891 4384 983 longe

2822 1017 2862 1059 a
2903 1016 3028 1060 suo
3068 995 3428 1085 principio,
3463 998 3829 1088 perfectam
3870 1001 4157 1067 sortitur
4199 999 4383 1068 illius

2819 1103 3134 1191 principii
3173 1104 3522 1185 virtutem,
3565 1108 3924 1176 cerebrum
3977 1116 4210 1177 autem
4270 1108 4386 1176 dat

2821 1211 3146 1277 virtutem
3184 1233 3424 1279 sensus
3467 1222 3535 1280 et
3590 1225 3857 1284 motum
3886 1220 4010 1286 toti
4046 1220 4320 1309 corpori
4366 1240 4381 1284 :

2822 1316 2974 1384 ideo
3033 1319 3334 1406 oportuit
3387 1321 3572 1409 quod
3620 1329 3843 1389 toturn
3903 1325 4259 1394 cerebrum
4317 1334 4385 1393 et

2820 1426 3081 1516 aliquid
3107 1420 3501 1496 substantiae
3531 1437 3596 1496 et
3624 1431 3887 1521 aliquid
3916 1436 4383 1504 similitudinis

2821 1558 2964 1602 suae
2997 1538 3293 1603 mitteret
3317 1559 3440 1627 per
3468 1545 3682 1605 totam
3720 1543 4027 1631 corporis
4069 1542 4383 1634 longitu-

2822 1645 3050 1713 dinem
3094 1668 3109 1712 :
3144 1654 3211 1713 et
3257 1644 3391 1714 hoc
3426 1647 3960 1717 facit·mittendo
4008 1653 4380 1722 medullam

2820 1753 3072 1832 albam,
3107 1777 3261 1845 quae
3290 1776 3412 1845 per
3440 1755 3598 1823 colli
3637 1764 3705 1824 et
3752 1757 3938 1826 dorsi
3969 1759 4187 1827 tendit
4240 1759 4386 1829 lon-

2821 1861 3201 1952 gitudinem
3255 1882 3273 1928 τ
3315 1885 3469 1953 quae
3498 1865 3728 1931 nuclea
3759 1866 4035 1956 proprie
4067 1856 4377 1947 Vocatur,

2821 1977 2890 2036 et
2915 1978 3017 2036 est
3035 1970 3326 2036 vicarius
3354 1971 3614 2039 cerebri
3642 1994 3765 2063 per
3791 1995 4043 2041 nervos
4072 1982 4263 2042 ortos
4293 1976 4378 2043 ab

2823 2080 2995 2167 ipsa,
3038 2087 3300 2146 motum
3333 2082 3453 2146 toti
3508 2081 3813 2149 inferiori
3854 2083 4031 2172 parti
4071 2085 4380 2174 corporis

2821 2188 3325 2258 administrans,

2913 2296 3031 2365 Est
3060 2306 3286 2366 autem
3317 2298 3670 2366 sciendum
3702 2308 4021 2369 naturam
4052 2302 4124 2369 in
4161 2304 4383 2370 omni-

2821 2403 2950 2471 bus
2977 2404 3194 2472 facere
3233 2404 3419 2495 quod
3447 2413 3550 2472 est
3586 2405 3832 2473 melius
3863 2415 3932 2474 et
3959 2408 4383 2476 convenien-

2821 2510 2978 2576 tius.
3022 2508 3193 2575 Cum
3236 2510 3444 2599 igitur
3481 2511 3726 2578 melius
3756 2513 3844 2579 sit
3868 2513 4099 2580 minus
4140 2535 4382 2581 secun-

2819 2615 2984 2682 dum
3048 2618 3502 2705 quantitatem
3560 2626 3627 2684 et
3702 2617 3926 2685 levius
3983 2642 4132 2687 osse
4191 2619 4377 2709 quod

2820 2722 3302 2811 supereminet,
3356 2729 3424 2789 et
3475 2723 3696 2812 majus
3762 2732 3829 2791 et
3885 2725 4192 2814 grossius
4231 2747 4379 2793 esse

2823 2829 3006 2920 quod
3046 2832 3454 2920 supponitur
3494 2852 3510 2899 :
3574 2840 3844 2921 oportet
3875 2832 4114 2923 procul
4172 2832 4380 2901 dubio

2822 2937 3008 3029 quod
3047 2939 3344 3005 minores
3411 2940 3547 3005 sint
3586 2938 3931 3029 spondilos
3961 2939 4121 3008 colli
4174 2963 4381 3031 quam

2823 3043 3033 3123 dorsi,
3091 3052 3159 3112 et
3186 3043 3340 3114 ideo
3370 3044 3720 3135 spondilos
3748 3044 3907 3113 colli
3931 3055 4090 3114 sunt
4122 3046 4385 3115 stricta·

2824 3176 2977 3222 rum
3022 3152 3289 3222 basium
3358 3159 3668 3245 respectu
3743 3152 4167 3245 spondilium
4220 3153 4386 3223 dor-

2821 3285 2903 3330 si.

2913 3370 3192 3462 Septem
3224 3379 3455 3440 autem
3503 3381 3664 3439 sunt
3712 3394 4003 3440 numero
4034 3370 4383 3462 spondilos

2820 3478 3005 3559 colli,
3074 3501 3227 3571 quae
3294 3479 3572 3571 quidem
3617 3502 3892 3570 semper
3920 3480 3992 3548 in
4030 3480 4163 3549 isto
4195 3479 4385 3547 inve·

2822 3588 3104 3655 niuntur
3167 3608 3484 3664 numero,
3573 3586 3702 3655 nisi
3779 3587 3868 3656 sit
3939 3587 4378 3663 miraculum,

2823 3693 3010 3788 quod
3074 3693 3282 3762 alicui
3338 3693 3570 3785 aliqua
3639 3693 3723 3762 de
3778 3694 3878 3762 eis
3944 3693 4234 3763 addatur
4268 3692 4378 3763 vel

2824 3801 3194 3869 minuatur.
3249 3799 3427 3868 Sunt
3475 3809 3705 3870 autem
3764 3823 4010 3870 omnes
4054 3803 4125 3871 in
4176 3801 4384 3870 dorso

2821 3929 2949 3976 suo
2977 3906 3163 3998 quod
3188 3907 3479 3975 vertitur
3506 3915 3909 3986 retrorsum,
3952 3906 4261 3977 rotundae
4298 3907 4386 3976 ad

2824 4015 3105 4083 modum
3146 4015 3502 4108 portionis,
3562 4037 3717 4107 qum
3766 4023 3870 4084 est
3922 4015 4143 4104 major
4172 4014 4386 4084 semi-

2822 4119 3104 4201 circulo,
3136 4130 3202 4191 et
3232 4120 3486 4190 habent
3515 4131 3672 4191 ante
3717 4120 3888 4190 illud
3916 4121 4386 4192 additamenta

2825 4252 2946 4322 per
2982 4228 3265 4296 modum
3293 4227 3584 4307 alarum,
3621 4229 3800 4298 inter
3827 4251 4002 4322 quas
4040 4237 4109 4299 et
4155 4236 4388 4298 rotun·

2822 4339 2987 4407 dum
3060 4359 3264 4404 suum
3319 4344 3421 4405 est
3487 4335 3796 4404 toramen
3869 4336 4040 4404 satis
4105 4358 4384 4428 magna*

2825 4445 3248 4538 quantitatis,
3281 4465 3405 4536 per
3431 4443 3617 4535 quod
3653 4445 3900 4513 transit
3931 4442 4182 4522 nucha,
4227 4466 4384 4535 quae

2825 4562 2927 4622 est
2943 4551 3237 4620 vicarius
3255 4551 3539 4624 cerebri.
3584 4548 3731 4618 Ata·
3771 4558 4004 4619 autem
4035 4551 4188 4620 dua·
4228 4560 4391 4620 sunt

2829 4661 2898 4728 in
2942 4657 3240 4749 qualibet
3282 4679 3299 4725 :
3331 4681 3465 4727 una
3497 4657 3775 4750 quidem
3806 4682 3849 4726 a
3872 4657 4153 4738 dextris,
4187 4664 4256 4726 et
4292 4655 4389 4725 al·

2827 4777 2973 4836 tera
3025 4790 3063 4834 a
3108 4766 3398 4834 sinistris
3444 4775 3786 4857 porrecta,
3847 4788 4005 4857 quae
4052 4764 4180 4833 alze
4228 4774 4390 4832 sunt

2827 4874 3286 4944 additamenta
3313 4873 3632 4965 qua-dam
3663 4873 4098 4944 defendentia
4139 4894 4391 4942 nervos

2828 4983 2945 5075 qui
2974 4981 3417 5070 egrediuntur
3462 4982 3549 5050 ab
3579 4982 3746 5072 ipsis
3782 4981 3868 5049 de
3909 4977 4160 5050 nucha.
4211 4978 4394 5050 lntcr

2829 5091 2973 5160 alas
3040 5099 3268 5158 autem
3308 5113 3388 5157 os
3425 5088 3682 5158 habent
3737 5089 3991 5158 durum
4039 5097 4226 5173 ante,
4270 5111 4397 5180 per

2829 5196 3016 5289 quod
3036 5194 3465 5264 concluditur
3482 5197 3794 5265 foramen
3824 5219 3948 5288 per
3967 5194 4153 5287 quod
4174 5202 4396 5264 trans-

2833 5306 2882 5372 it
2921 5301 3142 5372 nueha
3176 5323 3191 5370 :
3222 5312 3289 5370 et
3317 5302 3487 5371 illud
3517 5303 3584 5370 in
3613 5301 3843 5372 medio
3870 5302 3981 5371 sui
4009 5300 4214 5370 habet
4268 5299 4396 5369 ad-

2830 5410 3281 5479 ditamentum
3304 5431 3593 5500 parvum
3613 5416 3853 5478 contra
3872 5407 4184 5476 foramen
4203 5407 4393 5500 quod

2832 5522 2934 5586 est
2977 5515 3388 5585 defensionis
3429 5538 3638 5584 causa
3681 5514 3968 5595 factum,
4004 5538 4090 5583 ne
4131 5513 4396 5607 aliquid

2833 5631 3407 5693 nocumentorum
3435 5624 3740 5691 incurrat
3775 5622 4055 5694 nuchoe.
4088 5623 4298 5694 Retro
4325 5646 4397 5690 se

2836 5737 3068 5799 autem
3124 5727 3332 5798 habet
3386 5727 3791 5820 praedictam
3856 5729 4093 5800 circuli
4134 5729 4404 5821 portio-

4083 5864 4116 5919 ὅ
