4919 6371
1971 484 2137 551 LIB.
2193 483 2320 549 XII
2370 482 2492 548 DE
2538 481 3125 563 ANIMALIBUS,
3176 483 3487 553 TRACT.
3542 484 3599 549 11

1151 665 1249 723 est
1305 679 1508 724 eausa
1563 653 2051 743 congelationis
2091 653 2230 717 sive
2272 651 2699 740 coagulatio-

1149 765 1253 831 nis
1302 765 1450 852 ejus
1503 785 1518 828 ε
1573 770 1638 828 et
1677 783 1812 827 non
1864 757 2259 847 coagulatur
2315 780 2399 823 ex
2445 756 2693 837 calore,

1146 872 1262 937 sed
1298 872 1525 960 potius
1557 890 1642 933 ex
1681 866 1968 931 humore
2000 887 2135 953 quo
2167 865 2575 932 destituitur.

1237 976 1415 1043 Sunt
1445 982 1674 1042 autem
1705 980 1769 1039 et
1801 972 1950 1039 aliae
1983 970 2420 1041 humiditates
2453 975 2522 1040 in
2554 995 2700 1040 cor-

1142 1084 1427 1175 poribus
1467 1081 1866 1149 animalium
1911 1104 1925 1147 :
1974 1081 2088 1148 sed
2121 1081 2371 1150 humor
2418 1083 2694 1172 sangui-

1143 1194 1248 1257 nis
1282 1191 1503 1280 major
1543 1198 1646 1257 est
1702 1198 1768 1257 et
1813 1189 2165 1257 abundans
2213 1213 2418 1280 super
2456 1211 2695 1257 omnes

1143 1294 1309 1362 alias
1352 1295 1658 1386 corporis
1705 1293 2143 1362 humiditates
2189 1317 2203 1361 :
2248 1304 2312 1360 et
2360 1293 2493 1360 hoc
2541 1291 2697 1383 dig-

1141 1426 1310 1470 num
1348 1413 1450 1472 est
1507 1404 1685 1481 ideo,
1749 1404 1905 1493 quia
1965 1411 2066 1469 est
2118 1400 2422 1491 corporis
2474 1401 2687 1479 cibuS,

1142 1536 1347 1604 quem
1374 1520 1645 1603 oportet
1675 1512 1964 1579 multum
2005 1533 2150 1578 esse
2183 1512 2250 1577 in
2291 1509 2691 1577 animalium

1143 1620 1570 1711 corporibus.
1626 1618 1830 1687 Cibus
1880 1620 2065 1686 enim
2106 1629 2205 1686 est
2243 1619 2531 1686 materia
2585 1627 2695 1686 to-

1138 1729 1275 1794 tius
1324 1727 1619 1794 influens
1677 1733 1743 1793 et
1790 1726 2076 1794 effluens
2140 1727 2207 1793 in
2257 1748 2567 1815 corpore,
2629 1734 2696 1793 et

1137 1835 1419 1925 sanguis
1460 1841 1563 1902 est
1609 1833 1888 1901 ultimus
1937 1834 2151 1915 cibus,
2214 1843 2287 1901 ut
2343 1833 2686 1902 diximus:

1135 1951 1202 2011 et
1244 1942 1397 2011 ideo
1452 1944 1774 2012 convenit
1824 1966 1983 2011 eum
2025 1942 2318 2009 multum
2388 1965 2558 2011 esse.
2616 1942 2692 2009 ln

1134 2053 1469 2142 sanguine
1501 2058 1603 2117 est
1629 2050 1846 2117 multa
1885 2050 2240 2119 diversitas
2293 2047 2539 2117 caloris
2577 2057 2695 2117 aut

1136 2158 1408 2248 frigoris
1447 2165 1721 2227 causata
1765 2181 1780 2225 ε
1824 2165 1941 2225 aut
1972 2181 2055 2225 ex
2102 2180 2183 2225 eo
2233 2158 2418 2248 quod
2471 2157 2693 2226 adhuc

1138 2288 1277 2331 non
1327 2265 1742 2333 sufficienter
1789 2264 2087 2356 digestus
2146 2274 2269 2343 est,
2343 2274 2463 2333 aut
2519 2265 2691 2334 forte

1137 2374 1297 2462 quia
1339 2381 1700 2462 corruptus
1739 2382 1843 2440 est
1899 2395 1983 2439 ex
2037 2372 2265 2464 aliquo
2315 2373 2687 2455 accidente,

1137 2479 1325 2571 quod
1367 2480 1440 2547 in
1472 2478 1889 2570 praehabitus
1920 2482 2498 2549 enumeravimus.

1689 3456 1982 3525 CAPUT
2037 3457 2121 3524 ll.

1137 4213 1240 4280 De
1292 4210 1749 4303 piu-quemuis
1805 4221 1870 4278 et
1925 4210 2101 4278 :irbi
2145 4220 2424 4287 nalum,
2490 4222 2553 4279 et
2608 4211 2693 4279 dc

1622 4341 1832 4385 causa
1872 4317 2216 4386 medullee.

1220 5189 1462 5258 Zirbus
1516 5209 1683 5257 vero
1723 5196 1789 5257 et
1836 5186 2178 5280 pinguedo
2218 5186 2536 5254 differunt
2577 5211 2692 5254 se-

1129 5297 1434 5368 cundum
1547 5296 1908 5386 sanguinis
2013 5294 2552 5385 superfluitatem

1129 5415 1498 5497 utrumque
1537 5405 1723 5473 enim
1757 5403 2032 5473 illorum
2065 5411 2166 5471 est
2204 5406 2485 5494 sanguis
2532 5425 2687 5470 cum

1131 5513 1359 5604 aliqua
1399 5511 1795 5581 decoctione
1842 5535 1856 5580 ε
1913 5533 1994 5579 eo
2035 5510 2217 5601 quod
2264 5534 2348 5578 ex
2385 5510 2540 5578 cibo
2587 5512 2693 5578 ci-

1131 5622 1268 5690 tius
1318 5626 1385 5689 et
1441 5618 1686 5686 melius
1742 5618 2192 5696 convertibili,
2253 5620 2368 5708 qui
2412 5627 2693 5709 propter

1135 5728 1589 5818 aquositatem
1620 5732 1688 5793 et
1725 5725 2112 5793 aereitatem
2163 5747 2301 5791 non
2340 5724 2692 5794 sufficien-

1136 5843 1241 5904 ter
1269 5834 1665 5912 affinitatur,
1708 5841 1774 5901 et
1804 5831 2220 5901 assimilatur
2245 5833 2397 5901 cibo
2440 5833 2686 5902 ultimo

4238 487 4365 552 619

2812 651 3151 732 animalis,
3188 660 3251 718 ct
3292 661 3394 718 est
3418 652 3631 719 facilis
3664 653 4082 723 decoctionis
4114 666 4176 725 et
4208 681 4367 726 eon-

2800 760 3158 836 versionis,
3215 758 3509 826 elsicitur
3570 760 3915 849 pinguedo
3966 772 4082 829 aut
4123 788 4361 856 sepum

2801 873 2916 931 aut
2969 866 3217 933 zirbuS.
3282 866 3503 955 llujus
3570 876 3801 935 autem
3868 872 4142 960 signum
4221 882 4344 951 est,

2802 971 2981 1059 quod
3019 973 3365 1062 pinguedo
3414 982 3481 1040 et
3527 973 3751 1041 zirbus
3801 998 3940 1043 non
3986 978 4356 1046 inveniun-

2800 1086 2929 1156 tur,
2965 1081 3090 1146 nisi
3135 1082 3203 1147 in
3235 1081 3513 1147 animali
3556 1083 3750 1169 cujus
3782 1106 4030 1173 corpus
4075 1094 4177 1152 est
4224 1086 4359 1154 ser-

2797 1186 2933 1267 tile,
2969 1186 3099 1254 hoc
3130 1195 3254 1265 est,
3290 1187 3483 1254 facile
3525 1188 3847 1255 nutribile
3887 1198 3954 1256 et
3986 1190 4182 1258 bonae
4214 1194 4347 1260 dis-

2795 1295 3200 1382 positionis:
3247 1316 3404 1384 pars
3443 1296 3625 1360 enim
3676 1296 4112 1386 pinguedinis
4157 1322 4354 1367 com-

2797 1404 3097 1469 municat
3126 1424 3281 1468 cum
3313 1424 3465 1469 aere
3496 1410 3563 1470 et
3601 1404 3786 1494 igne,
3823 1406 3987 1495 quia
4015 1406 4149 1474 cito
4198 1431 4355 1476 sus-

2796 1511 2955 1600 cipit
2993 1510 3290 1578 calorem
3323 1518 3388 1578 et
3415 1510 3679 1579 sortiter
3709 1514 3955 1581 retinet
3983 1515 4231 1606 ipsum.
4268 1516 4354 1584 Et

2796 1618 2938 1687 haec
2965 1628 3066 1688 est
3085 1642 3313 1698 causa,
3348 1619 3533 1711 quod
3565 1619 3712 1689 haec
3738 1644 3878 1690 non
3911 1624 4354 1694 inveniuntur

2799 1729 2865 1793 in
2905 1725 3314 1794 animalibus
3348 1729 3680 1818 sanguine
3721 1732 4135 1799 carentibus.
4179 1732 4355 1800 Ani-

2798 1836 2932 1903 mal
2971 1845 3199 1903 autem
3239 1836 3426 1926 quod
3473 1835 3679 1906 babet
3717 1842 4126 1930 sanguinem
4174 1844 4355 1932 spis-

2796 1966 2947 2011 sum
2993 1945 3458 2011 terrestreitati
3516 1949 3824 2035 corporis
3864 1949 4011 2037 ejus
4066 1950 4355 2038 propin-

2798 2074 3036 2142 quum,
3092 2051 3296 2120 babet
3339 2053 3601 2121 zirbum
3655 2078 3670 2122 ε
3716 2078 3797 2123 eo
3856 2056 4044 2146 quod
4099 2058 4345 2138 zirbus,

2797 2163 2964 2228 sieut
2997 2162 3063 2228 in
3096 2161 3562 2250 superioribus
3593 2163 4016 2232 declaratum
4056 2176 4182 2244 est,
4228 2175 4355 2234 ter·

2798 2271 3022 2335 restris
3053 2278 3151 2335 est
3193 2292 3208 2335 ε
3247 2278 3310 2336 et
3344 2279 3620 2362 propter
3650 2269 3782 2340 boc
3820 2271 4044 2339 zirbus
4095 2297 4355 2364 coagu-

2794 2378 2971 2446 latur
3025 2383 3194 2447 sicut
3255 2383 3535 2472 sanguis
3587 2383 3653 2449 in
3714 2406 3851 2473 quo
3913 2393 4073 2451 sunt
4139 2386 4353 2452 multa

2794 2487 3011 2556 filaria
3105 2489 3407 2570 subtilia,
3492 2490 3575 2560 de
3680 2491 3932 2582 quibus
4024 2492 4347 2561 diximus,

2796 2597 3124 2665 Brodium
3178 2600 3383 2666 etiam
3438 2601 3506 2666 in
3553 2622 3690 2690 quo
3740 2600 4149 2691 decoquitur
4194 2625 4351 2670 caro

2795 2703 2944 2770 talis
2975 2705 3316 2783 animalis,
3360 2707 3566 2774 ctiam
3606 2706 4013 2797 congelatur
4061 2715 4130 2775 et
4184 2732 4355 2777 con-

2793 2822 2964 2881 stat:
3000 2821 3348 2881 terrestres
3372 2818 3554 2882 enim
3576 2825 3803 2906 partes
3837 2818 3904 2884 in
3940 2817 4054 2884 tali
4084 2819 4355 2884 anima-

2794 2919 2840 2986 li
2906 2928 3061 2986 sunt
3129 2920 3389 2998 multer,
3451 2928 3517 2987 et
3572 2929 3802 3011 partes
3855 2945 4134 3013 aquosa·
4194 2932 4346 2990 sunt

2795 3049 3024 3116 paucae
3059 3049 3074 3094 :
3114 3035 3391 3117 propter
3421 3028 3608 3118 quod
3646 3030 3854 3096 etiam
3894 3029 4157 3097 zirbum
4188 3053 4354 3120 prae-

2795 3136 2986 3225 cipue
3028 3134 3377 3205 abundare
3432 3136 3749 3205 videmus
3817 3139 3886 3205 in
3953 3139 4354 3229 corporibus

2795 3243 3223 3326 animalium,
3260 3268 3414 3335 quae
3446 3244 3766 3312 dentibus
3794 3255 4028 3314 carent
4058 3248 4128 3313 in
4159 3270 4357 3316 man·

2794 3349 3027 3418 ‹libula
3085 3352 3446 3442 superiori,
3501 3360 3563 3420 et
3606 3351 4018 3421 habentibus
4065 3377 4344 3422 cornua.

2796 3457 2942 3525 lloc
2987 3465 3215 3525 autem
3256 3457 3509 3526 animal
3560 3459 4001 3529 manifestum
4050 3470 4153 3528 est
4200 3483 4346 3529 esse

2794 3563 3070 3653 plenum
3108 3563 3447 3633 elemento
3477 3566 3805 3642 terrestri,
3848 3588 3931 3634 eo
3964 3566 4149 3656 quod
4189 3589 4348 3635 cor-

2792 3691 2927 3736 nua
2964 3678 3030 3737 et
3060 3670 3336 3760 ungula·
3377 3693 3517 3740 suae
3565 3672 3648 3739 de
3686 3671 4086 3763 hujusmodi
4133 3696 4348 3764 gene-

2794 3788 3026 3848 rantur
3079 3781 3444 3850 elemento.
3475 3782 3775 3873 LAnimal
3822 3792 4054 3853 autem
4112 3806 4350 3853 carens

2794 3890 3065 3979 quidem
3106 3889 3427 3958 dentibus
3452 3893 3519 3959 in
3553 3892 3954 3960 mandibula
3983 3895 4343 3983 superiori,

2794 3995 2907 4062 sed
2938 4019 3174 4063 carens
3202 3995 3522 4064 cornibus
3552 4006 3654 4065 est
3682 4005 4027 4078 terrestre,
4060 3998 4179 4067 sed
4209 4022 4349 4067 non

2793 4113 3058 4172 tantum
3102 4128 3118 4172 ε
3156 4113 3219 4173 et
3254 4104 3407 4174 ideo
3440 4106 3646 4174 habet
3672 4108 4164 4198 pinguedinem
4193 4132 4347 4200 qua·

2791 4236 3025 4305 sepum
3085 4222 3365 4281 vocatur
3411 4213 3563 4282 loco
3620 4214 3786 4283 zirbi
3848 4237 3865 4283 ε
3926 4224 3994 4283 et
4033 4215 4150 4284 illa
4203 4218 4354 4306 pin-

2796 4321 3018 4408 guedo
3048 4343 3187 4389 non
3230 4329 3332 4388 est
3376 4321 3547 4389 adeo
3593 4323 4136 4390 comminuibilis
4176 4324 4351 4392 sicut

2791 4433 3013 4501 zirbus
3044 4431 3318 4523 quando
3350 4434 3757 4511 exsiccatur,
3802 4455 3885 4502 eo
3917 4434 4106 4525 quod
4143 4442 4352 4503 natu-

2795 4566 2862 4609 ra
2894 4544 3040 4631 ejus
3070 4563 3209 4608 non
3240 4550 3342 4609 est
3367 4541 3538 4609 adeo
3570 4544 3910 4611 terrestris
3951 4552 4238 4612 naturae.

2884 4647 3290 4737 llujusmodi
3350 4657 3578 4717 autem
3643 4650 3991 4742 pinguedo
4077 4651 4353 4742 quando

2795 4780 3010 4849 pauca
3049 4757 3348 4824 fueritin
3388 4756 3716 4826 membris
3754 4759 4100 4839 animalis,
4144 4760 4356 4851 juva-

2797 4866 2888 4932 bit
2929 4889 2943 4933 :
3004 4887 3088 4932 eo
3148 4864 3331 4955 quod
3392 4886 3530 4934 non
3588 4863 3909 4956 prohibet
3971 4866 4351 4936 bonitatem

2795 4997 3058 5053 sensus,
3092 4983 3160 5042 et
3189 4974 3482 5042 adducet
3511 4976 3876 5042 sanitatem
3916 4982 3985 5043 et
4020 4974 4358 5044 fortitudi-

2794 5108 2954 5153 nem
2992 5106 3007 5151 :
3043 5105 3198 5151 cum
3240 5091 3469 5151 autem
3501 5082 4023 5174 multiplicatur,
4059 5084 4350 5152 multum

2796 5191 3088 5265 nocebit,
3113 5198 3177 5257 et
3206 5190 3378 5258 forte
3410 5201 3799 5281 corrumpet
3831 5191 4088 5260 animal
4123 5214 4138 5258 :
4175 5215 4356 5282 quo-

2796 5300 2976 5364 niam
3000 5298 3054 5364 si
3087 5304 3308 5364 tolum
3337 5318 3588 5388 corpus
3616 5299 4053 5386 cooperiatur
4072 5298 4357 5389 pingue-

2796 5406 2949 5472 ‹line
3005 5413 3118 5471 aut
3160 5404 3371 5487 zirbo,
3441 5426 3717 5472 necesse
3785 5411 3888 5471 est
3941 5405 4129 5494 quod
4194 5414 4356 5476 tunc

2796 5513 3125 5580 moriatur
3150 5511 3400 5578 animal
3446 5533 3461 5578 ε
3498 5511 3658 5603 quia
3699 5518 3860 5578 tunc
3892 5512 4239 5603 pinguedo
4287 5525 4354 5583 et

2793 5617 3015 5684 zirbus
3045 5619 3363 5707 operiunt
3402 5616 3792 5685 membrum
3828 5617 3896 5685 in
3929 5641 4070 5710 quo
4107 5641 4349 5689 sensus

2792 5734 2889 5795 est
2949 5732 3165 5793 tactus
3228 5747 3244 5791 ε
3295 5731 3362 5791 et
3417 5733 3579 5792 sunt
3623 5726 3769 5794 sine
3821 5748 4031 5794 sensu
4069 5727 4242 5794 sicut
4281 5736 4349 5795 et

2794 5835 3070 5926 sanguis
3099 5857 3185 5904 ex
3214 5854 3354 5924 quo
3384 5841 3706 5924 generata
3733 5842 3894 5902 sunt
3928 5854 3945 5901 :
3989 5833 4176 5923 quia,
4210 5835 4349 5903 sic-
