4919 6371
832 389 964 455 562
1881 376 1967 448 l).

833 563 1006 629 tiam
1079 559 1337 626 animae
1402 557 1813 651 perfectam,
1880 558 1973 627 ita
2033 567 2193 627 sunt
2237 559 2447 626 etiam

829 672 1211 742 necessarii
1258 671 1346 741 ad
1378 674 1747 743 scientiam
1800 671 2171 765 perlectam
2215 670 2448 739 aliun-

837 785 947 855 de.
988 784 1237 879 Neque
1294 785 1554 856 dicitur
1617 786 1730 857 hic
1781 787 2095 865 scientia,
2154 808 2308 876 qua·
2343 792 2445 850 est

829 898 1117 970 effectus
1160 899 1833 971 demonstrationis:
1873 897 2208 991 quoniam
2251 895 2443 964 illam

826 1011 1091 1084 habere
1127 1038 1269 1084 non
1328 1037 1706 1107 possumus
1767 1012 1852 1081 (10
1911 1011 2178 1080 naturis
2235 1009 2448 1103 parti-

822 1125 1183 1203 cularibus
1218 1124 1667 1205 animalium,
1707 1123 1827 1192 sed
1889 1123 2297 1216 opinionem
2359 1145 2445 1192 ex

822 1238 1314 1333 probabilibus
1388 1262 1770 1331 possumus
1838 1237 2230 1331 concipere,
2291 1259 2445 1329 quae

819 1350 982 1420 licet
1024 1350 1094 1417 in
1128 1348 1367 1443 aliqua
1394 1358 1594 1443 parte
1638 1350 1745 1419 sui
1780 1351 1869 1420 sit
1916 1351 1999 1418 de
2052 1349 2260 1419 rebus
2312 1371 2447 1417 no-

819 1460 1081 1530 bilibus
1117 1471 1186 1532 et
1225 1461 1570 1556 pulchris,
1610 1464 1788 1533 sicut
1830 1462 1914 1533 de
1972 1466 2119 1533 vita
2168 1464 2447 1532 anima-

821 1572 997 1642 lium
1034 1584 1102 1643 et
1161 1575 1421 1644 animae.
1486 1574 1866 1669 operibus:
1923 1583 1994 1645 et
2048 1573 2300 1645 alicubi
2331 1574 2445 1642 vi-

823 1686 1074 1757 deatur
1106 1712 1257 1758 esse
1290 1689 1480 1777 vilis,
1508 1688 1684 1759 sicut
1720 1687 1804 1757 de
1839 1686 2338 1782 egestionibus,
2376 1692 2444 1755 et

819 1802 1071 1889 urinis,
1129 1811 1195 1871 et
1248 1801 1704 1895 hujusmodi:
1771 1810 2008 1871 tamen
2050 1826 2174 1895 per
2214 1809 2439 1871 totum

819 1926 925 1983 est
1000 1913 1218 1992 utilis,
1287 1915 1454 2009 quia
1496 1914 1797 1985 scientia
1840 1922 2250 1984 naturarum
2285 1916 2441 1983 ani-

825 2024 1123 2096 malium
1159 2027 1312 2096 sine
1347 2025 1457 2094 his
1499 2024 1742 2095 baberi
1789 2049 1931 2095 non
1963 2036 2215 2119 potest.

928 2137 1310 2207 l'raedictos
1353 2146 1593 2207 autem
1628 2137 1807 2207 duos
1850 2138 2100 2206 mod-»s
2141 2137 2442 2207 manife-

820 2259 1007 2320 stum
1049 2259 1154 2320 est
1188 2275 1341 2321 esse
1385 2252 1455 2320 in
1489 2251 1682 2320 oinni
1727 2251 2107 2344 opinione:
2147 2253 2304 2344 quia
2348 2250 2445 2320 al-

702 2389 711 2396 ·
818 2372 925 2433 ter
964 2364 1250 2435 illorum
1284 2375 1390 2435 est
1439 2365 1727 2435 scientia
1775 2366 1872 2435 rei
1913 2366 2225 2459 qua-sitae
2284 2390 2443 2462 quae

824 2485 925 2546 est
961 2475 1247 2546 babitus
1280 2476 1849 2564 conclusionum,
1897 2500 1980 2546 ex
2023 2478 2277 2571 quibus
2319 2502 2443 2547 no·

821 2587 927 2657 bis
968 2598 1352 2682 generatur
1382 2590 1625 2684 opinio
1650 2588 1735 2659 «le
1767 2589 2242 2659 accidentibus
2283 2615 2437 2684 qua·

817 2702 1054 2772 insunt
1123 2702 1580 2772 animalibus.
1654 2701 1848 2772 Alter
1905 2713 2140 2773 autem
2183 2714 2277 2773 est
2328 2708 2439 2773 in-

813 2815 1106 2884 structio
1139 2825 1202 2884 et
1239 2814 1562 2884 doctrinm
1596 2839 1721 2908 per
1752 2815 1984 2909 priora
2018 2839 2172 2909 qua·
2196 2816 2434 2887 dicunt

813 2927 983 3020 quid
1014 2936 1114 2995 est
1152 2936 1219 2997 et
1254 2936 1542 3021 propter
1584 2926 1752 3021 qnid
1801 2937 1905 2997 cst
1973 2930 2433 3023 nuinnquod-

810 3064 946 3136 que
982 3040 1570 3111 substantialiter.
1641 3039 1799 3109 Non
1854 3043 2042 3111 enim
2102 3041 2429 3113 ‹listinitiu

810 3153 1043 3224 solum
1082 3154 1251 3224 «licit
1293 3154 1627 3248 quidest,
1674 3153 1796 3224 sed
1870 3165 2157 3249 propter
2213 3158 2424 3252 quiet:

821 3293 906 3336 en
949 3268 1140 3362 quod
1176 3268 1386 3339 (latur
1419 3292 1543 3362 per
1582 3293 1830 3338 causas
1883 3269 2421 3341 substantiales:

808 3389 1098 3474 propter
1130 3380 1321 3474 quod
1366 3381 1580 3450 etiam
1627 3382 2035 3451 instructiva
2070 3391 2170 3452 est
2212 3386 2430 3455 scien-

805 3498 902 3565 tia
946 3496 1020 3565 in
1055 3494 1174 3566 illa
1203 3504 1406 3589 parte
1453 3506 1521 3567 et
1554 3496 1984 3567 doctrinalis.

900 3606 989 3678 lli
1019 3610 1234 3679 etiam
1266 3609 1410 3679 «luo
1446 3609 1637 3680 modi
1673 3612 2040 3681 necessarii
2077 3638 2225 3685 esse
2259 3638 2427 3708 pro-

804 3716 1064 3792 bantur
1123 3720 1194 3791 in
1249 3724 1447 3792 omni
1500 3724 1838 3819 opinione
1908 3733 1976 3794 et
2009 3727 2423 3820 operatione

803 3835 1154 3905 auditoris
1197 3836 1594 3931 prudentis,
1622 3837 1823 3931 cujus
1855 3848 1957 3909 est
1990 3838 2305 3931 judicare
2337 3841 2421 3912 de

801 3947 1258 4020 sermonibus
1320 3948 1715 4020 diffinitivis
1783 3949 2077 4022 dicentis
2157 3952 2423 4049 aliquid

799 4084 927 4157 per
973 4061 1525 4134 diffinitionem:
1571 4072 1639 4134 et
1679 4065 1883 4158 cujus
1924 4074 2024 4136 est
2059 4069 2420 4162 etiamju-

801 4173 1036 4246 dicare
1106 4173 1195 4247 de
1254 4173 1745 4247 locutionibus
1815 4177 2295 4252 ratiocinantis
2352 4192 2414 4253 et

797 4285 1170 4381 probantis
1239 4286 1510 4384 aliquid
1620 4288 1850 4360 inesse
1954 4291 2417 4362 accidentium

799 4400 1299 4469 communium
1378 4407 1500 4470 aut
1599 4402 2079 4495 propriorum.
2159 4400 2421 4474 indicat

798 4511 992 4582 enim
1033 4513 1132 4582 sic
1176 4519 1417 4582 utrum
1452 4512 1523 4582 in
1569 4511 1804 4583 verbis
1833 4514 1924 4584 sit
1963 4537 2236 4594 verum,
2300 4524 2419 4586 ant

797 4631 1071 4694 erretur
1122 4626 1193 4694 in
1248 4625 1396 4695 eis:
1453 4632 1521 4694 et
1573 4624 1899 4696 videatur
1956 4627 2241 4722 quidem
2292 4653 2420 4698 ve-

794 4760 983 4818 rum,
1040 4761 1204 4808 cum
1257 4746 1500 4809 tamen
1553 4737 1643 4809 sit
1702 4737 1982 4811 falsum.
2031 4739 2120 4810 lli
2181 4750 2414 4812 autem

792 4848 935 4920 duo
969 4851 1165 4922 modi
1229 4850 1621 4935 sufficiunt,
1682 4879 1768 4923 eo
1810 4854 2003 4949 quod
2063 4880 2147 4926 ex
2181 4855 2417 4926 onini-

789 4960 925 5033 bus
968 4964 1040 5034 in
1072 4964 1370 5037 scientia
1404 4963 1707 5035 naturali
1740 4965 2002 5038 habitis
2033 4968 2253 5048 libris,
2298 4996 2415 5040 sa-

791 5078 881 5147 tis
912 5087 1190 5151 constat
1223 5104 1377 5150 esse
1411 5077 1762 5151 naturalia
1798 5104 1814 5151 ε
1854 5090 1917 5151 et
1973 5084 2409 5176 superfluum

789 5198 892 5259 cst
932 5190 1235 5285 probare
1280 5191 1443 5276 boc,
1488 5192 1671 5264 sicut
1704 5194 1775 5262 in
1807 5193 2120 5266 secundo
2160 5197 2413 5290 Physi-

785 5327 1032 5374 corum
1066 5305 1381 5377 diximus
1421 5330 1436 5377 :
1472 5314 1544 5376 ct
1593 5312 1872 5378 constat
1903 5309 2119 5378 etiam
2189 5309 2409 5380 multa

788 5412 1064 5487 inesse:
1101 5425 1171 5489 et
1213 5417 1374 5489 ideo
1417 5443 1564 5490 non
1609 5426 1774 5488 sunt
1826 5417 2035 5491 nobis
2083 5443 2412 5493 necessa-

784 5527 869 5596 rii
902 5529 1039 5599 nisi
1081 5533 1198 5602 isti
1229 5531 1376 5603 duo
1410 5531 1604 5602 modi
1639 5531 1933 5615 sciendi,
1971 5542 2048 5603 ut
2100 5535 2408 5608 sciamus

780 5641 955 5736 quid
1001 5652 1107 5715 est
1143 5669 1254 5718 res
1283 5670 1413 5743 per
1443 5645 1943 5730 substantiam,
1990 5655 2059 5720 et
2101 5649 2407 5722 sciamus

777 5752 1088 5849 qualiter
1117 5757 1363 5832 insunt
1400 5761 1504 5831 eis
1541 5758 1973 5833 animalibus
2005 5786 2162 5858 quae
2225 5787 2407 5836 enu-

774 5870 1241 5960 meravimus,
1267 5896 1351 5944 ea
1383 5896 1540 5969 quae
1561 5873 1733 5970 ipsis
1755 5873 1941 5948 dicta
1960 5885 2127 5950 sunt
2144 5877 2398 5951 inesse.

774 5982 1225 6059 Credendum
1296 5988 1489 6059 enim
1572 5997 1681 6060 est
1786 5991 2392 6077 certitudinaliter,

2022 375 2226 448 ALB.
2284 374 2509 444 MAG.
2566 374 2777 446 om).
2841 374 3152 446 PRAED.

2568 557 2758 649 quod
2803 558 3046 626 omnis
3078 557 3328 626 doctus
3360 556 3650 644 docens,
3697 566 3767 627 et
3798 557 4095 626 audieus
4128 565 4200 626 et

2558 669 2889 759 judicans
2940 670 3025 737 de
3077 670 3365 751 auditis,
3420 670 3627 741 debet
3665 669 3847 739 banc
3889 670 4201 764 disposi-

2567 781 2834 849 tionem
2897 780 3157 851 babere
3220 783 3291 850 in
3345 807 3556 876 opere
3581 784 3860 875 judicii,
3908 793 3971 853 et
4008 782 4193 853 hanc

2565 893 2896 964 virtutem
2930 894 3215 965 habitus
3246 899 3555 990 regentis
3612 907 3682 968 et
3741 897 4195 967 informantis

2554 1005 2905 1097 judicium
2977 1031 3216 1091 suum,
3264 1008 3456 1101 quod
3520 1007 3688 1078 facit
3748 1008 3832 1078 de
3904 1008 4200 1079 scientia

2563 1117 2980 1188 animalium
3018 1142 3033 1189 ε
3081 1118 3232 1190 haec
3265 1121 3454 1190 enim
3488 1128 3656 1190 sunt
3689 1120 3775 1189 de
3831 1121 4200 1214 operatio-

2562 1252 2649 1299 ne
2682 1228 3137 1316 documenta,
3214 1239 3280 1302 et
3342 1232 3427 1301 de
3497 1233 3698 1303 omni
3734 1231 4194 1302 multitudine

2551 1344 2985 1436 judiciorum
3019 1370 3177 1441 quae
3212 1346 3420 1417 debet
3460 1346 3730 1417 habere
3772 1346 3857 1415 de
3918 1348 4195 1417 naturis

2560 1457 3106 1551 particularibus
3148 1458 3596 1529 animalium.
3649 1458 3813 1528 Non
3864 1458 4056 1528 enim
4090 1466 4196 1529 est

2558 1569 2879 1641 doctrina
2908 1571 3248 1666 sapientis
3278 1571 3513 1643 solum
3549 1575 3622 1642 in
3647 1571 4037 1643 universali
4060 1596 4193 1642 na-

2558 1690 2717 1751 tura
2745 1706 2760 1750 :
2801 1681 2925 1752 sed
2958 1691 3241 1777 oportet
3264 1684 3458 1779 quod
3499 1684 3677 1754 sorte
3711 1685 3802 1755 sit
3833 1683 3919 1754 de
3952 1686 4194 1777 cogni-

2557 1792 2749 1863 tione
2785 1793 3086 1887 alicujus
3139 1804 3588 1877 naturarum,
3629 1804 3699 1866 et
3759 1795 3844 1865 de
3895 1795 4191 1866 scientia

2556 1909 2964 2002 particulari
2999 1910 3468 1981 accidentium
3504 1910 3693 1981 illius
3712 1910 4186 2005 singularium

2559 2026 2628 2092 et
2659 2024 3156 2115 propriorum:
3206 2033 3271 2094 et
3316 2023 3714 2094 secundum
3772 2023 3966 2094 hunc
4015 2047 4184 2094 mo-

2558 2130 2726 2200 dum
2773 2134 2955 2202 alius
2988 2136 3269 2228 sapiens
3304 2135 3413 2204 vel
3450 2135 3639 2204 idem
3673 2142 3794 2205 aut
3823 2134 4032 2221 alius,
4070 2143 4183 2205 ta-

2558 2268 2718 2314 men
2752 2250 2883 2318 erit
2918 2246 3196 2330 doctus,
3235 2257 3302 2318 et
3335 2252 3619 2342 sapiens
3661 2250 3734 2319 in
3765 2250 4181 2344 cognitione

2558 2371 2974 2434 naturarum
3008 2365 3297 2436 alterius
3331 2368 3428 2434 rei
3472 2364 3856 2458 singularis
3899 2375 3969 2435 et
4009 2390 4185 2459 pro-

2555 2476 2754 2568 pria=‚
2802 2476 2964 2548 licet
3005 2501 3145 2548 una
3179 2479 3586 2548 communis
3617 2481 3734 2560 sit,
3791 2502 3936 2548 non
3989 2477 4185 2548 susti-

2553 2589 2669 2666 cit,
2711 2590 2843 2658 nisi
2921 2589 3323 2662 babeantur
3381 2593 3694 2661 scientim
3754 2591 4065 2685 propria*
4098 2590 4184 2661 de

2554 2699 2761 2770 rebus
2802 2705 3108 2797 propriis
3148 2715 3211 2774 et
3249 2704 3722 2797 appropriatis
3774 2703 3842 2771 in
3898 2711 4177 2772 natura.

2553 2811 2629 2883 ln
2703 2815 3250 2907 particularibus
3359 2817 3548 2886 enim
3649 2813 3858 2885 rebus
3950 2816 4186 2883 omnis

2549 2927 2841 2997 scientia
2937 2927 3385 3022 particularis
3453 2927 3669 2997 habet
3749 2927 4187 2997 differentias

2550 3049 2776 3122 notans,
2822 3065 2950 3135 per
2989 3066 3167 3135 quas
3200 3051 3570 3135 separatur
3617 3040 3706 3110 ab
3766 3040 3906 3111 alia
3957 3042 4186 3135 parti-

2544 3155 2764 3227 culari
2802 3159 3124 3229 scientia.

2640 3271 2721 3343 tit
2797 3273 3127 3344 similiter
3204 3274 3542 3369 qua-libet
3622 3297 3787 3367 pars
3865 3272 4178 3344 scientia-

2542 3387 2986 3479 particularis
3030 3386 3242 3458 babet
3285 3388 3726 3458 differentias
3776 3397 4011 3473 notas,
4053 3411 4183 3482 per

2542 3525 2717 3594 quas
2762 3509 3133 3594 separatur
3170 3525 3211 3570 a
3256 3499 3576 3594 partibus
3618 3498 3911 3570 alterius
3943 3502 4183 3570 scien-

2539 3614 2648 3683 tia·
2707 3612 3157 3708 particularis
3197 3616 3431 3684 :sicut
3494 3613 3830 3708 qna-dam
3881 3613 4180 3683 scientia

2535 3734 2639 3795 est
2680 3725 2766 3794 (10
2800 3727 3246 3821 corporibus,
3292 3735 3363 3796 et
3403 3725 3735 3822 qua-dam
3783 3724 4180 3820 particula-

2535 3838 2628 3908 ris
2668 3837 2755 3907 «le
2787 3840 3028 3909 anima
3060 3837 3479 3909 animalium
3520 3862 3535 3909 ε
3575 3847 3641 3908 et
3676 3848 3915 3933 partes
3946 3838 4176 3910 scien·

2532 3954 2645 4022 tia·
2688 3952 2773 4021 ‹b-
2803 3953 3238 4048 corporibus-
3264 3961 3430 4023 sunt
3484 3953 3553 4023 iu
3599 3952 3800 4023 libris
3849 3952 4171 4046 particu-

2534 4066 2797 4136 laribus
2840 4066 3042 4136 istius
3102 4067 3436 4137 scientiae.
3485 4069 3665 4149 Qua·
3709 4075 3950 4137 autem
4000 4075 4169 4137 sunt

2530 4190 2764 4276 partes
2807 4181 3121 4251 scientia·
3174 4180 3260 4251 de
3320 4181 3589 4263 anima,
3624 4189 3792 4250 sunt
3842 4180 3918 4250 in
3968 4177 4169 4250 libris

2532 4319 2711 4388 «linos
2772 4295 3198 4366 tradidimus
3266 4294 3354 4365 de
3431 4296 3703 4366 Anima
3757 4317 3776 4365 t
3843 4302 3910 4365 et
3982 4301 4174 4365 notoe

2529 4417 2688 4476 sunt
2734 4406 3150 4477 differentiae.
3183 4431 3361 4502 quas
3395 4406 3659 4477 babent
3694 4406 3783 4478 ad
3828 4406 4168 4477 invicem.

2531 4515 2614 4588 131
2646 4516 2976 4587 similiter
3013 4526 3115 4588 est
3151 4518 3222 4587 in
3268 4517 3606 4588 omnibus
3646 4518 3964 4589 scientiis
3997 4540 4170 4613 par-

2528 4631 2840 4704 ticularis
2872 4639 3174 4717 naturw,
3213 4656 3371 4728 quae
3411 4631 3710 4703 ulterius
3742 4630 3876 4703 sub
3921 4655 3999 4703 se
4030 4629 4170 4702 lia-

2526 4744 2692 4816 bent
2761 4745 3038 4842 aliquas
3106 4754 3342 4841 partes
3412 4748 3641 4841 magis
3700 4744 4167 4841 particulares

2527 4883 2743 4954 quam
2785 4858 2957 4954 ipsa·
2992 4859 3158 4929 sint.

2619 4969 2722 5042 Ex
2757 4968 3093 5043 omnibus
3128 4970 3344 5066 igitur
3377 4971 3682 5042 inductis
3705 4969 4165 5042 nianisestum

2524 5092 2655 5167 est,
2690 5085 2886 5179 quod
2938 5085 3372 5181 quicumque
3423 5084 3579 5156 vult
3620 5083 3947 5156 docendo
3997 5107 4168 5154 nar-

2526 5224 2678 5269 rare
2731 5207 2798 5269 et
2838 5200 3115 5270 tradere
3166 5200 3357 5295 quod
3408 5224 3535 5295 per
3587 5200 3942 5272 rationem
3995 5221 4165 5293 cog·

2522 5313 2747 5398 novit,
2783 5322 2851 5384 et
2905 5311 3099 5408 quod
3161 5336 3287 5407 per
3343 5315 3920 5408 experimentum
3981 5309 4164 5382 vidit

2520 5425 2604 5493 ‹le
2639 5428 2911 5496 naturis
2941 5423 3392 5515 animalium,
3422 5425 3633 5497 debet
3663 5424 3926 5496 habere
3974 5423 4159 5494 difli-

2518 5538 2824 5609 nitiones
2856 5547 3065 5610 notas
3121 5561 3250 5633 per
3289 5562 3392 5622 se,
3425 5561 3556 5633 per
3584 5562 3764 5634 quas
3804 5536 4157 5633 dirigatur

2515 5650 2812 5723 intentio
2854 5650 3216 5748 loquentis
3265 5651 3353 5722 ‹le
3406 5652 3681 5723 naturis
3730 5652 4155 5723 animalium

2514 5763 2909 5836 secundum
2977 5762 3137 5835 illas
3194 5761 3663 5837 diffinitiones
3700 5788 3717 5837 ε
3753 5766 3924 5860 quia
3981 5764 4158 5860 ipsae

2510 5890 2678 5954 sunt
2714 5880 3036 5955 medium
3093 5878 3186 5950 ad
3233 5877 3691 5975 probandum
3740 5900 3896 5951 esse
3953 5876 4153 5948 aliud

2511 5995 2702 6090 quod
2742 5996 3086 6092 quaeritur
3116 5994 3189 6064 in
3228 5994 3531 6076 naturis,
3580 6001 3653 6066 et
3692 6016 3821 6089 per
3858 6014 3980 6062 eas
4029 5989 4152 6061 de·
