4919 6371
1887 484 2060 552 LIB.
2113 481 2276 548 VIII
2325 478 2444 545 DE
2491 474 3075 562 ANIMALIBUS,
3125 483 3433 552 TRACT.
3492 485 3584 551 Ill

1120 677 1280 722 nam
1315 679 1329 722 :
1371 655 1489 721 sed
1521 655 1805 721 immina
1846 651 2051 740 hujus
2091 652 2337 742 speciei
2377 660 2477 717 est
2514 648 2690 716 stul-

1119 771 1188 829 ta
1256 771 1322 829 et
1384 784 1587 851 vaga,
1641 782 1781 826 non
1841 758 2102 827 habens
2165 758 2686 828 sollicitudinem

1115 871 1558 958 propriorum
1636 872 1959 933 natorum
1987 864 2020 932 ⁰:
2064 875 2427 957 postquam
2503 866 2684 933 enim

1115 975 1399 1042 foemina
1460 974 1795 1051 ovaverit,
1856 974 2138 1042 dimittit
2178 999 2309 1043 ova
2358 981 2424 1041 et
2471 993 2687 1062 vaga-

1118 1089 1231 1146 tur
1269 1103 1282 1146 :
1320 1102 1468 1146 mas
1518 1089 1752 1149 autem
1808 1083 2104 1150 custodit
2152 1082 2377 1150 locum
2433 1082 2502 1146 in
2549 1099 2681 1167 quo

1117 1195 1277 1254 sunt
1310 1210 1595 1278 ova.per
1659 1189 1804 1258 dies
1834 1190 2459 1281 quadraginta‚.aut
2514 1185 2682 1251 forte

1117 1295 1641 1387 quinquaginta.
1729 1298 1808 1364 In
1878 1297 2011 1365 hoc
2094 1298 2275 1363 enim
2377 1302 2681 1382 tempore

1121 1413 1373 1471 exeunt
1440 1405 1640 1494 pulli,
1712 1414 1778 1473 et
1845 1412 2155 1472 crescunt
2229 1401 2314 1469 ad
2387 1409 2676 1482 tantum,

1116 1513 1300 1601 quod
1329 1519 1621 1601 possunt
1642 1512 1942 1601 effugere
1972 1510 2142 1578 alios
2170 1511 2385 1600 pisces
2414 1509 2542 1577 sihi
2572 1511 2682 1578 in-

1116 1618 1466 1685 sidiantes.
1505 1618 1733 1707 Hujus
1763 1626 1992 1685 autem
2033 1618 2305 1708 signum
2337 1626 2462 1697 est,
2497 1621 2679 1708 quod

1113 1725 1667 1815 frequentissime
1699 1734 2009 1817 tempore
2029 1726 2530 1817 pullificationis
2560 1727 2680 1796 ho-

1116 1855 1269 1898 rum
1296 1834 1589 1923 piscium
1621 1836 1997 1925 piscatores
2035 1842 2275 1902 notant
2315 1833 2568 1914 locum,
2612 1844 2677 1903 et

1114 1940 1393 2029 capiunt
1433 1941 1693 2011 multos
1733 1965 1958 2010 mares
1987 1942 2169 2010 illius
2206 1942 2473 2032 generis
2501 1943 2678 2010 circa

1109 2047 1338 2115 locum
1390 2048 1586 2116 illum
1625 2057 1862 2117 :stant
1926 2051 2108 2117 enim
2164 2050 2255 2116 ibi
2313 2049 2397 2116 ad
2445 2058 2675 2117 custo-

1108 2156 1319 2232 diam,
1365 2180 1450 2224 ne
1510 2157 1623 2223 alii
1682 2159 1903 2248 pisces
1962 2158 2325 2226 comedant
2372 2181 2502 2226 ova
2557 2162 2672 2227 aut

1109 2264 1337 2353 pullos
1393 2287 1662 2332 eorum.
1727 2265 1806 2333 In
1860 2275 2166 2356 tempore
2232 2273 2457 2333 autem
2536 2290 2670 2357 quo

1109 2372 1561 2440 custodiendo
1594 2372 1916 2463 prohibet
1946 2372 2118 2440 alios
2148 2375 2360 2464 pisces
2391 2376 2672 2444 accede-

1110 2502 1179 2547 re
1220 2479 1306 2547 ad
1335 2503 1469 2547 ova
1508 2504 1658 2561 sua,
1694 2504 1853 2550 cum
1884 2504 2002 2550 ore
2040 2483 2210 2549 texit
2246 2504 2417 2572 opus
2447 2483 2671 2574 quod-

1103 2587 1260 2654 dam
1306 2589 1373 2654 in
1420 2612 1557 2679 quo
1610 2590 1905 2658 involvit
1952 2613 2109 2669 ova,
2145 2598 2213 2659 et
2255 2590 2547 2660 texendo
2604 2601 2671 2660 et

1105 2695 1455 2783 operando
1534 2696 1906 2788 aliquando
1974 2707 2174 2766 sonat
2245 2697 2584 2767 branchiis
2646 2723 2661 2766 :

1101 2813 1385 2894 propter
1415 2807 1601 2896 quod
1633 2808 1842 2875 etiam
1875 2806 2154 2897 quidam
2184 2816 2484 2875 errantes
2513 2811 2667 2899 opi-

1103 2914 1243 2977 nati
1303 2923 1463 2980 sunt
1505 2912 1631 2981 hos
1684 2917 1905 3005 pisces
1964 2917 2034 2982 in
2098 2914 2400 2983 Acheloo
2455 2917 2663 2984 ssuvio

1098 3043 1340 3088 vocem
1398 3021 1696 3091 habere:
1731 3023 1814 3092 de
1873 3046 2010 3114 quo
2052 3026 2255 3091 etiam
2312 3047 2539 3093 errore
2592 3027 2665 3093 in

1100 3127 1276 3197 libro
1308 3130 1391 3198 de
1424 3132 1682 3200 Anima
1712 3131 2014 3201 secundo
2061 3131 2343 3201 fecimus
2368 3133 2666 3201 mentio-

1099 3261 1283 3305 nem.
1330 3238 1410 3305 In
1467 3248 1738 3308 tantum
1807 3243 1992 3311 enim
2050 3240 2270 3332 diligit
2333 3264 2464 3310 ova
2512 3266 2658 3322 sna,

1096 3345 1282 3436 qnod
1312 3347 1522 3413 ctiam
1563 3347 1767 3416 undae
1797 3348 1869 3415 in
1898 3346 2235 3439 profundo
2288 3349 2494 3416 maris
2524 3372 2661 3417 non

1098 3462 1385 3542 possunt
1433 3476 1595 3521 eum
1634 3454 1977 3522 deterrere
2024 3453 2111 3521 ab
2139 3456 2310 3522 ovis.
2348 3453 2432 3523 Et
2480 3455 2662 3546 quod

1098 3560 1254 3652 plus
1285 3569 1386 3627 est
1412 3561 1622 3630 etiam
1673 3561 1835 3629 retis
1881 3560 2180 3652 pericula
2228 3584 2365 3630 non
2406 3561 2664 3631 abhor-

1099 3675 1199 3735 ret
1244 3688 1261 3735 t
1305 3676 1670 3758 propterea
1711 3667 1920 3734 etiam
1980 3666 2323 3735 multoties
2361 3669 2431 3736 in
2497 3668 2660 3738 locis

1097 3774 1228 3841 illis
1267 3775 1449 3842 cadit
1480 3774 1550 3841 in
1575 3783 1741 3853 rete,
1777 3783 1845 3844 et
1875 3773 2241 3866 aliquando
2285 3774 2456 3844 forte
2495 3799 2661 3845 eva-

1092 3881 1261 3949 dens
1325 3904 1450 3972 per
1492 3881 1827 3950 scissuras
1879 3883 2062 3961 retis,
2113 3883 2306 3971 cujus
2358 3883 2658 3951 maculas

1091 3988 1429 4056 abscindit
1509 3989 1857 4066 dentibus,
1916 4012 2090 4081 qnos
2152 3989 2360 4058 fortes
2426 3987 2653 4075 habet,

1089 4117 1228 4161 non
1278 4095 1447 4186 fugit
1498 4119 1540 4163 a
1588 4095 1768 4174 loco,
1822 4095 1942 4164 sed
2009 4104 2239 4165 manet
2291 4099 2470 4165 circa
2526 4121 2656 4167 ova

1086 4225 1234 4268 sna.
1279 4201 1591 4269 l‘ascitur
1630 4210 1861 4271 autem
1929 4203 2201 4271 interim
2248 4203 2411 4272 dum
2447 4212 2549 4271 est
2586 4206 2654 4273 in

1088 4309 1425 4385 custodia,
1464 4332 1502 4376 a
1534 4308 1837 4400 piscibus
1883 4308 2036 4377 aliis
2072 4310 2297 4399 parvis
2336 4311 2448 4399 qui
2498 4323 2655 4381 sunt

1089 4417 1157 4483 in
1192 4417 1345 4484 Ioco
1377 4417 1518 4485 illo.

1178 4525 1342 4592 Fere
1375 4533 1606 4593 antem
1659 4548 1904 4594 omnes
1959 4527 2177 4618 pisces
2207 4526 2500 4617 quadam
2541 4552 2654 4596 re-

1081 4642 1339 4721 guntur
1372 4634 1656 4702 solertia
1687 4637 1757 4703 in
1799 4633 2166 4726 qnaerendo
2213 4635 2438 4704 cibum
2488 4660 2653 4729 pro-

1082 4743 1307 4833 prium
1349 4742 1480 4811 sihi
1540 4745 2091 4812 convenientem.
2153 4742 2411 4812 Omnes
2468 4748 2650 4816 enim

1078 4853 1303 4942 pisces
1341 4852 1789 4921 comedentes
1830 4875 2134 4931 carnem,
2185 4862 2498 4944 quaerunt
2543 4855 2652 4946 ip-

1078 4983 1252 5038 sam,
1299 4970 1366 5029 et
1400 4962 1823 5051 investigant
1851 4960 2127 5029 solertia
2176 4960 2423 5052 aliqua.
2477 4961 2649 5030 Om-

1078 5090 1198 5135 nes
1238 5078 1477 5137 antem
1508 5069 1733 5161 pisces
1773 5070 1843 5136 in
1894 5069 2138 5157 majori
2177 5077 2366 5160 parte
2412 5091 2649 5138 come-

1079 5177 1249 5244 dunt
1286 5200 1565 5245 carnem
1589 5198 2125 5268 quamcumque,
2158 5179 2301 5247 sive
2328 5180 2642 5269 piscium,

1075 5284 1220 5353 sive
1279 5285 1577 5353 aliorum
1629 5284 2064 5369 animalium,
2127 5288 2302 5354 sicut.
2353 5285 2422 5354 hi
2473 5310 2646 5378 quos

1072 5392 1371 5481 muqiles
1409 5414 1744 5459 vocamus
1784 5390 2048 5470 Latine,
2073 5393 2189 5483 qui
2241 5394 2470 5460 (lraece
2523 5396 2647 5482 sa-

1078 5509 1339 5565 slarom
1379 5507 1738 5565 vocantur.
1798 5497 2128 5566 Similiter
2165 5507 2390 5567 autem
2420 5507 2488 5567 et
2527 5501 2641 5590 qui

4217 488 4347 554 457

2805 652 3079 740 quidam
3128 655 3258 722 alio
3293 658 3568 723 nomine
3616 659 3825 744 solim
3874 667 4124 725 vocant
4159 680 4174 727 t
4209 658 4353 727 haec

2801 761 2982 826 enim
3021 763 3252 828 onmia
3299 762 3452 830 licet
3491 765 3711 829 carnis
3759 766 3975 853 ipsam
4026 767 4355 835 substan-

2797 867 2961 932 tiam
3005 890 3144 934 non
3192 868 3567 945 comedant,
3612 876 3844 937 tamen
3891 894 3975 938 ex
4031 874 4180 961 ipsa
4228 897 4354 941 su-

2798 981 2967 1062 gunt
3011 970 3514 1055 humiditatem,
3551 999 3702 1066 quae
3761 986 3862 1046 est
3899 980 4092 1068 quasi
4135 981 4353 1047 saliva

2794 1078 3080 1163 viscosa,
3117 1089 3183 1148 et
3229 1104 3310 1149 ex
3347 1082 3492 1171 ipsa
3528 1084 3773 1151 vivunt
3818 1085 3993 1154 sicut
4031 1109 4117 1153 ex
4158 1086 4344 1163 cibo,

2796 1190 2861 1252 et
2888 1184 3062 1280 sicut
3104 1188 3283 1278 apud
3341 1211 3463 1257 nos
3510 1190 3680 1256 vivit
3712 1193 3923 1258 sturio
3956 1198 4021 1259 et
4061 1216 4347 1260 murena

2794 1302 2860 1361 et
2896 1292 3068 1362 huso
3099 1304 3166 1363 et
3190 1297 3385 1364 multi
3417 1296 3529 1363 alii
3549 1298 3789 1387 pisceS,
3827 1300 3944 1389 qui
3966 1322 4087 1367 ora
4115 1304 4345 1391 potius

2793 1402 2877 1469 ad
2913 1405 3293 1494 sugendum
3324 1403 3574 1473 habent
3608 1415 3788 1495 apta,
3826 1430 4032 1496 quam
4074 1408 4158 1475 ad
4191 1432 4346 1477 ma-

2791 1511 3193 1578 sticandum.

2876 1618 3122 1687 Adhuc
3149 1627 3374 1688 autem
3415 1620 3690 1688 solertia
3721 1623 4176 1712 quorumdam
4218 1624 4344 1692 de-

2789 1725 3227 1816 prehenditur
3271 1731 3446 1797 circa
3488 1729 3743 1813 cibum,
3777 1753 3858 1799 eo
3903 1732 4089 1821 quod
4120 1733 4339 1801 multo

2787 1843 3148 1903 moventur
3209 1834 3292 1903 ad
3344 1838 3565 1925 ipsum
3625 1838 4097 1927 quaerendum,
4142 1849 4210 1908 et
4265 1850 4347 1909 ut

2785 1953 3185 2011 consumant
3230 1946 3643 2035 superfluam
3686 1948 3753 2013 in
3803 1948 3900 2016 eis
3939 1958 4337 2039 generatam

2782 2047 3281 2128 humiditatem,
3351 2059 3466 2118 aut
3521 2074 3605 2119 ne
3670 2052 3825 2119 talis
3892 2053 3964 2119 in
4038 2055 4137 2121 eis
4211 2078 4339 2145 ge-

2781 2165 3054 2224 neretur
3107 2156 3474 2226 humiditas
3532 2159 3927 2249 impediant.
3994 2160 4107 2229 Sic
4149 2164 4334 2230 enim

2780 2262 3030 2329 animal
3060 2271 3378 2332 vocatum
3425 2265 3660 2345 kik-im,
3698 2267 3881 2355 quod
3929 2276 4030 2335 est
4079 2268 4161 2335 de
4199 2292 4336 2336 nu-

2779 2390 2966 2436 mero
3012 2369 3410 2437 animalium
3477 2372 3851 2439 carentium
3909 2372 4222 2462 pedibus,
4269 2381 4336 2442 et

2777 2475 2969 2542 testei
3025 2477 3189 2543 corii
3246 2478 3711 2556 existentium,
3761 2487 4082 2546 movetur
4137 2488 4331 2548 motu

2778 2580 3021 2661 multe,
3056 2582 3147 2650 ita
3176 2582 3356 2672 quod
3387 2583 3619 2651 volare
3659 2581 3928 2650 videtur
3955 2605 4080 2674 per
4106 2607 4319 2654 mare.

2777 2688 2830 2755 E
2869 2698 3101 2757 contra
3135 2713 3294 2756 vero
3334 2689 3641 2768 barcora,
3705 2713 3854 2780 quae
3902 2713 4149 2759 murex
4198 2715 4331 2759 vo-

2775 2805 2963 2864 catur
3019 2796 3199 2888 apud
3264 2821 3414 2875 noS,
3476 2799 3558 2865 de
3624 2820 3872 2888 genere
3940 2809 4327 2869 ostreorum

2773 2908 3093 2986 existenS,
3128 2916 3194 2974 et
3219 2908 3451 2974 omnia
3481 2908 3608 2973 sibi
3649 2906 3899 2974 similia
3928 2907 4124 2975 valde
4166 2916 4327 2978 sunt

2772 3014 2943 3082 tardi
2978 3025 3204 3083 motus
3232 3025 3296 3083 et
3336 3015 3598 3084 debilis.

2858 3228 3101 3299 Adhuc
3128 3242 3356 3301 autem
3401 3234 3655 3323 ingenii
3705 3244 3770 3303 et
3798 3234 4092 3303 solertim
4141 3236 4325 3305 indi-

2772 3341 2949 3407 cium
3025 3348 3122 3407 est
3198 3342 3263 3408 in
3346 3344 3464 3417 eis,
3548 3345 3735 3434 qnod
3789 3367 3947 3412 cum
4013 3346 4325 3436 pervenit

2772 3446 3013 3524 hiems,
3078 3449 3490 3517 transferunt
3521 3474 3593 3518 se
3640 3451 3780 3520 lere
3819 3475 4062 3520 omnes
4100 3476 4139 3519 a
4170 3474 4326 3520 ma-

2773 3558 2863 3623 ris
2901 3556 3237 3648 profundo
3285 3558 3369 3625 ad
3425 3580 3618 3650 aquae
3676 3561 4104 3652 superficiem
4140 3582 4157 3629 z
4192 3560 4326 3630 hoc

2768 3672 2993 3733 tamen
3042 3687 3183 3732 non
3221 3664 3380 3734 facit
3419 3667 3478 3734 is
3533 3690 3741 3758 quem
3807 3669 4023 3739 Graeci
4070 3678 4323 3739 vocant

2768 3772 3024 3852 bonioS,
3087 3781 3155 3841 et
3220 3773 3497 3864 quidam
3564 3776 3692 3843 sibi
3758 3776 4018 3846 similes
4090 3779 4315 3869 pauci.

2855 3879 3045 3947 {Iane
3074 3888 3298 3948 autem
3347 3881 3863 3951 translationem
3912 3907 3952 3949 a
3981 3882 4320 3974 profundo

2765 3984 2848 4052 ad
2876 3984 3302 4075 superficiem
3351 4008 3546 4076 aquae
3585 3988 3833 4057 factam
3863 3990 4164 4057 maxime
4211 3989 4322 4056 vi-

2761 4090 3001 4160 demus
3031 4091 3173 4160 fieri
3204 4092 3272 4159 in
3305 4091 3469 4161 locis
3498 4094 3782 4161 maximi
3811 4094 4110 4185 frigoris,
4144 4096 4321 4163 sicut

2762 4208 2859 4266 est
2899 4198 3187 4268 Koricos
3224 4197 3407 4289 quod
3435 4208 3539 4267 est
3567 4199 3639 4267 in
3672 4199 3953 4269 Kacaka
3980 4201 4259 4293 regione
4295 4223 4313 4271 ε

2763 4303 2871 4373 hic
2905 4305 3090 4373 enim
3130 4313 3231 4373 est
3276 4304 3467 4374 locus
3511 4305 3713 4374 valde
3740 4306 4050 4398 frigidus.
4084 4307 4161 4375 In
4194 4331 4320 4376 su-

2761 4413 3029 4502 perlicie
3057 4433 3220 4479 vero
3249 4434 3443 4501 aquae
3468 4421 3624 4480 sunt
3656 4412 3825 4480 fumi
3869 4436 3955 4481 ex
3995 4436 4170 4503 aqua
4205 4438 4317 4483 re-

2757 4517 2962 4585 soluti
2998 4540 3013 4583 :
3049 4525 3111 4585 et
3151 4527 3431 4608 propter
3458 4517 3613 4586 illos
3659 4528 3759 4587 est
3799 4518 3888 4587 ibi
3923 4520 4153 4611 aliqua
4195 4548 4315 4589 ca-

2756 4627 2981 4694 liditas
3021 4627 3091 4694 in
3118 4628 3313 4696 mari.
3350 4626 3426 4694 In
3457 4650 3616 4695 vere
3646 4636 3876 4697 autem
3909 4629 4232 4699 recedunt
4270 4653 4310 4699 a

2756 4735 3108 4826 superficie
3159 4737 3389 4816 maris,
3443 4744 3511 4804 et
3576 4738 3831 4805 intrant
3891 4738 3959 4805 in
4019 4739 4313 4829 profun-

2755 4842 2943 4919 dnm,
2978 4866 3060 4910 eo
3091 4842 3273 4933 quod
3302 4851 3464 4911 tnnc
3511 4867 3699 4911 mare
3730 4845 3798 4912 in
3828 4846 4168 4936 profundo
4207 4855 4310 4915 est

2756 4961 3143 5043 temperatae
3169 4952 3555 5043 frigiditatis
3589 4978 3606 5023 ε
3640 4964 3918 5046 propter
3943 4955 4160 5046 frigus
4199 4965 4312 5025 ta-

2753 5084 2910 5129 men
2949 5061 3079 5130 loci
3119 5083 3322 5152 quem
3362 5063 3509 5151 jam
3557 5065 3843 5131 Koria-os
3878 5065 4305 5147 vocavimus,

2753 5170 3190 5237 inveniuntur
3217 5193 3468 5259 genera
3489 5170 3948 5261 quorumdam
3986 5173 4304 5264 piscium,

2749 5281 2863 5371 qui
2895 5280 3110 5371 frigus
3145 5283 3477 5349 sustinere
3525 5303 3664 5348 non
3711 5270 4025 5370 possunt,
4067 5290 4136 5351 et
4171 5282 4306 5353 tale

2749 5397 2845 5456 est
2877 5389 3232 5467 ceakoros,
3267 5398 3332 5456 et
3363 5387 3620 5467 bobita,
3655 5398 3722 5458 et
3758 5388 4035 5481 galaho,
4071 5398 4138 5459 et
4178 5392 4308 5459 ad-

2749 5494 2982 5572 kania,
3023 5502 3088 5562 et
3141 5494 3400 5563 locusta
3444 5497 3678 5575 maris,
3713 5518 3866 5586 quae
3905 5498 4139 5566 Graece
4177 5499 4306 5566 ka-

1070 5605 1393 5672 dicuntur
1420 5604 1665 5692 salike’,
1701 5614 1769 5674 et
1797 5604 2051 5684 talida,
2086 5613 2152 5673 et
2178 5603 2413 5685 colim,
2448 5606 2641 5695 cujus
2746 5603 2914 5672 rabo
2942 5604 3213 5683 dicitur,
3243 5612 3306 5671 et
3340 5604 3659 5695 multipes
3688 5607 3805 5695 qui
3831 5607 4120 5698 polipus
4146 5629 4305 5699 pro·

1065 5710 1231 5779 sunt
1264 5712 1541 5780 diversa
1579 5735 1857 5803 genera.
1894 5710 2255 5793 Quoddam
2308 5712 2491 5780 enim
2531 5712 2642 5779 di-
2743 5713 2892 5804 prio
2911 5715 3192 5781 nomine
3216 5721 3524 5781 vocatur.
3561 5711 3726 5781 IIoec
3770 5722 4000 5782 autem
4030 5717 4304 5784 anima-

1066 5818 1243 5885 citur
1290 5818 1546 5908 selom,
1610 5826 1678 5887 et
1725 5818 2071 5910 quoddam
2126 5818 2398 5900 calikir,
2454 5822 2639 5912 quod

2749 5823 2837 5890 lia
2883 5831 3160 5914 propter
3204 5820 3515 5891 eamdem
3566 5844 3843 5890 causam
3890 5823 4100 5891 etiam
4155 5845 4297 5891 non
