4919 6371
1978 445 2145 513 LlB.
2198 443 2290 511 VI
2341 443 2455 509 DE
2504 439 3092 522 ANIMALlBUS‚
3143 446 3450 517 TRAC'F.
3507 452 3534 517 1

1670 1472 1966 1542 CAPUT
2016 1474 2098 1539 V.

1102 2228 1205 2292 De
1232 2223 1553 2313 {femellis
1591 2247 1900 2303 ovorum,
1937 2235 2000 2293 el
2054 2227 2138 2293 de
2175 2251 2452 2294 munero
2494 2253 2660 2296 oro-

1189 2353 1342 2396 rum
1378 2331 1808 2399 diversarum
1840 2335 2096 2411 avium,
2129 2338 2470 2427 praecipue
2493 2338 2661 2425 qa!-

1198 2439 1383 2521 linae,
1408 2452 1474 2508 et
1500 2442 1858 2511 eolmnbae.

1174 3305 1630 3377 Inveniuntur
1662 3317 1894 3379 autem
1916 3335 2047 3379 ova
2068 3312 2298 3380 avium
2320 3336 2357 3381 e
2396 3315 2643 3405 quibus

1079 3424 1336 3483 exeunt
1401 3417 1707 3508 gemelli,
1767 3442 1849 3486 eo
1917 3420 2103 3511 quod
2142 3420 2309 3488 duas
2349 3422 2644 3492 habeant

1084 3544 1396 3611 gemmas
1428 3531 1496 3591 et
1524 3523 1663 3592 duo
1694 3526 1963 3611 citrina,
2000 3527 2176 3595 inter
2204 3552 2354 3619 quae
2409 3540 2511 3599 est
2539 3540 2638 3598 te-

1082 3627 1147 3695 la
1178 3629 1473 3700 subtilis.
1512 3630 1692 3700 Sunt
1731 3634 1916 3701 enim
1972 3634 2245 3727 gallinae
2301 3638 2633 3729 quaedam,

1079 3758 1232 3826 quae
1252 3737 1452 3829 quasi
1482 3737 1743 3810 faciunt
1769 3763 1902 3811 ova
1920 3742 2314 3835 gemellina,
2338 3747 2431 3815 ita
2453 3749 2636 3839 quod

1077 3843 1358 3915 inventa
1387 3857 1490 3916 est
1530 3849 1714 3940 apud
1763 3849 2173 3921 Macedones
2201 3853 2449 3945 gallina
2482 3878 2633 3947 qum

1076 3951 1317 4021 decem
1362 3965 1521 4027 octo
1551 3956 1711 4028 lecit
1741 3981 1917 4029 ova:
1953 3968 2021 4030 et
2058 3962 2331 4053 quando
2361 3963 2633 4034 cubavit

1075 4081 1183 4144 ea,
1244 4083 1328 4129 cx
1405 4064 1717 4155 quolibet
1780 4090 2020 4138 eorum
2078 4071 2429 4141 exiverunt
2495 4073 2630 4141 «luo

1073 4165 1271 4258 pulli,
1314 4168 1407 4239 ita
1466 4173 1651 4262 quod
1709 4197 1832 4244 sex
1879 4184 1947 4245 et
2001 4179 2276 4268 triginta
2312 4180 2632 4273 produxit

1073 4273 1299 4365 pullos
1355 4299 1442 4346 ex
1507 4278 1747 4350 decem
1804 4288 1873 4352 et
1925 4290 2081 4353 octo
2129 4287 2302 4354 ovis.
2338 4285 2422 4357 Et
2450 4310 2628 4357 unus

1071 4380 1350 4473 quidem
1415 4385 1872 4478 gemellorum
1929 4391 2041 4459 ovi
2089 4391 2477 4485 frequenter
2526 4406 2626 4466 est

1072 4513 1345 4579 parvus.
1391 4500 1456 4562 et
1508 4493 1686 4564 alu-1·
1722 4520 2012 4584 magnus·
2042 4506 2102 4565 et
2139 4501 2467 4591 parim-tus·
2502 4526 2517 4570 ε
2562 4513 2628 4573 et

1070 4599 1420 4670 multoties
1467 4606 1810 4698 contingit
1883 4630 2172 4699 parvum
2232 4620 2627 4680 monstruo-

1068 4725 1223 4774 sum
1274 4705 1449 4788 fleri,
1516 4709 1628 4779 vel
1681 4719 2096 4807 utrumque:
2142 4717 2620 4788 minorantem

1059 4811 1516 4901 gemellorum
1594 4816 1670 4885 flt
1726 4830 2229 4909 monstruosus,
2299 4848 2380 4894 eo
2438 4828 2622 4920 quod

1063 4919 1283 4989 virtus
1310 4924 1679 5016 spermatis
1707 4926 1992 5017 majoris
2039 4929 2281 5000 fortius
2344 4932 2622 5003 trahens

1056 5030 1435 5123 corrumpit
1465 5034 1880 5104 secundinas
1916 5036 2164 5129 ejuS,et
2204 5038 2458 5132 aliquid
2488 5042 2622 5111 sor·

1054 5139 1117 5200 te
1148 5138 1456 5208 materiae
1498 5138 1713 5211 trahit
1762 5141 1847 5212 ad
1897 5146 2222 5237 seipsum.
2275 5146 2482 5237 Cujus
2531 5152 2617 5219 si-

1048 5261 1264 5331 gnum
1323 5252 1450 5328 est,
1532 5249 1698 5339 quia
1779 5249 2175 5343 frequenter
2240 5253 2310 5323 in
2384 5255 2613 5349 aliquo

1049 5346 1364 5420 membro
1395 5349 1624 5423 deficit
1654 5352 1886 5424 minor
1912 5357 2390 5448 gemellorum.
2424 5361 2617 5432 Uter·

1050 5472 1184 5543 que
1212 5463 1447 5527 autem
1476 5467 1959 5531 monstruosus
1994 5462 2306 5545 efficitur,
2342 5468 2613 5559 quando

1050 5566 1341 5652 utraque
1382 5564 1724 5639 trahendo
1763 5568 2281 5639 dislocationem
2317 5576 2611 5642 materia*

1046 5664 1206 5735 facit
1233 5666 1307 5736 in
1351 5676 1695 5766 utroque:
1730 5699 1817 5746 ex
1862 5674 1997 5745 hoc
2045 5678 2228 5745 enim
2278 5684 2613 5773 contingit

1045 5771 1402 5865 dispositio
1427 5781 1820 5854 inordinata
1839 5783 2333 5855 membrorum.
2359 5788 2443 5858 Et
2461 5791 2605 5879 jam

4214 460 4343 525 333

2778 615 2848 681 in
2905 625 3082 685 terra
3140 632 3376 690 nostra
3425 625 3740 714 apparuit
3782 626 4011 716 pullus
4057 634 4341 710 anseris,

2776 725 2892 813 qui
2925 725 3210 815 duplicis
3251 730 3378 797 fuit
3407 735 3738 820 corpori8‚
3784 742 3850 800 et
3880 733 4179 804 habebat
4209 737 4344 806 duo

2776 834 2994 920 capita
3027 841 3091 899 et
3121 845 3417 923 quatuor
3444 838 3673 925 pedeS,
3721 847 3788 905 et
3826 851 4124 928 quatuor
4154 844 4295 912 alas
4324 868 4338 912 :

2775 946 2840 1003 et
2896 940 3284 1026 conjunctio
3340 943 3466 1010 tuit
3525 945 3593 1009 in
3651 945 3882 1024 dorm,
3948 971 4026 1015 ae
4065 952 4121 1016 si
4164 961 4340 1020 esset

2774 1042 3053 1110 dorsum
3113 1070 3383 1117 unum:
3439 1061 3504 1118 et
3561 1074 4002 1144 quocumque
4044 1064 4341 1127 vertere-

2773 1162 2907 1230 tur,
2946 1165 3089 1224 erat
3118 1180 3194 1226 ac
3224 1162 3281 1226 si
3314 1183 3513 1229 anser
3550 1185 3728 1230 unus
3758 1163 4051 1232 alterum
4097 1175 4339 1257 porta-

2773 1269 2873 1327 ret
2903 1262 2971 1328 in
3004 1264 3232 1344 dorso,
3287 1270 3380 1333 ita
3411 1269 3594 1359 quod
3635 1270 3837 1337 dorsa
3866 1280 4213 1343 verterent
4254 1275 4338 1344 ad

2771 1392 2840 1434 se
2875 1372 3211 1441 invicem:
3257 1376 3441 1465 quod
3480 1380 3722 1447 accidit
3773 1403 3857 1448 ex
3900 1392 4180 1472 ruptura
4224 1409 4338 1453 se·-

2770 1480 3080 1547 cundinu·
3139 1506 3288 1573 quae
3353 1484 3769 1577 distinguere
3829 1489 4065 1557 debuit
4124 1516 4332 1561 unam

2769 1610 3113 1675 gemmam
3169 1592 3281 1657 ovi
3342 1592 3425 1659 ab
3485 1593 3693 1662 altera
3769 1604 3962 1685 parte
4004 1597 4229 1667 dorsi:
4267 1611 4336 1669 et

2770 1696 3000 1760 omnia
3030 1695 3160 1762 alia
3191 1698 3501 1767 membra
3526 1708 3717 1767 erant
3751 1704 4037 1794 integra,
4065 1712 4132 1772 et
4187 1705 4333 1774 sal-

2767 1821 2879 1878 va,
2951 1824 3032 1868 eo
3087 1804 3268 1894 quod
3329 1806 3398 1872 in
3456 1806 3867 1898 formatione
3904 1813 4051 1879 avis
4094 1813 4164 1879 in
4196 1836 4329 1882 ovo

2768 1908 3078 1977 membra
3107 1913 3346 2002 capitis
3391 1921 3456 1980 et
3495 1916 3747 2005 pedum
3780 1923 3846 1985 et
3874 1918 4140 1987 alarum
4170 1944 4333 1989 con·

2765 2023 3125 2084 vertuntur
3175 2028 3331 2086 ante
3383 2029 3449 2088 et
3487 2045 3626 2088 non
3657 2022 3742 2089 ad
3773 2023 4081 2093 dorsum.
4129 2026 4330 2107 Quae-

2764 2121 2919 2188 dam
2950 2134 3177 2192 autem
3216 2127 3486 2218 gallina}
3520 2128 3772 2198 habent
3818 2134 4014 2223 quasi
4054 2135 4126 2202 in
4176 2159 4332 2226 pro-

2764 2232 3049 2322 prietate
3099 2237 3391 2303 naturali
3440 2238 3658 2308 facere
3729 2240 4124 2332 hujusmodi
4197 2269 4328 2315 ova

2763 2339 3134 2430 duplicium
3174 2367 3642 2434 gemmarum:
3691 2357 3754 2415 et
3804 2349 3932 2418 illae
3980 2346 4140 2420 sunt
4169 2377 4323 2445 qua}

2762 2447 3017 2520 habent
3068 2457 3379 2522 matrices
3439 2455 3680 2547 longas
3748 2466 3815 2525 ct
3871 2459 4121 2552 largaS,
4172 2487 4324 2554 quae

2762 2567 3126 2628 moventur
3180 2561 3251 2629 in
3313 2564 3697 2653 receptione
3766 2567 4050 2635 seminis
4126 2570 4314 2661 galli.

2761 2663 2982 2732 Motus
3013 2668 3194 2734 euim
3244 2671 3541 2737 matricis
3583 2672 3739 2739 fac-it
3787 2679 4151 2764 spermatis
4209 2678 4318 2746 di-

2756 2772 3090 2841 visionem
3119 2798 3134 2842 ε
3172 2785 3237 2843 et
3267 2786 3428 2845 tune
3459 2788 3575 2846 aut
3607 2778 3743 2848 duo
3767 2805 3923 2856 ova.
3953 2795 4072 2852 aut
4099 2807 4317 2853 unum

2753 2877 3038 2969 duplicis
3066 2905 3355 2972 gemma¹
3387 2887 3800 2976 concipiunt.
3850 2889 3965 2957 Sic
4006 2891 4214 2980 igitur
4232 2916 4307 2958 se

2754 2985 2957 3056 babet
2986 2989 3066 3058 de
3097 2993 3247 3060 ovis
3274 2994 3714 3083 gallinarum.

2839 3094 3096 3165 Omnes
3170 3108 3399 3168 autem
3456 3125 3617 3169 aves
3709 3127 3860 3195 quae
3918 3106 4312 3175 vicinantur

2747 3212 3005 3271 natura·
3090 3204 3589 3289 columbarum,
3678 3212 3853 3280 sicut
3966 3213 4311 3304 columba,

2746 3316 2992 3394 turtur,
3024 3311 3392 3401 palumbae,
3434 3323 3498 3382 et
3565 3315 3901 3386 columbae
3969 3343 4122 3411 qua.-
4188 3345 4310 3390 ca-

2745 3440 3107 3486 vernarum
3138 3419 3458 3489 dicuntur
3477 3431 3545 3491 et
3567 3426 3780 3515 nigrae
3802 3435 3963 3496 sunt
3993 3428 4303 3520 aliquan—

2743 3523 2961 3592 tulum
3041 3533 3107 3593 et
3182 3529 3252 3597 in
3319 3528 3682 3599 arboribus
3769 3531 4105 3616 habitant,
4169 3559 4308 3605 uon

2741 3639 2951 3699 ovant
2982 3633 3109 3699 nisi
3143 3632 3280 3703 duo
3320 3658 3479 3719 ova,
3523 3645 3591 3706 rt
3631 3661 3783 3707 raro
3815 3640 3946 3708 tria
3994 3640 4113 3709 sed
4178 3651 4313 3711 ter·

2739 3739 2910 3807 tium
2979 3738 3368 3833 frequenter
3430 3747 3913 3838 corrumpitur.
3981 3746 4309 3820 Turtures

2738 3856 2966 3917 auu-m
2999 3861 3064 3919 et
3092 3850 3437 3943 palumbu·
3473 3862 3682 3923 ovant
3722 3854 3828 3922 bis
3867 3856 3939 3924 in
3969 3879 4129 3927 vere
4163 3880 4179 3926 ε
4240 3867 4308 3928 et

2736 3958 2789 4025 si
2822 3969 3350 4052 corrumpantur
3387 3969 3499 4029 aut
3540 3963 3939 4031 auferantur
3989 3964 4306 4057 aliquan·

2734 4062 2822 4130 «lu
2853 4088 2982 4133 ova
3022 4067 3346 4146 secunda,
3381 4070 3581 4138 tertio
3649 4068 4020 4162 aliquando
4059 4083 4295 4142 ovant.

2733 4170 2884 4240 Alia
2916 4181 3145 4242 autem
3221 4198 3470 4267 genera
3528 4176 4006 4246 columbarum
4092 4189 4303 4249 ovant

2734 4277 3077 4348 multoties
3110 4282 3176 4348 in
3221 4303 3426 4359 anno,
3488 4284 3662 4352 sicut
3749 4283 4053 4353 diximus
4105 4307 4303 4379 supe·

2735 4387 2896 4455 rius.

2820 4494 3132 4586 Amplius
3169 4505 3397 4567 autem
3455 4500 3674 4587 major
3749 4523 3906 4591 pars
3963 4524 4290 4591 generum

2729 4604 2960 4670 avium
3001 4626 3204 4671 ovare
3237 4605 3572 4697 incipiunt
3596 4612 3750 4697 post
3773 4614 4045 4675 aetatem
4087 4611 4292 4678 unius

2726 4712 2885 4779 anni
2932 4733 2948 4780 :
2989 4712 3305 4782 columba
3335 4723 3559 4783 tamen
3594 4723 3750 4785 nata
3799 4718 3869 4785 in
3901 4716 4119 4809 Aprili
4176 4717 4288 4786 vel

2724 4831 2878 4890 ante
2921 4823 3149 4915 incipit
3183 4847 3389 4893 ovar«-
3421 4826 3487 4893 in
3563 4835 3899 4894 autumno
3975 4827 4284 4916 ejusdem

2722 4930 2908 5007 anni,
2942 4930 2996 4997 si
3027 4930 3227 5001 suerit
3282 4933 3471 5003 loeus
3527 4933 3809 5012 calidus,
3872 4941 3942 5002 et
4005 4934 4286 5026 eopiosa

2722 5034 3030 5105 habuerit
3070 5061 3344 5130 pascua.
3383 5039 3520 5111 Nec
3558 5048 3660 5111 est
3699 5042 3845 5110 avis
3898 5062 4053 5133 quae
4123 5040 4284 5133 pul·-

2722 5141 2926 5211 litieet
2961 5143 3106 5211 sine
3135 5146 3308 5225 ονίε,
3345 5145 3907 5241 licetaliquando
3985 5169 4125 5216 non
4183 5148 4285 5215 vi·

2719 5248 3005 5318 «leantur
3072 5274 3202 5321 uva
3275 5255 3730 5345 quarumdam
3794 5254 4026 5323 avium
4074 5278 4090 5323 ε
4158 5267 4278 5326 aut

2719 5359 2889 5428 forte
2959 5367 3236 5453 propter
3289 5363 3841 5442 occultationem,
3922 5371 4036 5432 aut
4105 5364 4278 5434 sorte

2716 5475 2996 5558 propter
3032 5470 3442 5559 paucitatem
3479 5494 3741 5542 earum.
3777 5468 4131 5541 Columbae
4162 5494 4283 5541 au·

2715 5584 2852 5644 tem
2893 5584 2966 5644 ut
2995 5575 3415 5669 frequentius
3452 5582 3656 5650 simul
3693 5579 4076 5674 pullitieant
4119 5602 4279 5649 ma-

2717 5709 2862 5752 rem
2904 5693 2968 5754 et
2998 5684 3345 5756 imminann
3382 5710 3398 5756 ε
3436 5698 3503 5758 et
3526 5688 3801 5780 quando
3867 5695 4080 5758 ovant
4141 5688 4278 5781 pri-

2715 5819 2856 5877 mo,
2891 5802 2962 5862 ut
3022 5795 3438 5886 frequentius
3471 5809 3681 5868 ovant
3729 5823 3938 5868 ovum
4007 5820 4276 5868 mascu-
