4919 6371
594 350 725 417 208

586 520 670 586 1ae
740 515 1075 586 inferioris
1140 535 1298 580 cum
1355 535 1503 579 osse
1555 514 1815 601 capitiS.
1867 508 1968 574 Ab
2022 506 2137 573 illo

590 626 771 694 enim
801 625 951 690 loco
983 621 1441 688 ramiticantur
1472 621 1538 686 in
1571 628 1859 708 quatuor
1888 624 2132 704 parte-S,

591 754 878 822 quarum
938 752 1074 797 una
1120 730 1410 797 flectitur
1458 726 1731 793 inferius
1764 724 1846 790 ad
1877 732 2137 814 partem

587 838 741 906 colli
774 846 839 906 et
869 837 1175 928 spatulae,
1212 846 1279 905 et
1307 834 1742 922 conjungitur
1768 853 1958 899 venae
1988 852 2135 920 quae

585 946 970 1015 findebatur
1025 969 1065 1013 a
1130 966 1306 1011 vena
1373 941 1612 1030 majori
1661 942 1731 1007 in
1772 942 2133 1007 flexionem

582 1056 817 1133 cubiti,
881 1076 1034 1146 quae
1075 1060 1177 1120 est
1243 1052 1440 1118 flexio
1498 1050 1798 1118 focilium
1856 1071 1870 1114 :
1938 1055 2003 1114 et
2049 1046 2135 1113 ad

583 1162 939 1231 brachium
1009 1182 1146 1226 una
1217 1182 1372 1250 pars
1424 1160 1653 1248 ipsiuS‚
1699 1166 1762 1223 et
1811 1156 1940 1222 alia
1978 1177 2131 1243 pars

576 1269 888 1361 pervenit
917 1268 1002 1335 ad
1034 1291 1277 1335 manus
1305 1276 1368 1335 et
1398 1268 1645 1356 digitos
1676 1265 1917 1345 divisa,
1943 1271 2008 1329 et
2039 1261 2129 1327 ibi

581 1378 839 1443 finitur.

667 1483 824 1551 Alia
887 1492 1117 1552 autem
1171 1504 1343 1549 vena
1408 1480 1488 1547 de
1553 1479 1745 1546 dictis
1812 1486 2124 1567 quatuor,

583 1615 734 1683 quae
765 1592 1150 1661 extenditur
1176 1615 1211 1656 a
1245 1596 1430 1679 parte
1461 1586 1913 1654 auricularum
1945 1584 2132 1651 vadit

583 1700 667 1767 ad
695 1698 1073 1775 cerebrum,
1110 1706 1172 1765 et
1204 1697 1294 1764 ibi
1330 1698 1395 1763 in
1436 1695 1683 1763 multas
1728 1715 1935 1760 venas
1965 1690 2132 1758 sub-

579 1807 731 1875 tiles
780 1806 1127 1884 dividitur,
1162 1827 1313 1896 quae
1348 1812 1756 1894 sparguntur
1809 1803 2010 1869 etiam
2057 1800 2126 1865 in

577 1915 713 1982 tela
741 1914 1128 1982 continente
1157 1913 1532 1981 cerebrum.
1563 1908 1932 1977 Cei-ebrum
1962 1929 2124 1974 vero

577 2029 756 2089 caret
818 2022 1099 2088 omnino
1158 2020 1488 2111 sanguine
1529 2017 1898 2085 secundum
1933 2037 2124 2082 suam

578 2128 1028 2196 substantiam
1098 2129 1164 2194 in
1214 2128 1401 2194 omni
1458 2125 1733 2194 animali
1797 2147 1812 2190 :
1858 2133 1920 2191 et
1976 2122 2123 2190 ideo

583 2258 722 2304 non
756 2243 857 2303 est
929 2236 999 2302 in
1056 2235 1434 2303 substantia
1490 2256 1607 2301 sua
1664 2232 1887 2321 aliqua
1951 2253 2125 2298 vena

580 2366 790 2432 parva
820 2342 928 2410 vel
969 2366 1244 2434 magna,
1287 2341 1402 2409 sed
1426 2340 1913 2408 nutrimentum
1947 2338 2125 2428 sugit

580 2453 666 2518 ab
735 2451 1272 2521 extremitatibus
1354 2472 1676 2517 venarum
1759 2447 1908 2516 teloe
1974 2468 2122 2537 quae

576 2560 950 2628 circumdat
978 2560 1200 2651 ipsum
1241 2568 1307 2626 et
1335 2559 1685 2648 distinguit
1729 2580 1743 2623 :
1779 2565 1844 2623 et
1881 2579 1965 2622 ex
2001 2578 2123 2622 sua

577 2667 952 2735 substantia
982 2666 1140 2734 facit
1170 2666 1336 2733 illud
1366 2666 1621 2743 album,
1664 2663 1833 2731 sicut
1864 2661 2127 2753 quodli-

576 2774 688 2841 bet
727 2773 1110 2841 membrum
1160 2772 1363 2840 babet
1421 2773 1904 2839 nutrimentum
1954 2792 2124 2837 con-

573 2890 836 2949 vertere
894 2883 962 2948 in
1011 2880 1303 2948 similem
1334 2880 1461 2947 sibi
1493 2880 1818 2955 colorem,
1851 2879 2022 2944 sicut
2052 2878 2121 2942 in

573 2988 984 3058 antehabitis
1013 2989 1537 3058 determinatum
1580 2996 1704 3055 est.
1741 2986 1909 3054 Aliae
1958 3009 2119 3053 vero

573 3119 761 3164 venae
814 3120 963 3188 quae
1013 3097 1472 3163 ramilicantur
1517 3096 1599 3162 al»
1647 3096 1800 3177 ista,
1835 3094 1901 3160 in
1934 3103 2120 3182 parte

572 3205 866 3282 aurium,
919 3202 1313 3271 dividuntur
1360 3204 1426 3268 in
1476 3203 1723 3269 multas
1767 3222 1781 3266 :
1825 3208 1891 3267 et
1930 3223 2123 3290 quae-

570 3312 726 3378 dam
758 3335 993 3380 earum
1023 3312 1374 3380 continent
1417 3318 1617 3401 caput
1662 3317 1995 3378 contextae
2050 3309 2119 3375 in

570 3416 734 3484 telas
764 3417 935 3504 ejus,
970 3425 1036 3485 et
1074 3415 1383 3507 quoedam
1414 3416 1817 3507 perveniunt
1868 3414 1951 3482 ad
1999 3437 2119 3481 or-

567 3547 744 3614 gana
772 3545 1097 3591 sensuum
1127 3531 1194 3591 et
1221 3522 1307 3590 ad
1334 3522 1568 3591 dentes
1598 3545 1716 3612 per
1742 3543 1949 3589 venas
1977 3519 2121 3588 fila-

568 3652 673 3696 res
700 3628 985 3697 subtiles
1021 3628 1245 3698 valde.
1283 3627 1611 3697 Similiter
1639 3637 1867 3695 autem
1923 3629 2121 3694 rami·

564 3737 850 3804 ficantur
888 3759 1076 3804 venae
1124 3760 1163 3804 a
1194 3759 1366 3803 vena
1424 3735 1663 3823 majori
1722 3757 1872 3825 quae
1936 3734 2119 3801 orllu'

561 3853 848 3912 vocatur
914 3866 930 3911 :
1001 3852 1067 3911 et
1133 3843 1263 3912 illae
1317 3851 1823 3933 consequuntur
1894 3849 2118 3933 partes

561 3975 754 4019 veum
797 3952 1077 4040 majoris
1123 3974 1139 4019 τ
1173 3952 1288 4019 sed
1319 3954 1446 4019 viae
1487 3974 1718 4019 earum
1762 3961 1918 4019 sunt
1957 3952 2120 4019 stri-

564 4061 810 4127 ctiores
837 4059 967 4126 viis
1006 4082 1338 4126 venarum
1378 4059 1906 4127 ramiticatarum
1935 4081 1974 4125 a
2005 4081 2117 4127 ve-

547 4187 652 4240 ,na
690 4164 958 4254 majori.

652 4270 812 4339 Haec
860 4271 1067 4363 igitur
1104 4281 1206 4339 est
1252 4272 1607 4364 dispositio
1653 4272 1963 4340 omnium
2003 4295 2116 4340 ve·

562 4401 806 4447 nurum
835 4377 1259 4470 pulsatilium
1290 4402 1440 4471 quoe
1468 4386 1627 4448 sunt
1663 4380 1733 4447 in
1772 4388 1960 4469 parte
1999 4379 2112 4448 illa

561 4488 867 4578 corporis
895 4511 1047 4579 quae
1078 4496 1180 4557 est
1216 4511 1419 4579 supra
1447 4512 1584 4557 cor.

652 4592 820 4661 Pars
849 4601 1078 4661 autem
1109 4615 1298 4663 venae
1337 4594 1614 4684 majoris
1645 4616 1798 4684 quae
1838 4602 1937 4661 est
1984 4592 2113 4661 sub

559 4701 763 4769 corde
795 4702 1033 4769 transit
1071 4722 1190 4793 per
1217 4700 1690 4795 diaphragma,
1722 4711 1786 4770 et
1810 4701 2112 4771 elevatur

562 4809 766 4875 etiam
806 4807 875 4875 in
907 4806 1247 4900 aliquibus
1279 4807 1442 4876 locis
1493 4807 1846 4877 revolvens
1885 4832 1957 4877 se
2003 4832 2113 4875 su·

558 4939 677 5007 pra
712 4917 959 5007 ipsum.
996 4915 1398 4986 Revolvitur
1443 4919 1624 4986 enim
1665 4927 1730 4985 et
1759 4920 2112 4988 continua-

557 5029 670 5090 tur
726 5024 794 5090 in
862 5021 1169 5113 pluribus
1233 5022 1401 5093 locis
1464 5048 1620 5093 cum
1704 5048 1877 5093 vena
1932 5024 2109 5094 orthi

557 5130 1029 5200 descendendo
1063 5153 1079 5198 :
1115 5140 1183 5201 et
1210 5131 1322 5201 ille
1354 5156 1583 5201 ramus
1637 5133 1976 5202 descendit
2024 5133 2108 5202 ad

556 5260 637 5306 ea
676 5261 826 5329 quae
857 5238 1176 5307 inferiora
1214 5249 1372 5309 sunt
1402 5241 1526 5308 sub
1565 5240 1788 5309 corde.
1827 5242 1879 5307 A
1932 5264 2105 5310 vena

556 5367 719 5435 ergo
767 5345 881 5413 illa
931 5370 1082 5438 quae
1130 5357 1230 5416 est
1270 5348 1545 5435 majoris
1583 5371 1765 5439 pars,
1827 5348 2109 5417 descen-

556 5452 725 5520 dens
754 5453 1053 5544 procedit
1081 5477 1120 5523 a
1149 5456 1349 5524 corde
1391 5479 1619 5525 ramus
1648 5479 1825 5524 unus
1864 5455 1947 5523 ad
1977 5454 2108 5523 be-

553 5584 700 5653 par.
765 5582 916 5651 quae
971 5570 1072 5629 est
1127 5586 1302 5632 vena
1360 5565 1582 5634 brevis
1612 5563 1745 5633 lata
1776 5573 1838 5632 et
1879 5563 2107 5655 ampla

556 5690 698 5736 non
755 5665 1083 5759 pulsans:
1118 5677 1187 5738 et
1236 5671 1324 5739 ab
1380 5671 1526 5763 ipsa
1561 5679 1813 5741 exeunt
1876 5671 2106 5740 multae

1587 337 1671 403 D.
1723 337 1920 404 ALB.
1974 334 2189 403 MAG.

2245 332 2449 402 ORD.
2505 337 2798 406 PRAED.

2251 528 2441 574 venae
2493 507 2769 575 subtiles
2831 520 3227 601 spargentes
3281 516 3454 580 sein
3486 514 3808 582 substan-

2245 618 2409 681 tiam
2441 613 2725 706 hepatis,
2771 627 2838 684 et
2868 620 3244 708 procedens
3275 623 3551 711 quidem
3575 622 3660 689 ad
3690 623 3807 690 he·-

2244 747 2388 813 par‚
2425 727 2493 791 in
2552 727 2696 815 ipso
2753 727 2961 816 gibbo
3020 729 3284 818 hepatis
3343 729 3671 797 dividitur
3732 734 3800 798 in

2244 830 2378 898 duo
2415 854 2429 897 ε
2467 854 2752 921 quarum
2793 858 2928 900 una
2960 836 3270 923 procedit
3301 835 3386 903 ad
3441 838 3796 926 parietem,

2243 946 2309 1004 et
2355 961 2589 1006 versus
2628 950 2848 1029 partes
2890 943 3138 1031 quibus
3171 946 3639 1023 continuatur,
3679 969 3805 1012 nu-

2241 1047 2448 1114 triens
2504 1071 2639 1127 eas,‚
2675 1058 2739 1117 et
2795 1051 3050 1118 ibidem
3110 1051 3367 1118 finitur.
3415 1053 3568 1120 Alia
3637 1078 3799 1122 vero

2240 1157 2536 1244 procedit
2572 1158 2656 1225 ad
2686 1160 3135 1228 subascellare
3168 1169 3235 1228 et
3265 1162 3464 1229 focile
3487 1163 3801 1230 dextrum

2238 1285 2360 1351 per
2398 1265 2809 1353 adjutorium
2843 1275 2907 1333 et
2939 1267 3272 1342 cubitum,
3320 1277 3386 1336 et
3436 1272 3803 1337 continua-

2238 1376 2347 1434 tur
2384 1392 2538 1436 cum
2598 1395 2772 1439 vena
2802 1396 2954 1464 quae
3013 1382 3113 1441 est
3163 1377 3233 1440 in
3274 1378 3631 1465 gyratione
3662 1375 3798 1442 hu-

2238 1477 2406 1542 meri
2436 1477 2504 1544 in
2557 1484 2948 1547 extensione
2980 1504 3127 1558 sua,
3165 1489 3231 1547 et
3267 1491 3556 1548 vocatur
3582 1483 3798 1573 leopa-

2236 1583 2394 1649 le'ca.
2451 1582 2739 1674 Signum
2787 1595 3016 1653 autem
3062 1588 3208 1674 ejus
3269 1587 3453 1676 quod
3498 1586 3795 1655 diximus

2237 1700 2359 1770 est,
2396 1694 2578 1783 quod
2618 1695 2860 1763 medici
2920 1696 3323 1786 praecipiunt
3370 1699 3530 1763 istas
3587 1720 3794 1764 venas

2234 1820 2356 1887 per
2385 1800 2835 1869 minutionem
2869 1802 3071 1869 incidi
3107 1811 3343 1869 contra
3374 1801 3640 1893 hepatis
3680 1803 3799 1870 do-

2234 1903 2411 1971 lores
2488 1907 2815 1996 quosdam
2876 1910 2992 1998 qui
3041 1916 3204 1976 sunt
3250 1932 3333 1976 ex
3376 1909 3795 1976 abundantia

2232 2010 2429 2077 calidi
2503 2014 2877 2104 sanguinis·
2926 2014 3026 2080 Ex
3094 2014 3325 2081 dextra
3380 2038 3544 2082 vero
3604 2025 3791 2105 parte

2233 2117 2534 2204 ejusdem
2592 2121 2761 2186 rami
2819 2145 2855 2186 a
2913 2119 3121 2211 gibbo
3180 2121 3446 2211 hepatis
3495 2123 3636 2188 exit
3705 2122 3788 2187 al»

2232 2246 2310 2290 ea
2336 2248 2511 2292 vena
2547 2249 2750 2316 parva
2801 2226 3092 2307 subtilis,
3153 2235 3219 2294 et
3275 2228 3360 2294 ad
3425 2228 3773 2294 sinistrmn

2232 2331 2513 2398 tendens
2577 2337 2882 2423 pervenit
2945 2334 3030 2401 ad
3097 2335 3392 2423 plenem,
3428 2344 3495 2403 et
3526 2335 3773 2400 ibidem

2230 2434 2551 2504 dividitur
2579 2440 2648 2505 in
2679 2439 2926 2507 multas
2963 2438 3161 2506 valde
3191 2439 3478 2506 subtiles
3509 2439 3781 2530 capilla-
3838 2525 3845 2533 .

2230 2567 2334 2611 res
2362 2569 2626 2635 sparsas
2659 2548 2724 2614 in
2765 2547 2997 2637 splene
3054 2548 3344 2615 serentes
3397 2549 3784 2615 nutrimen-

2229 2660 2372 2719 tum
2412 2654 2783 2742 sanguinis.

2315 2758 2554 2826 Adhuc
2586 2768 2811 2828 autem
2843 2761 2926 2827 ab
2959 2786 3035 2828 ea
3059 2785 3231 2829 vena
3267 2785 3515 2851 inagna
3547 2770 3609 2827 ‹·t
3643 2784 3783 2828 am-

2228 2866 2335 2958 pla
2376 2868 2443 2934 iu
2483 2891 2800 2959 supremo
2862 2869 3124 2960 hepatis
3192 2872 3330 2938 exit
3385 2894 3559 2937 vena
3629 2892 3779 2959 qum

2226 2979 2564 3068 spargitur
2626 2980 2693 3045 in
2742 2981 3017 3047 sinistro
3059 2979 3348 3070 liepati5‚
3385 2988 3448 3046 et
3481 2978 3777 3044 ascendit

2226 3087 2308 3153 ad
2339 3086 2535 3155 focile
2560 3090 2908 3157 sinistrum
2932 3113 3052 3179 per
3081 3090 3498 3176 adjutorium
3531 3097 3592 3154 et
3613 3086 3781 3153 sul)-

2225 3194 2565 3263 ascellare.

2307 3304 2620 3393 Ariiplius
2659 3313 2884 3371 autem
2943 3304 3172 3372 adliuc
3210 3306 3297 3371 ab
3339 3303 3576 3371 eade-m
3631 3326 3782 3368 ma-

2223 3431 2355 3498 gua
2388 3433 2558 3478 vena
2592 3413 2657 3478 in
2698 3435 3017 3503 supremo
3077 3410 3343 3502 hepatis
3404 3410 3784 3477 ramiticau-

2224 3526 2334 3584 tur
2362 3517 2511 3587 aliae
2539 3540 2725 3586 venae
2790 3519 3042 3608 plures,
3112 3541 3406 3608 quarum
3450 3539 3584 3583 una
3633 3539 3786 3605 prn-

2222 3625 2398 3694 cedit
2436 3627 2521 3693 ad
2548 3627 2819 3716 girbuin
2852 3627 3035 3718 quod
3066 3637 3169 3695 est
3197 3652 3405 3719 supra
3444 3638 3779 3704 ventrem,

2222 3741 2284 3800 et
2315 3733 2448 3800 alia
2485 3734 2566 3800 ad
2599 3743 2901 3801 ventrem
2944 3758 3062 3825 per
3115 3758 3344 3803 ramos
3384 3735 3606 3803 ferens
3666 3758 3787 3802 nu-

2220 3840 2581 3908 timentum
2610 3840 2693 3908 ad
2748 3851 2970 3932 partes
3001 3841 3174 3909 illas.
3211 3843 3318 3909 Ab
3365 3844 3602 3911 vadem
3654 3866 3785 3908 au-

2221 3958 2355 4017 tem
2387 3951 2485 4018 sie
2523 3951 2590 4017 in
2647 3960 2881 4020 ventre
2935 3955 3270 4020 existente
3312 3954 3781 4020 ramilirantur

2223 4058 2504 4127 ulterius
2551 4059 2779 4128 multae
2832 4084 3051 4139 venae,
3100 4084 3253 4153 quat
3313 4060 3779 4130 extenduntur

2219 4166 2305 4234 ad
2380 4167 2772 4236 intestinum
2848 4168 3174 4246 medium,
3240 4170 3424 4259 quod
3495 4178 3781 4236 vocatur

2205 4273 2570 4363 jejunum,
2637 4283 2700 4341 et
2759 4283 2919 4342 tuuc
2976 4297 3218 4344 omnes
3295 4276 3778 4343 intestinorum

2215 4403 2407 4450 vente
2434 4381 2914 4449 couvenientes
2934 4390 3461 4472 componuntur
3483 4384 3554 4450 iu
3579 4405 3782 4449 unam

2215 4509 2462 4556 venam
2493 4509 2838 4577 magnam,
2871 4510 3025 4578 quae
3054 4511 3175 4578 per
3207 4489 3529 4555 intestina
3554 4496 3786 4556 traus-

2217 4593 2262 4660 it
2330 4601 2397 4661 et
2426 4602 2732 4661 ventrem
2775 4594 2888 4684 qui
2934 4602 3032 4661 est
3086 4592 3512 4671 stomachus,
3556 4602 3619 4662 et
3675 4617 3787 4660 re-

2217 4701 2390 4768 {lexa
2419 4701 2717 4768 ascendit
2748 4699 2966 4771 donec
2997 4703 3350 4792 perveniat
3394 4702 3480 4769 acl
3512 4709 3776 4791 portam

2213 4810 2633 4902 superiorem
2691 4808 3050 4885 stomachi,
3109 4820 3175 4878 et
3233 4809 3479 4877 deinde
3522 4807 3780 4876 ranuli-

2213 4926 2405 4987 catur
2433 4919 2675 4987 iterum
2741 4918 2810 4986 in
2842 4918 3090 4986 multas
3131 4941 3287 5008 qua·
3355 4916 3442 4985 ad
3510 4916 3772 4985 diversa

2213 5027 2522 5095 membra
2551 5029 2966 5119 pertingunt.

2305 5138 2590 5224 Oportet
2626 5141 2855 5201 autem
2904 5133 3101 5211 scire,
3146 5131 3331 5223 quod
3384 5131 3551 5199 illud
3593 5131 3772 5222 quod

2216 5266 2298 5311 ex
2356 5243 2597 5332 majori
2653 5265 2828 5310 vena
2894 5241 3269 5324 descendit,
3331 5249 3397 5310 et
3468 5240 3533 5307 id
3592 5239 3772 5330 quod

2212 5350 2554 5420 descendit
2588 5374 2670 5420 ex
2708 5359 2897 5441 parte
2938 5351 3147 5429 ortbi,
3182 5348 3390 5417 arnbo
3448 5350 3576 5416 ista
3619 5371 3777 5438 per-

2209 5460 2493 5525 veniunt
2549 5456 2631 5525 ad
2659 5467 2924 5547 partem
2957 5457 3025 5524 in
3087 5480 3222 5548 qua
3252 5464 3414 5522 sunt
3452 5477 3645 5522 rem-s
3682 5455 3771 5519 si-

2208 5589 2292 5634 ve
2333 5566 2853 5657 separationem.
2918 5576 2980 5635 et
3042 5565 3319 5656 quando
3362 5564 3762 5656 perveniunt

2211 5673 2298 5743 ad
2325 5684 2587 5767 partem
2612 5673 3029 5767 spondilium
3079 5696 3324 5742 renum
3387 5696 3541 5766 quie
3609 5679 3769 5739 sunt
