4919 6371
1907 252 2075 318 Lm.
2132 248 2262 316 XII
2311 245 2433 314 DE
2481 239 3069 327 ANIMALIBUS,
3118 249 3429 321 TRACT,
3481 249 3508 316 1

1087 422 1493 493 diffinitione
1544 424 1789 492 domus
1837 422 1977 488 sive
2044 420 2206 487 aedis
2266 424 2657 486 assumetur

1084 534 1257 601 ratio
1295 532 1803 601 aedificationis:
1876 537 1941 596 et
2000 530 2096 596 sic
2173 528 2385 595 etiam
2449 526 2652 594 estin

1083 639 1233 706 aliis
1265 639 1466 707 rebus
1498 635 1997 704 consimilibus,

1170 746 1231 812 Α
1285 746 1491 812 simili
1550 766 1713 833 ergo
1783 743 2224 811 manifestum
2276 752 2401 820 est,
2467 739 2651 832 quod

1082 854 1540 921 necessarium
1582 860 1684 919 est
1722 853 1905 943 quod
1936 853 2278 921 elementa
2306 874 2459 941 quae
2491 857 2650 917 sunt

1081 963 1150 1027 in
1182 960 1404 1049 prima
1432 961 1929 1051 compositione
1961 962 2211 1052 posita,
2257 962 2394 1026 sint
2424 966 2651 1024 mate-

1081 1069 1178 1134 ria
1219 1068 1545 1136 membris
1604 1070 2104 1146 consimilibus,
2151 1089 2303 1157 quae
2343 1074 2503 1132 sunt
2542 1062 2646 1129 his

1076 1179 1453 1266 posteriora
1508 1180 1577 1245 in
1636 1177 2098 1269 generationis
2158 1173 2637 1241 exsecutione:

1078 1285 1239 1375 quia
1269 1285 1337 1352 in
1379 1286 1528 1353 aliis
1559 1285 1885 1352 membris
1924 1292 1990 1349 et
2015 1284 2321 1372 ipsorum
2353 1300 2647 1369 compo-

1078 1393 1323 1461 sitione
1364 1402 1462 1460 est
1495 1392 2083 1481 complementum
2123 1398 2190 1457 et
2236 1390 2392 1457 linis
2431 1411 2646 1479 gene-

1078 1501 1361 1568 rationis
1401 1498 1823 1567 elementalis
1864 1497 2413 1588 compositionis,
2442 1497 2645 1565 Dein-

1077 1607 1158 1676 de
1199 1616 1430 1676 autem
1479 1616 1633 1698 post
1691 1607 1867 1676 lianc
1923 1608 2501 1698 compositionem
2532 1604 2643 1673 ul-

1075 1714 1287 1782 terius
1316 1715 1727 1804 accipiemus
1776 1716 2349 1782 sustentationem
2382 1714 2454 1780 in
2494 1735 2639 1780 esse

1072 1844 1267 1901 vere,
1313 1845 1465 1914 quae
1538 1831 1639 1890 est
1693 1846 1776 1889 ex
1834 1822 2041 1890 modo
2118 1822 2641 1911 compositionis

1071 1931 1311 2008 tertiae,
1338 1932 1513 1997 sicut
1535 1952 1619 1995 ex
1661 1927 1986 1997 membris
2025 1927 2491 2018 lieterogeniis
2522 1950 2642 1994 ac-

1069 2035 1233 2105 cidit
1252 2037 1831 2126 complementum
1866 2036 2232 2103 modorum
2270 2044 2339 2103 et
2376 2035 2643 2125 specie-

1074 2167 1225 2211 rum
1284 2144 1745 2235 generationis
1794 2144 2170 2211 multorum
2202 2142 2634 2221 animalium,

1072 2248 1388 2318 videlicet
1419 2273 1570 2340 quae
1609 2251 2047 2341 generatione
2090 2251 2383 2317 univoca
2422 2272 2640 2339 gene-

1079 2364 1340 2425 rantur.
1385 2359 1808 2447 Compositio
1857 2381 2021 2448 ergo
2078 2357 2485 2425 animalium
2540 2364 2639 2424 est

1075 2464 1352 2553 quidem
1390 2488 1472 2531 ex
1503 2464 1823 2531 omnibus
1871 2464 2268 2550 hujusmodi
2311 2463 2640 2531 membris

1073 2595 1226 2662 qua·
1258 2571 1660 2640 dictasunt:
1695 2572 1813 2639 sed
1855 2581 2083 2639 tamen
2127 2573 2197 2638 in
2245 2571 2485 2639 ordine
2516 2595 2641 2663 ge-

1068 2683 1443 2750 nerationis
1473 2682 1824 2774 quodlibet
1848 2682 2236 2749 membrum
2278 2683 2504 2750 simile
2537 2690 2636 2749 est

1070 2798 1348 2881 propter
1423 2791 1811 2858 membrum
1861 2790 2218 2868 dissimile,
2282 2790 2469 2879 quod
2537 2798 2636 2859 cst

1068 2900 1475 2987 erynnis-um
1534 2901 1677 2966 sive
1754 2898 2065 2989 officiale
2130 2905 2480 2981 vocatum,
2551 2922 2632 2966 eo

1069 3006 1249 3095 quod
1292 3008 1723 3098 operationes
1764 3008 2008 3073 animae
2046 3027 2197 3097 quae
2255 3014 2415 3073 sunt
2466 3008 2635 3074 lines

1067 3115 1554 3203 generationis,
1599 3137 1735 3182 non
1773 3116 1940 3181 liunt.
1999 3116 2130 3181 nisi
2175 3116 2242 3180 in
2301 3113 2633 3183 membris

1067 3224 1434 3311 organicis,
1469 3246 1620 3314 qum
1669 3233 1824 3290 sunt
1867 3223 2039 3289 sicut
2072 3221 2339 3298 oculus,
2392 3245 2626 3298 nasus,

1066 3337 1132 3396 et
1163 3329 1555 3412 faciestota,
1598 3340 1664 3399 et
1711 3332 1989 3420 digitus,
2043 3338 2111 3397 et
2159 3353 2431 3407 mamus,
2479 3353 2630 3422 quae

1063 3445 1349 3506 vocatur
1386 3440 1636 3517 mitior,
1679 3463 1829 3529 qua·
1869 3448 1969 3506 est
2010 3441 2371 3506 continens
2401 3462 2632 3507 rasce-

1062 3554 1202 3614 tam
1241 3555 1306 3615 et
1338 3555 1574 3637 pecten
1608 3571 1851 3616 numus
1889 3571 2048 3616 cum
2080 3548 2353 3637 digitis:
2390 3557 2455 3616 et
2488 3571 2631 3616 ma·

1063 3676 1192 3720 nus
1231 3676 1385 3745 quae
1426 3663 1714 3723 vocatur
1740 3655 2001 3746 nuffar,
2043 3678 2196 3747 qum
2244 3664 2344 3722 est
2381 3678 2628 3723 manus

1058 3767 1124 3826 et
1154 3759 1510 3829 brachium
1545 3770 1791 3829 totum.

1145 3876 1430 3967 Oportet
1490 3886 1719 3945 autem
1788 3878 1980 3953 scire,
2056 3877 2242 3967 qnod
2296 3888 2528 3947 motus
2558 3887 2622 3947 et

1055 3985 1491 4074 operationes
1530 3983 1933 4052 animalium
1973 3993 2134 4052 sunt
2180 3985 2381 4055 valde
2439 3988 2626 4082 durae

1055 4101 1122 4160 et
1154 4094 1527 4161 multarum
1569 4093 1946 4162 formarum
2006 4103 2070 4160 et
2113 4096 2526 4184 specierum,
2559 4107 2627 4168 et

1055 4200 1339 4269 diversae
1368 4210 1521 4268 sunt
1555 4202 1986 4292 operationes
2009 4202 2522 4273 membrorum:
2556 4215 2622 4274 et

1057 4308 1208 4374 ideo
1240 4309 1698 4375 necessarium
1768 4307 1916 4384 luit,
1969 4308 2156 4398 quod
2208 4312 2622 4400 compositio

1050 4413 1521 4483 membrorum
1552 4438 1917 4505 corporum
1949 4415 2354 4484 animalium
2388 4420 2504 4485 liat
2536 4442 2620 4487 ex

1047 4523 1417 4592 virtutibus
1446 4531 1509 4591 et
1542 4523 1986 4615 qualitatibus
2009 4533 2073 4591 et
2108 4523 2346 4593 sorinis
2374 4549 2622 4620 corpo·

1049 4630 1306 4698 talibus
1357 4632 1666 4699 diversis.
1732 4629 1975 4698 Omnis
2014 4634 2201 4699 enim
2254 4632 2618 4705 diversitas

1045 4760 1411 4830 corporum
1442 4747 1541 4808 est
1574 4747 1852 4831 propter
1878 4738 2346 4808 diversitatem
2382 4751 2618 4833 poten·

1045 4845 1296 4914 tiarum
1357 4846 1741 4915 animarum
1802 4845 2271 4914 animalium:
2330 4856 2395 4914 et
2459 4848 2613 4920 idco

1045 4954 1254 5023 molle
1310 4957 1632 5025 convenit
1682 4953 2093 5045 quibusdam
2134 4956 2383 5024 animae
2439 4980 2614 5048 ope-

1044 5063 1448 5144 rationibus,
1475 5073 1541 5132 et
1574 5063 1819 5131 durum
1851 5064 2175 5131 convenit
2207 5062 2401 5133 aliis:
2436 5067 2613 5135 sicut

1042 5173 1385 5239 sensitis-is
1416 5175 1635 5258 magis
1664 5172 1983 5240 convenit
2018 5171 2253 5256 molle,
2297 5182 2362 5241 et
2395 5176 2612 5244 moti-

1037 5277 1142 5343 vis
1178 5281 1394 5370 umgis
1436 5281 1682 5347 durum
1716 5288 1813 5346 est
1845 5282 2294 5348 conveniens,
2350 5281 2451 5349 Ex
2500 5290 2610 5352 ta-

1038 5382 1215 5452 libus
1255 5394 1484 5454 autem
1514 5387 1859 5480 corporeis
1886 5387 2258 5455 virtutibus
2288 5389 2607 5479 quaedam

1037 5494 1460 5563 conveniunt
1522 5494 1842 5586 operibus
1898 5493 2148 5586 palmae
2220 5496 2604 5567 secundum

1038 5599 1186 5690 ejus
1221 5600 1671 5682 clausionem,
1707 5602 1982 5694 quando
2015 5626 2224 5696 super
2239 5627 2314 5674 se
2344 5628 2608 5676 recom-

4182 255 4304 321 591

2760 415 3047 505 plicatur
3093 443 3108 486 ε
3191 430 3256 487 et
3313 422 3625 511 quaedam
3694 424 4109 492 conveniunt
4170 426 4313 515 ejus

2761 528 2945 615 operi
2978 529 3158 617 quod
3191 528 3393 595 habet
3433 529 3801 595 secundam
3834 552 4028 596 suam
4071 543 4311 600 exten-

2758 634 3045 715 sionem,
3082 635 3353 724 quando
3385 636 3720 724 aperituri
3757 636 4303 729 Unumquodque

2759 740 2962 828 igitur
2992 742 3379 808 membrum
3411 743 3766 811 consimile
3808 744 4105 835 aliquam
4140 747 4306 813 ista-

2757 870 2907 913 rum
2938 846 3139 916 habet
3176 851 3505 919 virtutum
3537 875 3551 918 ε
3589 862 3656 919 et
3687 853 3835 920 ideo
3877 853 4060 920 aliud
4092 877 4176 921 ex
4207 856 4302 923 eis

2753 960 2850 1018 est
2882 952 3110 1032 molle,
3177 958 3349 1024 sicut
3404 957 3660 1024 cerebri
3730 958 4066 1025 medulla:
4112 960 4292 1026 aliud

2753 1069 2852 1128 est
2891 1061 3160 1142 durum,
3195 1067 3371 1133 sicut
3399 1089 3595 1133 ossa:
3633 1076 3699 1135 et
3730 1066 3914 1134 aliud
3945 1075 4045 1134 est
4081 1066 4305 1135 humi-

2752 1168 2939 1247 dum,
2975 1178 3041 1238 et
3070 1171 3253 1239 aliud
3281 1174 3559 1249 siccum,
3612 1181 3680 1240 et
3710 1173 3892 1240 aliud
3928 1175 4295 1254 viscosum,

2750 1284 2816 1342 et
2845 1277 3027 1344 aliud
3066 1301 3204 1345 non
3234 1280 3578 1347 viscosum
3621 1281 3763 1349 sive
3797 1303 3934 1347 non
3978 1287 4201 1348 tenax.

2836 1384 3141 1453 Membra
3194 1410 3358 1456 vero
3416 1388 3741 1477 organica
3800 1389 3972 1455 sicut
4013 1411 4299 1479 compo-

2749 1502 3000 1561 nuntur
3020 1518 3104 1562 ex
3125 1496 3379 1574 multiS‚
3406 1497 3655 1564 multas
3687 1496 3937 1564 habent
3965 1498 4248 1565 virtutes
4274 1521 4290 1565 :

2749 1611 2812 1669 et
2845 1603 2993 1671 ideo
3033 1604 3346 1695 quaedam
3403 1606 3619 1673 virtus
3678 1628 3920 1673 manus
3979 1608 4297 1674 convenit

2747 1712 3119 1802 acceptioni
3180 1720 3245 1780 et
3308 1711 3636 1782 clausurae
3689 1737 3933 1781 manus
3990 1736 4139 1804 quae
4195 1723 4297 1782 est

2746 1822 3109 1911 stringenS,
3145 1821 3277 1889 alia
3301 1822 3516 1888 virtus
3556 1823 3878 1890 convenit
3917 1822 4294 1914 deprehen·

2745 1927 2919 1994 sioni
2977 1936 3042 1994 et
3096 1928 3477 1996 extensioni
3544 1952 3830 1997 manus:
3877 1938 3941 1997 et
3996 1928 4142 1998 haec
4194 1940 4296 1998 est

2743 2054 2948 2101 causa
2983 2058 3189 2125 quare
3257 2036 3384 2103 ista
3413 2036 3719 2104 membra
3759 2037 4077 2128 organica
4134 2061 4292 2106 sus-

2742 2152 3109 2221 tentantur,
3164 2154 3231 2213 et
3262 2145 3936 2236 comprehenduntur
3992 2169 4076 2215 ex
4119 2147 4296 2214 ossi-

2744 2255 2871 2322 bus
2901 2265 2964 2323 et
2995 2257 3221 2323 nervis
3250 2265 3315 2323 et
3343 2279 3543 2324 carne
3584 2266 3649 2324 et
3689 2255 4083 2345 hujusmodi
4114 2257 4296 2324 mul—

2745 2364 2830 2429 tis
2860 2362 3185 2430 membris
3223 2363 3723 2430 consimilibus,
3779 2363 3909 2431 Per
3956 2362 4138 2431 hunc
4169 2365 4292 2455 igi-

2742 2479 2854 2538 tur
2889 2470 3169 2538 modum
3239 2479 3339 2538 est.
3395 2471 3803 2561 compositio
3863 2473 4163 2562 corporis
4208 2496 4291 2539 ex

2744 2580 3064 2648 membris
3108 2581 3466 2671 organicis.
3526 2580 3962 2648 Manifestum
4012 2589 4109 2647 est
4167 2604 4294 2647 au-

2744 2696 2903 2770 tem,
2938 2687 3119 2778 quod
3152 2687 3333 2755 modi
3374 2687 3891 2778 compositionis
3930 2697 4112 2763 sunt,
4157 2689 4293 2755 sic-

2741 2803 2812 2861 ut
2840 2793 3159 2872 diximuS,
3197 2801 3264 2861 et
3302 2793 3486 2885 quod
3518 2794 3609 2860 ita
3649 2793 4076 2871 ordinantur,
4110 2816 4291 2885 quo-

2741 2901 2923 2967 niam
2965 2908 3146 2991 patet
3213 2900 3569 2967 dissimilia
3608 2900 3913 2968 membra
3966 2902 4284 2992 componi

2740 3031 2824 3074 ex
2855 3008 3212 3076 similibus,
3253 3008 3585 3077 l’ossibile
3650 3016 3880 3077 tamen
3939 3018 4064 3087 est,
4102 3010 4284 3100 quod

2737 3119 3133 3187 sustentatio
3164 3125 3232 3185 et
3269 3139 3415 3185 esse
3446 3117 3901 3209 quorumdam
3935 3119 4291 3210 organico-

2736 3249 2885 3294 rum
2943 3227 3407 3296 membrorum
3464 3229 3550 3295 sit
3610 3250 3692 3295 ex
3759 3227 3993 3296 multis
4050 3227 4282 3319 aliquo

2735 3335 2965 3417 modo,
2999 3342 3063 3403 et
3101 3336 3305 3403 etiam
3344 3357 3430 3402 ex
3460 3336 3662 3401 unico
3720 3333 3868 3402 solo
3909 3335 4281 3403 secundum

2733 3441 2942 3510 alium
2979 3442 3286 3520 modum,
3321 3444 3493 3510 sicut
3521 3449 3679 3510 sunt
3709 3441 4020 3533 qua-dam
4062 3465 4285 3510 mem-

2731 3550 2852 3618 bra
2883 3551 3230 3629 interiora,
3280 3551 3453 3618 sicut
3494 3549 3874 3623 cerebrum.
3911 3558 3976 3618 et
4016 3550 4275 3640 pulmo,

2731 3667 2797 3726 et
2828 3657 3061 3749 hepar,
3105 3667 3171 3726 et
3225 3656 3644 3736 stomachus,
3714 3667 3781 3726 et
3839 3656 4273 3748 hujusmodi:

2730 3790 3021 3858 quorum
3097 3766 3322 3834 omnis
3371 3766 3591 3856 ligura
3645 3772 3748 3833 est
3786 3788 3871 3833 ex
3918 3766 4153 3833 formis
4183 3764 4284 3832 di-

2731 3877 2966 3953 versis,
3009 3876 3185 3942 sicut
3213 3881 3372 3941 sunt
3417 3874 3701 3941 diversae
3752 3871 3987 3941 sorinae
4034 3898 4276 3940 com-a·

2728 4005 2891 4049 vum
2956 3989 3020 4049 et
3070 4003 3480 4059 convexum,
3551 3989 3615 4048 et
3671 3988 3930 4048 rectum
3980 3992 4043 4048 et
4102 3980 4283 4048 obli-

2730 4115 2942 4184 quum
2978 4113 2993 4157 ε
3039 4092 3351 4180 quamvis
3380 4088 3565 4156 aliud
3598 4111 3681 4156 ex
3713 4089 3811 4158 eis
3857 4090 3957 4170 fit,
3991 4089 4174 4182 quod
4204 4091 4280 4158 fit

2727 4222 2810 4267 ex
2839 4220 2977 4266 uno
3007 4220 3290 4288 corpore
3320 4195 3687 4276 consimili,
3732 4197 4055 4287 quoniam
4097 4221 4277 4263 cere-

2726 4305 2922 4374 brum
2951 4305 3221 4374 videtur
3255 4328 3400 4374 esse
3432 4304 3786 4373 consimile
3824 4305 3895 4371 in
3945 4304 4271 4395 partibus,

2723 4413 2879 4483 licet
2904 4413 3036 4481 alia
3076 4436 3231 4504 quae
3259 4413 3556 4481 diximus
3586 4412 3969 4503 composita
4014 4414 4148 4480 sint.
4192 4436 4274 4480 ex

2722 4545 2920 4591 carne
2949 4531 3015 4590 et.
3061 4521 3253 4590 venis
3281 4529 3348 4589 et
3377 4522 3642 4588 arteriis
3671 4529 3736 4588 et
3768 4521 3995 4588 nervis
4033 4519 4274 4612 aliqui·

2721 4629 2872 4698 bus.
2917 4630 3083 4698 Dico
3114 4636 3342 4697 autem
3372 4629 3764 4697 consimilia
3813 4650 3960 4697 esse
4005 4627 4274 4719 simpli-

2718 4741 2823 4808 cia
2853 4762 2936 4809 eo
2972 4739 3179 4808 modo
3238 4761 3376 4830 quo
3433 4735 3929 4829 homogenium
3981 4736 4270 4828 simplex

2718 4847 2847 4916 dici
2876 4855 3142 4940 potest:
3176 4847 3357 4916 etde
3397 4869 3686 4916 numero
3739 4847 4050 4924 istorum,
4094 4846 4268 4914 sicut

2706 4957 2852 5046 jam
2873 4964 3028 5024 ante
3057 4955 3378 5032 diximus,
3409 4976 3549 5022 non
3578 4963 3863 5045 possunt
3886 4977 4032 5020 esse
4057 4976 4272 5021 mem-

2715 5062 2835 5131 bra
2871 5062 3233 5154 organica:
3306 5062 3660 5152 quoniam,
3694 5060 3869 5130 sicut
3888 5061 4035 5150 jam
4083 5060 4266 5128 dixi-

2714 5193 2891 5249 mus,
2919 5167 3301 5237 membrum
3332 5168 3732 5258 organicum
3757 5190 3894 5236 non
3918 5175 4017 5235 est
4050 5190 4259 5235 unum

2713 5279 2781 5346 in
2809 5278 3331 5368 compositione,
3384 5274 3502 5343 sed
3552 5276 3791 5366 plura:
3851 5284 3917 5343 et
3967 5274 4117 5343 ideo
4155 5275 4266 5343 di-

2710 5396 2956 5459 cuntur
3000 5387 3315 5480 quaedam
3356 5384 3666 5454 membra
3719 5384 4052 5475 simplicia
4112 5407 4263 5477 quae

2710 5494 2961 5566 habent
2989 5501 3212 5586 partes
3242 5491 3657 5570 consimiles,
3688 5499 3755 5560 et
3785 5493 4099 5583 quaedam
4139 5514 4261 5561 or-

2708 5604 2949 5698 ganica
2986 5627 3142 5697 quae
3171 5601 3427 5672 habent
3469 5608 3698 5692 partes
3735 5600 4124 5670 dissimiles.
