4919 6371
560 348 644 414 60
1543 357 1630 425 D.
1682 356 1880 425 ALB.
1932 356 2151 426 MAG.
2203 357 2409 431 0111).
2461 364 2758 433 PRAED.

561 515 831 605 gustatis
878 528 944 586 Εἰ
988 521 1262 590 invidiae
1308 533 1376 590 et
1421 526 1957 612 intemperanti&
2002 535 2105 592 &St
2203 546 2412 623 mine,
2449 560 2514 615 et
2555 553 3058 618 vociferationis
3114 554 3184 617 in
3242 548 3394 615 aliis
3442 546 3753 613 animali·

559 624 851 715 signum.
886 627 1287 696 Aristoteles
1317 639 1547 695 autem
1593 629 1776 694 hunc
1815 630 2097 695 modum

557 734 695 800 oris
739 734 923 823 quod
977 758 1347 801 concavum
1411 742 1640 816 vocat,
1698 733 2100 801 libidinosos

556 840 889 930 praecipue
954 839 1117 907 dicit
1189 838 1572 906 ostendere.
1651 837 1861 905 Labia
1930 862 2096 907 vero

555 972 709 1016 cum
739 947 962 1016 soluta
998 945 1085 1012 ab
1132 968 1249 1013 ore
1292 945 1794 1036 aliquantulum
1850 948 2100 1040 depen-

553 1052 713 1120 dent
765 1074 850 1119 ex
897 1048 1284 1117 inordinato
1330 1048 1622 1122 humore
1677 1054 2088 1132 abundante,

554 1159 834 1226 inertem
874 1154 1367 1224 demonstrant.
1402 1158 1478 1226 ln
1523 1162 1733 1229 asinis
1788 1163 1971 1230 enim
2029 1171 2098 1230 et

553 1266 622 1330 in
657 1263 847 1351 equis
876 1262 1173 1352 antiquis
1211 1262 1346 1333 hoc
1381 1267 1657 1357 signum
1687 1268 1920 1335 dicunt
1948 1290 2095 1335 esse

553 1370 903 1447 Platonici,
929 1374 1045 1461 qui
1071 1374 1305 1441 omnia
1335 1398 1487 1465 quae
1513 1376 1887 1444 bestiarum
1907 1387 2088 1454 sunt,

550 1500 671 1568 per
715 1478 1226 1550 similitudinem
1281 1484 1651 1573 quamdam
1698 1484 2094 1552 hominibus

555 1582 1028 1654 attribuerunt.

1092 2680 1386 2747 CAPUT
1433 2681 1521 2748 X.

539 3431 640 3497 De
680 3429 1164 3521 compositione
1200 3427 1461 3519 linque
1494 3439 1560 3497 e!
1589 3431 1904 3522 partium
1943 3431 2082 3500 silea·

621 3536 787 3626 conj
787 3545 1177 3614 mictu-unm.
1215 3547 1284 3605 ee
1326 3536 1415 3604 de
1483 3559 1666 3619 voce,
1705 3548 1771 3605 e!
1801 3538 2082 3630 physio-

612 3645 899 3736 gnomia
933 3643 1117 3734 ejus.

613 4498 872 4591 Lingua
942 4511 1173 4572 autem
1245 4513 1350 4573 est
1423 4505 1811 4574 membrum
1883 4507 2070 4598 quod

522 4615 822 4677 creatum
857 4618 964 4678 est
985 4632 1073 4678 ex
1093 4634 1299 4681 carne
1321 4611 1477 4680 alba
1514 4614 1686 4682 dura
1715 4614 1887 4684 liene
1925 4638 2073 4684 mo-

519 4710 637 4781 bili
668 4720 789 4782 :et
823 4712 955 4785 hoc
1005 4716 1303 4787 ostendit
1340 4717 1533 4787 color
1575 4729 1645 4787 et
1680 4742 1856 4812 opus
1893 4723 2067 4813 ejus.

520 4818 802 4889 Rubedo
830 4830 1061 4891 autem
1091 4846 1245 4917 quae
1274 4834 1375 4894 est
1406 4825 1580 4917 ipsa,
1621 4835 1725 4895 est
1762 4847 1848 4895 ex
1876 4830 2073 4898 venis

523 4927 754 4996 multis
791 4951 945 5021 quae
987 4931 1274 5001 veniunt
1312 4931 1399 4999 ad
1436 4953 1614 5011 eam,
1660 4943 1727 5003 et
1770 4957 1853 5003 ex
1890 4943 2069 5005 arte·

518 5034 662 5114 riis,
719 5041 791 5103 et
826 5036 1128 5106 maxime
1191 5037 1278 5106 ad
1344 5037 1738 5110 interiorem
1803 5051 2066 5134 partem

517 5141 663 5230 ejus
694 5165 711 5211 ε
746 5154 1023 5235 propter
1048 5146 1233 5239 quod
1265 5146 1473 5215 etiam
1514 5149 1661 5240 ipsa
1688 5149 1760 5217 in
1790 5149 2068 5222 interio-

519 5248 578 5315 ri
604 5256 793 5339 parte
848 5253 1069 5342 magis
1095 5251 1297 5323 rubet
1322 5275 1533 5345 quam
1584 5254 1655 5322 in
1700 5258 2062 5347 superiori.

517 5353 705 5446 Opus
729 5364 958 5425 autem
987 5358 1138 5446 ejus
1178 5368 1283 5429 est
1331 5358 1611 5451 duplex.
1640 5360 1872 5432 Unum
1911 5366 2065 5458 qui·

514 5461 669 5531 dem
696 5463 1114 5533 necessitatis
1139 5474 1269 5550 est,
1299 5467 1487 5560 quod
1514 5467 1732 5535 estad
1754 5478 2059 5560 gustum.

515 5568 822 5638 Alterum
855 5579 1084 5640 autem
1115 5584 1218 5642 est
1253 5575 1339 5643 ad
1384 5575 1559 5646 bene
1596 5598 1746 5646 esse
1774 5599 1796 5646 t
1827 5587 1899 5648 et
1932 5578 2065 5650 hoc

516 5685 618 5747 est
643 5677 727 5745 ad
773 5679 1401 5770 interpretationem
1440 5686 1781 5753 samonis
1822 5686 1896 5753 in
1934 5685 2064 5755 ho·

2200 649 2327 715 bus
2357 653 2442 719 ab
2475 654 2777 723 homine.

2289 755 2373 822 Et
2408 782 2580 849 opus
2626 763 2898 851 quidem
2948 772 3186 850 gustus
3239 762 3442 829 habet
3491 787 3579 831 ex
3622 763 3749 830 hoc

2200 863 2384 950 quod
2411 876 2514 933 est
2559 867 2734 935 bene
2763 868 3099 957 passibilis
3151 868 3222 933 in
3270 870 3591 935 anteriori
3628 893 3748 937 ex·

2198 974 2538 1044 tremitate
2574 998 2722 1055 sua,
2755 978 2824 1042 in
2869 1000 3005 1067 qua
3049 984 3152 1044 est
3198 998 3539 1065 expansus
3598 998 3748 1042 ner·

2197 1097 2325 1143 vus
2359 1084 2765 1170 gustatims.
2807 1081 2956 1150 Hoc
2992 1082 3176 1149 enim
3223 1081 3444 1171 magis
3503 1103 3747 1147 conve·

2199 1184 2300 1249 nit
2325 1189 2626 1255 anterius
2654 1211 2859 1278 quam
2896 1190 3230 1277 posterius
3267 1189 3338 1254 in
3383 1187 3609 1254 radice
3639 1188 3746 1277 ip·

2197 1292 2337 1355 sius
2371 1316 2389 1360 τ
2422 1297 2749 1383 quoniam
2805 1295 3119 1363 discretio
3187 1317 3338 1384 quae
3391 1304 3495 1363 aet
3557 1304 3742 1376 ante,

2196 1403 2416 1482 potest
2455 1400 2709 1466 utiliter
2754 1408 2871 1466 aut
2917 1403 3188 1490 rejicere
3235 1410 3353 1467 aut
3393 1403 3745 1468 transmit·

2195 1508 2338 1568 tere
2366 1504 2596 1572 cibum
2630 1530 2647 1574 :
2677 1507 2801 1574 sed
2836 1509 3170 1597 posterior
3197 1530 3352 1597 pars
3389 1528 3532 1573 non
3571 1505 3743 1573 adeo

2194 1602 2483 1676 faciliter
2508 1612 2813 1699 rejiceret
2838 1612 3160 1679 nocivum
3196 1635 3212 1677 :
3251 1612 3413 1701 quia
3453 1632 3612 1677 cum
3642 1619 3745 1678 est

2192 1712 2266 1779 in
2306 1719 2666 1804 posteriori
2713 1719 2933 1786 radice
2981 1719 3153 1807 ejuS‚
3187 1720 3336 1807 jam
3388 1727 3494 1786 est
3529 1719 3602 1784 in
3627 1718 3744 1784 via

2192 1820 2666 1911 glutinationis
2704 1837 2824 1895 :et
2878 1829 2934 1895 si
2999 1836 3175 1896 esset
3251 1829 3344 1894 ibi
3393 1827 3738 1905 discretio,

2191 1930 2466 2001 inferret
2489 1945 2976 2004 nocumentum
3016 1945 3380 2027 antequam
3429 1936 3741 2024 rejicere·

2189 2044 2322 2103 tur.
2370 2039 2492 2109 Est
2543 2042 2752 2133 igitur
2795 2042 3067 2121 melius,
3121 2051 3200 2109 ut
3263 2063 3607 2131 expansus
3653 2043 3745 2109 sit

2188 2165 2439 2214 nervus
2473 2150 2859 2238 gustativus
2886 2150 2958 2215 in
2988 2148 3310 2215 anteriori
3341 2149 3493 2236 ejus
3526 2170 3543 2214 :
3579 2170 3740 2215 cum

2188 2256 2417 2321 tamen
2454 2257 2544 2322 sit
2567 2256 2824 2346 ubique
2869 2257 2940 2323 in
2970 2255 3206 2346 lingua
3243 2265 3312 2323 et
3350 2256 3419 2322 in
3450 2277 3571 2323 ore
3616 2254 3742 2322 ali-

2188 2358 2342 2449 quis
2377 2363 2806 2431 ramusculus
2833 2365 3025 2432 nervi
3055 2364 3383 2455 gustativi
3415 2363 3504 2431 ad
3539 2364 3739 2451 adju-

2163 2456 2488 2538 'vandum
2516 2472 2587 2538 in
2614 2471 3055 2540 discernendo
3085 2494 3385 2561 sapores,
3423 2468 3559 2537 Sed
3594 2493 3741 2561 per·

2185 2571 2353 2642 fecte
2389 2599 2533 2645 non
2577 2586 2680 2646 est
2710 2577 2841 2644 nisi
2886 2578 2956 2644 in
3001 2577 3325 2644 anteriori
3373 2585 3566 2666 parte
3604 2575 3736 2643 lin-

2184 2704 2360 2772 guae.
2402 2682 2575 2753 Cum
2624 2693 2850 2753 autem
2889 2693 3128 2776 gustus
3179 2692 3279 2752 est
3323 2683 3603 2774 quidam
3641 2693 3737 2751 ta·

2185 2798 2355 2869 ctus,
2406 2792 2584 2861 sicut
2620 2801 2968 2861 ostensum
3026 2800 3127 2859 est
3166 2792 3236 2858 in
3289 2790 3395 2858 his
3443 2813 3596 2881 quae
3651 2791 3735 2857 de

2183 2899 2415 2965 anima
2473 2908 2655 2978 sunt,
2705 2900 2832 2967 erit
2883 2898 3122 2990 lingua
3174 2898 3536 2966 discretiva
3581 2920 3735 2965 om·

2186 3006 2374 3074 nium
2403 3030 2640 3077 eorum
2679 3030 2833 3099 quae
2859 3007 3395 3075 substantialiter
3420 3008 3737 3074 nutriunt

2184 3135 2451 3205 eorpus,
2499 3115 2631 3185 hoc
2673 3123 2800 3199 est,
2832 3114 3057 3195 calidi,
3093 3124 3163 3182 et
3203 3113 3459 3207 frigidi,
3502 3112 3736 3181 humi-

2185 3221 2278 3301 di,
2336 3233 2407 3294 et
2456 3226 2642 3296 sicci.
2703 3225 2855 3294 lloc
2916 3232 3141 3293 autem
3182 3221 3390 3292 habet
3433 3245 3559 3315 per
3602 3222 3736 3290 boc

2185 3330 2366 3419 quod
2417 3334 2566 3425 ipsa
2608 3332 3145 3401 substantialiter
3195 3332 3419 3421 tangit
3471 3328 3730 3403 cibum.

2183 3438 2360 3507 sicut
2381 3439 2641 3510 dictum
2668 3449 2772 3510 est
2807 3439 2998 3519 alibi,
3029 3449 3097 3507 et
3134 3461 3277 3508 non
3313 3447 3585 3530 oportet
3623 3437 3736 3505 bic

2184 3545 2527 3616 reiterare.

2271 3654 2526 3747 Figura
2550 3664 2778 3727 autem
2805 3655 3059 3748 lingum
3101 3661 3232 3733 est,
3264 3653 3456 3745 quod
3497 3653 3589 3721 sit
3624 3674 3739 3720 re-

2183 3768 2290 3830 tro
2316 3765 2534 3856 spissa
2553 3775 2624 3836 et
2645 3764 2865 3835 tendit
2888 3763 2977 3832 ad
2994 3763 3394 3832 tenuitatem
3427 3784 3447 3830 ε
3480 3769 3548 3830 et
3578 3761 3735 3829 ideo

2181 3871 2433 3959 spissas
2478 3879 2636 3941 ante
2679 3869 2950 3962 linguas
2990 3868 3346 3950 babentes,
3376 3890 3518 3937 non
3555 3867 3730 3936 bene

2180 3975 2480 4047 fonnant
2529 3998 2928 4048 sermones:
2959 3983 3032 4044 et
3073 3981 3347 4067 oportet
3389 3973 3579 4066 quod
3642 3975 3733 4042 sit

2182 4084 2355 4154 bene
2380 4087 2608 4158 solnta
2636 4095 2705 4158 et
2730 4085 3150 4157 extensibilis
3183 4093 3257 4156 et
3280 4082 3618 4176 plicabilis
3642 4083 3730 4151 ad

2181 4192 2418 4265 dentes
2452 4204 2525 4266 et
2583 4195 2671 4266 ad
2696 4195 3028 4288 palatum.
3057 4194 3146 4264 ad
3172 4216 3470 4287 quorum
3507 4201 3732 4262 tactus

2182 4298 2430 4371 format
2480 4301 2817 4373 elementa
2867 4299 3239 4370 articulato
3290 4307 3361 4369 et
3415 4299 3732 4369 litterato

2180 4403 2371 4473 vocis
2403 4426 2422 4476 t
2449 4415 2731 4499 propter
2763 4405 2948 4498 quod
2992 4404 3295 4473 anterius
3341 4403 3614 4495 linguas
3642 4403 3733 4471 li-

2182 4517 2375 4602 gatas
2407 4511 2760 4594 babentes,
2798 4534 2939 4582 non
2975 4510 3150 4580 bene
3192 4509 3495 4580 formant
3543 4510 3732 4579 litte-

2182 4639 2326 4688 ram
2393 4618 2472 4704 S,
2522 4630 2594 4691 et
2642 4620 2962 4691 dicuntur
2999 4619 3173 4687 blasi
3211 4642 3229 4688 ε
3272 4626 3338 4686 et
3388 4619 3731 4709 posterius

2179 4727 2423 4822 ligatas
2447 4729 2798 4808 habentes,
2831 4751 2971 4798 non
2989 4726 3166 4796 bene
3199 4726 3504 4795 formant
3540 4724 3627 4808 R,
3659 4732 3731 4793 et

2177 4834 2499 4907 dicuntur
2522 4833 2813 4906 trabali.
2846 4832 3074 4902 Motus
3118 4838 3349 4901 autem
3382 4832 3554 4900 istos
3590 4828 3731 4898 lin-

2177 4966 2315 5036 gua
2350 4941 2558 5013 habet
2580 4964 2668 5012 ex
2703 4941 2930 5012 nervis
2974 4939 3253 5008 motivis
3301 4937 3418 5030 qui
3458 4959 3731 5029 expan-

2177 5050 2431 5120 duntur
2465 5051 2537 5121 in
2574 5051 2747 5144 ipsa,
2776 5048 2862 5118 de
2888 5045 3139 5140 quibus
3166 5067 3297 5116 nos
3323 5047 3395 5114 in
3429 5067 3730 5137 sequen·

2173 5155 2361 5226 tibus
2403 5178 2920 5251 prosequemur.
2961 5152 3252 5223 Inferius
3304 5161 3538 5223 autem
3591 5152 3731 5219 lin·

2176 5286 2314 5355 gua
2374 5266 2645 5335 videtur
2713 5285 2863 5332 esse
2897 5261 3312 5353 ·superticiei
3378 5259 3727 5329 continua

2176 5390 2317 5439 non
2353 5374 2638 5464 signato
2673 5392 2802 5440 nec
2842 5369 3077 5438 divisoe
3120 5391 3246 5461 per
3281 5367 3535 5435 lineam
3596 5363 3729 5433 ali-

2177 5500 2381 5569 quam
2414 5502 2436 5550 :
2470 5487 2539 5549 et
2565 5477 2759 5572 pellis
2784 5475 2903 5546 illa
2930 5476 3212 5548 interior
3237 5497 3389 5568 quse
3418 5474 3729 5544 continet

2175 5583 2623 5658 substantiam
2648 5586 2821 5677 ejus,
2851 5586 3173 5655 continue
3195 5582 3589 5652 extenditur
3613 5580 3728 5648 in-

2173 5689 2411 5780 ferius4
2452 5701 2528 5763 et
2552 5691 2991 5762 continuatur
3012 5689 3096 5758 ad
3139 5688 3212 5757 id
3257 5687 3446 5781 quod
3473 5684 3729 5755 Arabi-
