4919 6371
574 335 704 404 364

562 508 648 576 ab
696 502 1148 575 animalibus:
1186 502 1515 589 quoniam
1539 501 1679 568 fota
1709 501 1908 567 nimis
1938 500 2113 568 cule-

567 615 835 687 fierent‚
871 618 937 675 et
964 607 1244 695 spiritus
1300 606 1526 673 vitalis
1591 608 1705 698 qui
1746 617 1846 676 est
1882 609 1951 675 in
1987 610 2105 687 eiS,

561 717 1059 793 incenderetur,
1094 721 1156 781 et
1190 724 1591 805 evaporaret
1618 740 1701 785 ex
1726 718 1933 785 altera
1953 717 2111 784 dua-

560 847 714 893 rum
754 845 1115 891 causarum
1153 845 1167 889 :
1206 825 1366 914 quia
1405 823 1716 893 videlicet
1760 826 1959 891 nimis
1997 847 2109 891 ca-

562 932 719 1000 lidis
748 939 873 1010 est,
909 933 1085 999 sicut
1113 932 1433 1001 dicuntur
1467 955 1614 1001 esse
1653 934 1906 1021 species
1936 954 2108 998 ovo-

558 1063 714 1108 rum
780 1040 1224 1109 struthionis:
1286 1049 1405 1108 aut
1469 1042 1631 1131 quia
1693 1061 1944 1128 paucus
1995 1047 2108 1105 aut

557 1146 869 1216 modicus
901 1156 1028 1226 est,
1050 1148 1316 1214 sicutin
1350 1148 1498 1213 ovis
1528 1147 1839 1234 piscium.

551 1288 566 1304 ·
638 1254 1249 1342 Quorumcumque
1302 1259 1532 1318 autem
1581 1275 1870 1320 ovorum
1908 1255 2106 1343 spiri-

549 1368 663 1430 -tus
693 1360 1194 1451 proportionati
1235 1366 1421 1437 sunt,
1465 1366 1532 1425 et
1570 1381 1708 1426 non
1738 1359 1927 1427 facile
1984 1385 2104 1428 ex-

550 1465 888 1533 siccabilis
919 1474 1025 1534 est
1061 1466 1249 1533 calor
1300 1466 1530 1534 vitalis
1588 1475 1654 1535 et
1707 1469 2101 1537 formativus

546 1575 619 1640 in
650 1573 825 1651 ovis,
861 1572 1007 1642 haec
1046 1596 1322 1643 necesse
1380 1583 1484 1643 est
1511 1575 1738 1644 fovere
1769 1585 1835 1645 et
1862 1577 2102 1645 cubare

551 1701 686 1747 ova
717 1703 846 1748 sua
883 1705 900 1750 τ
937 1688 1005 1749 et
1051 1689 1213 1748 sunt
1266 1684 1476 1750 etiam
1540 1683 1611 1749 in
1657 1680 1764 1749 his
1827 1683 2096 1773 graduS‚

560 1788 722 1877 quia
751 1789 972 1879 magis
1001 1788 1235 1857 calidis
1273 1792 1629 1881 pauciores
1671 1799 1732 1857 et
1792 1792 2103 1860 subtilio-

550 1915 658 1960 res
721 1895 1000 1983 spiritus
1059 1894 1493 1974 habentibus»,
1555 1905 1821 1987 oportet
1866 1922 2099 1990 parare

554 1999 794 2068 nidum
823 2004 1017 2092 parvi
1043 2003 1287 2070 caloris
1332 2001 1446 2072 vel
1494 2002 1787 2072 nullius:
1831 2015 1896 2074 et
1950 2008 2098 2076 ideo

1572 326 1656 396 D.
1707 326 1906 396 ALB.
1958 327 2170 395 MAG.
2224 326 2426 398 ORD.
2482 331 2777 400 PRAED.

2218 506 2527 594 quaedam
2549 506 2617 572 in
2639 515 2838 583 terra,
2866 504 3178 594 quaedam
3212 513 3440 571 autem
3476 505 3544 571 in
3575 506 3774 573 valde

2217 613 2400 678 tenui
2427 613 2587 679 nido
2626 621 2891 702 ponunt
2920 634 3048 678 ova
3081 634 3226 677 sua.

2305 718 2908 808 Quorumcumque
2958 726 3187 785 autem
3255 741 3549 786 ovorum
3609 728 3771 786 sunt

2216 827 2432 914 magis
2464 823 2740 891 hebetes
2771 833 2835 891 et
2862 825 3088 915 frigidi
3137 827 3415 914 spiritus
3446 834 3514 894 et
3559 824 3763 892 multi

2215 938 2279 998 et
2317 931 2539 1019 spissi,
2592 937 2858 1020 oportet
2898 930 3134 996 nidum
3165 953 3313 999 esse
3345 932 3668 1014 calidum,
3704 940 3773 999 et

2216 1038 2510 1128 undique
2531 1036 2765 1105 calidis
2794 1039 3319 1127 circumseptum
3348 1061 3364 1104 :
3401 1040 3577 1106 sicut
3597 1039 3774 1105 mul-

2213 1155 2312 1212 tas
2343 1168 2502 1213 aves
2532 1168 2619 1212 ex
2646 1144 2817 1212 lanis
2867 1153 2932 1212 et
2964 1144 3117 1236 pilis
3146 1144 3381 1212 calidis
3413 1145 3612 1212 nidos
3650 1149 3765 1213 vi-

2215 1253 2450 1319 demus
2480 1260 2870 1320 construere
2900 1274 2914 1318 t
2987 1259 3052 1319 et
3117 1251 3425 1342 quaedam
3478 1274 3564 1318 ex
3593 1261 3769 1319 ster-

2210 1383 2389 1438 core,
2434 1381 2514 1425 eo
2547 1356 2729 1448 quod
2760 1357 2944 1425 calor
2999 1357 3313 1426 stercoris
3346 1356 3608 1448 aliquid
3639 1356 3770 1424 ha-

2208 1466 2320 1534 bet
2355 1466 2426 1534 in
2455 1490 2528 1534 se
2566 1466 2837 1533 virtutis
2874 1464 3126 1544 vitalis,
3154 1487 3234 1531 eo
3266 1464 3448 1554 quod
3491 1464 3576 1531 ab
3608 1465 3764 1530 ani-

2209 1599 2321 1645 ma
2359 1583 2425 1642 et
2462 1575 2762 1642 animato
2828 1571 3128 1663 digestus
3176 1579 3277 1639 est
3337 1580 3404 1638 et
3460 1581 3758 1661 egestus,

2209 1686 2382 1752 sicut
2417 1682 2576 1749 facit
2604 1702 2858 1771 upupa.

2296 1790 2380 1858 Et
2409 1812 2493 1858 ex
2530 1787 2922 1877 hujusmodi
2962 1783 3626 1854 considerationibus
3656 1782 3765 1850 fa-

2206 1897 2332 1967 cile
2397 1905 2497 1966 est
2526 1896 2696 1964 scire
2726 1896 3035 1963 omnium
3076 1893 3542 1960 diversitatem
3583 1912 3766 1981 proe-

2205 2007 2664 2076 inductorum.
