4919 6371
1609 353 1695 420 D.
1748 353 1950 419 ALB.
2004 353 2221 420 MAG.
2274 354 2478 423 ORD.
2534 358 2826 426 PRAED.

604 365 735 433 304

598 530 967 597 involuunt
1004 523 1210 613 pedes
1257 523 1434 588 circa
1473 520 1706 609 pedeS,
1756 529 1820 588 et
1862 529 2021 591 tunc
2059 546 2171 590 na·

597 643 743 702 tant
803 656 838 700 e
897 650 1229 697 converse
1290 628 1625 693 nutationi
1667 651 1804 718 qua
1843 630 2170 698 natabant

600 762 741 807 non
810 743 1135 804 coeuntes
1207 757 1221 801 :
1275 736 1437 826 quia
1485 759 1621 803 una
1676 747 1868 805 natat
1934 746 2168 807 contra

2276 530 2614 595 cationem
2679 538 3029 620 portarum
3080 539 3351 614 coeunt,
3421 532 3595 598 sicut
3652 534 3822 600 dixi-

2279 660 2451 705 mus.

598 847 833 925 aliam,
877 852 953 910 ut
1016 843 1280 912 fortiter
1336 845 1681 915 adhaereat
1730 849 1817 927 ei,
1862 849 1957 915 ita
1986 847 2167 937 quod

594 974 814 1018 unum
881 950 1218 1019 dictorum
1266 954 1668 1021 animalium
1699 952 1999 1020 natando
2048 952 2165 1019 de-

595 1058 802 1126 clinat
832 1059 1199 1149 posteriuS,
1242 1069 1309 1127 et
1339 1061 1628 1127 alterum
1658 1060 1898 1125 nititur
1925 1081 2162 1125 versus

595 1187 672 1232 os
712 1167 1043 1243 anteriuS,
1079 1172 1145 1231 et
1175 1165 1272 1231 sic
1300 1171 1509 1231 ovant
1538 1186 1623 1230 ex
1650 1170 1843 1252 parte
1867 1163 2157 1230 membri

595 1272 780 1340 illius
812 1271 999 1362 quod
1037 1292 1330 1360 pomum
1372 1269 1439 1334 in
1479 1268 1880 1357 corporibus
1920 1290 2157 1336 eorum

590 1387 926 1448 vocatur:
961 1398 1082 1465 per
1123 1374 1292 1441 illud
1336 1376 1541 1442 etiam
1582 1374 2020 1443 confricando
2087 1398 2157 1442 se

589 1493 925 1579 spargunt
952 1485 1328 1552 commixta
1367 1508 1497 1553 ova
1546 1494 1612 1554 et
1656 1486 1780 1554 lac.
1820 1484 1997 1553 Sunt
2050 1494 2160 1555 ta-

2358 855 2630 921 Animal
2686 880 2845 924 vero
2911 858 3227 925 annulosi
3293 861 3616 949 corporiS,
3685 859 3821 925 coit

2272 959 2576 1026 membro
2627 962 2809 1050 quod
2851 971 2953 1028 est
2997 963 3065 1027 in
3110 987 3234 1030 suo
3295 965 3678 1053 posteriori,
3749 973 3818 1031 et

2270 1067 2569 1134 ascendit
2632 1069 2856 1136 minus
2924 1092 3128 1158 super
3229 1072 3449 1160 majus
3508 1094 3524 1140 ε
3583 1072 3809 1138 minus

2269 1175 2448 1241 enim
2488 1176 2729 1244 dicitur
2761 1198 2931 1254 mas,
3013 1185 3080 1244 et
3119 1179 3338 1267 majus
3382 1179 3626 1246 dicitur
3685 1179 3814 1246 foe-

2268 1282 2451 1351 mina
2500 1308 2515 1352 ε
2585 1284 2823 1352 deinde
2883 1285 3129 1352 emittit
3175 1283 3456 1352 foernina
3504 1287 3806 1364 vulvam,

2266 1414 2416 1481 quae
2484 1401 2585 1459 est
2659 1391 3008 1470 bifurcata,
3054 1414 3204 1481 quae
3262 1392 3510 1460 directe
3542 1401 3644 1460 est
3683 1393 3807 1459 sub

2264 1501 2570 1566 membro
2625 1502 2843 1567 coitus
2901 1499 3134 1577 maria,
3186 1509 3252 1566 et
3299 1501 3492 1589 ponit
3534 1501 3808 1567 vulvam

591 1616 751 1661 men
791 1593 911 1684 qui
978 1592 1349 1682 opinantur
1401 1595 1626 1683 sepias
1694 1595 1901 1660 etiam
1977 1594 2156 1660 coire
2261 1627 2455 1672 suam
2512 1605 2758 1673 directe
2798 1605 2923 1672 sub
2974 1605 3284 1673 membro
3344 1607 3550 1673 maris
3625 1606 3810 1696 quod

584 1723 707 1791 pel*
753 1700 1015 1770 dietum
1090 1700 1505 1768 melnbrum.
1590 1699 1871 1769 Karabo
1926 1709 2154 1767 aulen]
2262 1724 2362 1781 est
2407 1736 2610 1804 super
2638 1737 2786 1781 eam
2832 1735 2846 1779 ς
2883 1722 2949 1781 et
2986 1712 3118 1781 hoc
3164 1714 3238 1780 fit
3294 1737 3331 1781 e
3369 1737 3697 1781 converso
3738 1714 3808 1780 in

581 1818 648 1877 θῐ
714 1807 995 1877 ὃὸῑᾶὓῙῙΟ
1044 1815 1111 1874 (Ξῖ
1176 1806 1547 1888 acchorim,
1609 1815 1678 1875 θῐ
1728 1806 2148 1897 hujusmodi,
2260 1821 2410 1890 aliis
2493 1822 2923 1901 animalibuS,
3019 1844 3173 1912 quae
3264 1844 3403 1888 non
3488 1823 3808 1888 emittunt

581 1926 837 1986 coeunt
878 1916 1054 1983 sicut
1102 1915 1430 1982 animalia
1468 1913 1937 2004 quadrupedia
1966 1917 2151 1982 min·
2256 1932 2498 1998 vulvas
2579 1930 2661 1998 nd
2735 1953 2979 2008 mares,
3052 1929 3171 1998 sed
3253 1930 3483 2020 potius
3575 1951 3797 1996 mares

578 2023 811 2112 gemla
885 2019 1229 2111 1³05terius
1298 2019 1384 2087 ad
1436 2020 1727 2087 caudam
1764 2044 1779 2088 ἲ
1816 2028 1885 2088 θῑ
1931 2020 2147 2088 coitus
2257 2039 2576 2105 emittunt
2612 2039 2836 2127 virgas
2893 2044 3129 2105 contra
3180 2036 3421 2104 vulvas
3487 2037 3806 2104 foemina-

580 2128 891 2218 ipsomm
932 2128 1355 2217 “equ“mlus
1384 2137 1486 2195 ⁰⁵²
1534 2128 1605 2195 5¹²
1637 2128 1833 2196 initio
1862 2129 2045 2196 veris
2083 2135 2150 2195 θῑ
2256 2167 2406 2212 rum
2446 2167 2719 2212 suarum
2766 2167 2780 2210 ε
2826 2153 2891 2211 et
2928 2143 3322 2233 hujusmodi
3371 2143 3545 2210 sacta
3599 2146 3810 2210 emis-

573 2258 788 2326 prope
831 2235 1019 2304 littus
1063 2258 1080 2302 :
1117 2236 1278 2324 quia
1342 2235 1414 2302 in
1462 2234 1715 2302 talibus
1780 2234 1948 2303 locis
2001 2235 2146 2324 jani
2253 2252 2443 2319 sione
2474 2253 2747 2342 ponitur
2784 2251 3167 2317 membrum
3200 2250 3405 2317 maris
3438 2250 3615 2316 intra
3643 2249 3802 2316 vul..

570 2343 869 2434 expertis
944 2341 1260 2432 apparuit
1336 2342 1589 2433 saepius
1650 2343 1874 2410 coitus
1977 2343 2147 2408 isto-

586 2472 766 2517 rum.

666 2679 928 2747 Cancer
982 2700 1146 2746 vero
1203 2681 1593 2747 communis
1657 2682 1817 2760 coit,
1870 2681 2143 2774 quando

573 2788 858 2856 immina
917 2784 1044 2853 sub
1097 2788 1319 2877 ipsum
1382 2788 1642 2854 intrans
1708 2791 2051 2877 equitatur
2106 2813 2145 2857 a

576 2919 789 2974 mare,
863 2897 959 2962 sic
1012 2894 1197 2985 quod
1239 2918 1368 2962 sua
1443 2896 1875 2985 coopertoria
1933 2905 2140 2966 testea

572 3027 728 3094 quae
798 3003 1050 3071 tmaicae
1122 3011 1481 3082 vocantur,
1544 3003 1994 3072 involvuntur
2058 3004 2141 3072 nd

574 3112 900 3190 invicem,
954 3111 1040 3176 ita
1111 3109 1296 3200 quod
1371 3119 1566 3202 porta
1634 3132 1788 3202 quw
1820 3119 1921 3178 est
1970 3111 2144 3178 inter

576 3220 750 3289 duas
805 3219 1072 3286 tunicas
1138 3218 1344 3284 unius
1400 3218 1651 3286 directe
1712 3220 2142 3310 superposita

571 3329 776 3395 fuerit
814 3334 1029 3417 portae
1087 3347 1240 3414 quae
1309 3335 1406 3393 est
1450 3326 1627 3395 inter
1662 3325 1834 3394 duas
1878 3327 2141 3395 tunicas

569 3434 879 3504 alterius.
916 3432 1088 3501 Dico
1109 3440 1341 3500 autem
1373 3433 1551 3501 duas
1578 3435 1875 3512 tunicas,
1909 3458 2142 3526 super-

563 3544 791 3612 ficiem
847 3542 1118 3618 duram,
1171 3549 1240 3610 et
1306 3541 1696 3611 inferiorem
1758 3543 1828 3611 in
1892 3544 2134 3625 cauda,

566 3675 720 3744 quae
746 3658 855 3719 eet
878 3651 1054 3718 sicut
1084 3648 1282 3739 pellis
1302 3673 1577 3730 cornea,
1622 3652 1747 3722 sed
1775 3652 2024 3721 tenuis.
2059 3652 2137 3721 In

566 3756 998 3826 extremitate
1055 3755 1241 3823 enim
1312 3755 1495 3824 illius
1532 3766 1631 3825 est
1671 3780 1883 3849 porus
1934 3782 2140 3851 super

563 3862 911 3942 anum,sic
946 3860 1131 3929 enim
1162 3883 1408 3931 cancer
1435 3864 1662 3931 minor
1688 3865 1803 3956 qui
1836 3874 1936 3934 est
1959 3889 2132 3945 mas,

561 3968 872 4039 ascendit
919 3990 1129 4058 super
1164 3967 1520 4038 foeminam
1570 3978 1778 4049 retro,
1812 3980 1879 4039 et
1922 3971 2138 4040 decli-

566 4084 680 4144 nnt
710 4098 784 4143 se
816 4073 905 4143 ad
935 4074 1155 4164 ipsam
1190 4097 1207 4143 ε
1252 4074 1535 4144 foemina
1592 4099 1757 4145 vero
1807 4076 2133 4147 vertendo

561 4183 742 4252 latus
770 4181 1007 4249 caudae
1054 4189 1295 4249 contra
1360 4205 1546 4262 eum,
1588 4191 1655 4251 et
1692 4183 1791 4252 sic
1828 4183 2137 4275 applica-

561 4290 748 4358 tione
815 4297 1175 4379 portarum
1224 4289 1611 4378 completur
1664 4289 1889 4358 coitus
1939 4312 1957 4357 ε
2011 4314 2135 4361 nec

563 4399 1003 4467 diversantur
1064 4397 1293 4465 cancri
1359 4398 1645 4466 masculi
1709 4422 1753 4466 a
1804 4395 2127 4478 foeminis,

562 4506 694 4574 nisi
727 4502 915 4596 quod
946 4501 1224 4571 fimnina
1262 4513 1362 4574 est
1390 4505 1732 4596 majorum
1783 4504 2135 4576 membro-

563 4637 747 4691 rum,
798 4620 870 4681 et
903 4611 1497 4702 coopertoriorum
1546 4614 1691 4682 sive
1746 4613 2129 4683 tunicarum

565 4722 635 4788 in
667 4717 890 4789 cauda
921 4718 1246 4787 distantia
1285 4727 1385 4787 est
1427 4721 1649 4810 major
1677 4720 1749 4789 in
1787 4719 2067 4790 t'oemina
2110 4745 2126 4789 :

564 4826 685 4894 sed
725 4834 794 4895 et
832 4823 1052 4894 cauda
1098 4832 1244 4893 tota
1282 4825 1487 4894 latior
1513 4835 1615 4896 est
1658 4836 1730 4897 et
1766 4829 1988 4921 magis
2027 4838 2133 4898 te-

563 4935 719 5002 nuis
787 4934 858 5000 in
908 4931 1208 4998 firmina.
1275 4932 1354 5001 In
1406 4934 1713 5004 masculo
1762 4944 1993 5006 autem
2032 4950 2137 5006 est

563 5044 787 5132 magis
826 5041 1124 5110 rotunda
1181 5049 1248 5109 et
1306 5042 1614 5133 spissior,
1661 5052 1729 5111 et
1799 5045 1869 5112 in
1910 5045 2133 5115 radice

558 5147 796 5219 caudae
817 5146 1028 5215 habet
1049 5145 1397 5215 masculus
1416 5157 1715 5239 quatuor
1732 5149 1975 5243 longas
2003 5152 2136 5220 vir-

562 5254 760 5348 gulas
799 5255 869 5322 in
900 5254 1163 5324 cancris
1193 5254 1614 5337 fluvialibus,
1647 5280 1818 5351 quas
1847 5281 1988 5328 non
2017 5257 2138 5329 ba-

563 5360 679 5428 bet
721 5358 1030 5428 firmina.
1073 5359 1299 5431 Ovant
1338 5369 1572 5431 autem
1607 5385 1733 5455 per
1765 5387 1976 5433 anum
2016 5386 2137 5456 per

561 5491 767 5559 quem
793 5475 895 5534 est
933 5470 1159 5536 exitus
1209 5470 1727 5561 superfluitatis.
1784 5470 1921 5541 Sed
1960 5496 2134 5543 neu·

560 5583 665 5643 ter
701 5596 1111 5642 cancrorum
1133 5573 1346 5646 habet
1384 5577 1774 5648 membrum
1834 5578 2023 5670 quod
2061 5579 2134 5651 in

562 5682 749 5751 coitu
780 5680 989 5749 intret
1013 5702 1265 5771 corpus
1285 5681 1593 5767 alterius,
1615 5683 1738 5754 sed
1755 5706 1881 5777 per
1905 5684 2134 5778 appli-

2253 2381 2410 2426 vam
2469 2358 2787 2437 foemiuae,
2830 2365 2893 2425 et
2956 2356 3208 2425 claudit
3255 2379 3327 2424 se
3392 2355 3598 2423 vulva
3638 2365 3799 2423 tunc

2251 2464 2403 2533 forti
2469 2465 2968 2543 constrictione,
3037 2463 3133 2530 ita
3196 2462 3378 2553 quod
3446 2461 3795 2529 adhaerent

2250 2573 2379 2640 sibi
2437 2573 2796 2661 posteriuS,
2849 2595 2926 2638 ac.
2999 2572 3054 2637 si
3130 2571 3263 2638 sint
3329 2569 3647 2659 colligata
3709 2569 3789 2636 ad

2251 2702 2484 2757 anum,
2519 2687 2586 2745 et
2620 2680 2787 2744 liunt
2844 2677 3033 2768 quusi
3074 2679 3209 2744 sint
3266 2701 3476 2743 unum
3513 2676 3793 2767 longum

2250 2785 2501 2853 animal
2557 2808 2640 2852 ex
2705 2793 2987 2874 utraque
3056 2792 3243 2873 parte
3290 2782 3548 2850 habens
3597 2789 3798 2871 caput

2250 2916 2487 2960 unum.
2541 2891 2919 2958 membrum
2961 2898 3187 2958 nutem
3241 2891 3459 2957 coitus
3519 2896 3800 2979 apparet

2247 3003 2316 3069 in
2357 3001 2759 3094 quibusdum
2801 3023 3038 3068 eorum
3106 3000 3355 3089 maJus,
3426 3007 3487 3065 et
3534 3000 3601 3065 in
3641 2998 3802 3087 qui-

2247 3108 2531 3177 busdam
2583 3132 2817 3176 eorum
2873 3108 3124 3185 minuS,
3203 3106 3577 3175 secundum
3627 3128 3802 3172 con-

2244 3219 2626 3309 gruentiam
2675 3239 3037 3307 corporum
3107 3215 3533 3283 diversorum
3576 3237 3792 3280 annu-

2246 3325 2547 3393 losorum
2592 3348 2608 3391 :
2650 3333 2718 3392 et
2752 3347 2889 3392 non
2933 3324 3100 3392 bene
3143 3321 3609 3391 manifestatur
3660 3321 3785 3388 nisi

2244 3433 2601 3522 diligenter
2653 3442 2923 3523 experte
2979 3431 3131 3523 quis
3187 3430 3478 3499 voluerit
3538 3428 3790 3496 distin-

2243 3566 2450 3634 guere
2479 3542 2655 3610 inter
2680 3563 2946 3610 muscas
2992 3541 3063 3608 in
3096 3549 3402 3631 tempore
3429 3539 3680 3619 coitus,
3725 3544 3790 3604 et

2244 3650 2419 3720 inter
2446 3647 2573 3718 alia
2604 3646 2934 3717 annulosa
2967 3670 2982 3715 :
3017 3646 3273 3715 videbit
3296 3646 3478 3713 enim
3517 3643 3792 3735 quando

2241 3780 2387 3825 mas
2441 3755 2737 3831 advolat,
2780 3762 2846 3822 et
2886 3754 3165 3822 immina
3220 3751 3399 3821 levat
3455 3750 3792 3843 posterius

2240 3889 2441 3934 suum
2492 3872 2725 3934 contra
2797 3884 3081 3938 marem,
3132 3870 3199 3929 et
3237 3858 3529 3928 extrahit
3573 3857 3784 3925 bilur-

2239 3982 2464 4043 catum
2503 3971 2911 4047 membrum,
2945 3978 3011 4037 et
3057 3970 3273 4060 aperit
3329 3967 3585 4036 furcam
3642 3967 3789 4054 ejus

2236 4083 2394 4159 late,
2445 4090 2511 4149 et
2564 4090 2721 4149 tunc
2777 4103 2921 4147 mas
2975 4077 3305 4170 paulatim
3344 4077 3634 4169 applicat
3673 4099 3788 4141 us-

2237 4188 2610 4263 cendendo‚
2668 4186 2772 4255 vel
2836 4185 3135 4254 volando
3208 4184 3520 4252 immittit
3582 4205 3784 4249 sumn

2237 4298 2573 4390 posterius
2605 4298 2671 4363 in
2720 4293 3022 4373 vulvam,
3066 4295 3236 4362 sicut
3293 4292 3591 4360 diximus
3654 4314 3669 4358 ε
3719 4298 3784 4356 et

2235 4408 2639 4499 tuncjacent
2680 4403 3083 4482 immobilia,
3146 4411 3263 4470 aut
3319 4425 3534 4469 unum
3576 4398 3785 4467 trabit

2237 4516 2525 4585 alterum
2570 4523 2717 4606 post
2758 4538 2856 4598 se,
2911 4535 3048 4582 nnn
3106 4513 3286 4580 enim
3347 4509 3541 4577 facilc·
3593 4530 3786 4598 sepa-

2237 4634 2496 4701 rantur,
2538 4622 2693 4715 quia
2759 4624 2975 4689 coitus
3030 4641 3265 4689 eorum
3308 4615 3599 4683 multum
3652 4614 3784 4680 du—

2238 4739 2362 4801 rat.
2406 4730 2565 4799 naec
2595 4738 2818 4798 nutem
2849 4726 3083 4794 omnia
3128 4723 3669 4801 manifestantur,
3704 4729 3779 4790 ut

2236 4837 2397 4905 dicit
2442 4833 2862 4912 Aristoteles,
2896 4834 2963 4900 in
2995 4831 3248 4900 muscis
3293 4852 3309 4896 :
3370 4829 3485 4897 sed
3538 4850 3676 4895 non
3718 4828 3784 4893 in

2236 4944 2493 5012 muscis
2522 4938 3001 5010 communibus
3038 4961 3189 5028 quoe
3236 4937 3404 5003 vibis
3464 4934 3783 5011 insident,

2237 5052 2400 5145 quia
2428 5050 2559 5118 illm
2614 5048 2863 5116 velocis
2910 5053 3069 5113 sunt
3104 5045 3348 5121 coitus,
3392 5043 3509 5110 secl
3557 5043 3791 5131 potius

2239 5159 2307 5226 in
2348 5158 2598 5226 muscis
2627 5154 2910 5234 caninis,
2942 5161 3007 5220 et
3051 5153 3122 5220 in
3155 5150 3286 5219 illis
3330 5172 3481 5240 quae
3520 5147 3790 5214 anima-

2236 5266 2416 5335 libus
2463 5273 2524 5332 et
2583 5259 2988 5331 stercoribus
3036 5260 3324 5328 insident
3363 5278 3380 5323 z
3419 5255 3548 5325 illae
3599 5256 3782 5324 enim

2237 5372 2355 5442 diu
2392 5370 2699 5440 volantes
2736 5376 3007 5439 coeunt.
3050 5366 3246 5435 Patet
3294 5372 3523 5433 autem
3579 5363 3784 5431 etiam

2237 5479 2369 5550 boc
2407 5481 2476 5546 in
2515 5478 2801 5558 araneis,
2834 5486 2900 5545 et
2929 5475 3266 5568 praecipue
3297 5479 3473 5564 putet
3526 5472 3596 5539 in
3625 5492 3788 5538 ver-

2238 5586 2464 5657 mibus
2503 5585 2888 5655 volantibus
2917 5583 3141 5675 longis
3171 5582 3288 5672 qui
3324 5578 3560 5648 volant
3587 5599 3793 5668 super

2238 5693 2507 5774 herbas,
2539 5702 2604 5762 et
2642 5695 2711 5761 in
2750 5692 2856 5761 his
2884 5691 3001 5783 qui
3040 5688 3276 5758 volant
3305 5709 3509 5779 super
3546 5705 3785 5776 aquas,
