<?xml version="1.0" encoding="UTF-8"?>
<!DOCTYPE html PUBLIC "-//W3C//DTD XHTML 1.0 Transitional//EN"
    "http://www.w3.org/TR/xhtml1/DTD/xhtml1-transitional.dtd">
<html xmlns="http://www.w3.org/1999/xhtml" xml:lang="en" lang="en">
 <head>
  <title>
</title>
<meta http-equiv="Content-Type" content="text/html;charset=utf-8" />
  <meta name='ocr-system' content='tesseract 3.04.00' />
  <meta name='ocr-capabilities' content='ocr_page ocr_carea ocr_par ocr_line ocrx_word'/>
</head>
<body>
  <div class='ocr_page' id='page_1' title='image "balbertimagnira01chgoog_0425.png"; bbox 0 0 4919 6371; ppageno 0'>
   <div class='ocr_carea' id='block_1_1' title="bbox 1949 278 3578 360">
    <p class='ocr_par' dir='ltr' id='par_1_1' title="bbox 1949 278 3578 360">
     <span class='ocr_line' id='line_1_1' title="bbox 1949 278 3578 360; baseline -0.003 -6"><span class='ocrx_word' id='word_1_1' title='bbox 1949 284 2119 354; x_wconf 90' lang='lat' dir='ltr'>LIB.</span> <span class='ocrx_word' id='word_1_2' title='bbox 2172 284 2298 353; x_wconf 84' lang='lat' dir='ltr'>vll</span> <span class='ocrx_word' id='word_1_3' title='bbox 2347 282 2469 350; x_wconf 91' lang='lat' dir='ltr'>DE</span> <span class='ocrx_word' id='word_1_4' title='bbox 2512 278 3099 360; x_wconf 79' lang='lat' dir='ltr'>ANIMALIBUS,</span> <span class='ocrx_word' id='word_1_5' title='bbox 3150 282 3462 353; x_wconf 87' lang='lat' dir='ltr'>TRACT.</span> <span class='ocrx_word' id='word_1_6' title='bbox 3516 283 3578 350; x_wconf 85' lang='grc' dir='ltr'><strong><em>Π</em></strong></span> 
     </span>
    </p>
   </div>
   <div class='ocr_carea' id='block_1_2' title="bbox 1132 450 2685 535">
    <p class='ocr_par' dir='ltr' id='par_1_2' title="bbox 1132 450 2685 535">
     <span class='ocr_line' id='line_1_2' title="bbox 1132 450 2685 535; baseline -0.003 -17"><span class='ocrx_word' id='word_1_7' title='bbox 1132 450 1335 521; x_wconf 89' lang='lat' dir='ltr'>beant</span> <span class='ocrx_word' id='word_1_8' title='bbox 1375 453 1445 520; x_wconf 90' lang='lat' dir='ltr'>in</span> <span class='ocrx_word' id='word_1_9' title='bbox 1512 456 1818 535; x_wconf 84' lang='lat' dir='ltr'>cerebro,</span> <span class='ocrx_word' id='word_1_10' title='bbox 1873 454 1966 521; x_wconf 87' lang='lat' dir='ltr'>ibi</span> <span class='ocrx_word' id='word_1_11' title='bbox 2024 455 2223 522; x_wconf 89' lang='lat' dir='ltr'>citius</span> <span class='ocrx_word' id='word_1_12' title='bbox 2281 450 2685 522; x_wconf 89' lang='lat' dir='ltr'>moriuntur,</span> 
     </span>
    </p>
   </div>
   <div class='ocr_carea' id='block_1_3' title="bbox 4227 285 4354 355">
    <p class='ocr_par' dir='ltr' id='par_1_3' title="bbox 4227 285 4354 355">
     <span class='ocr_line' id='line_1_3' title="bbox 4227 285 4354 355; baseline 0.008 -2"><span class='ocrx_word' id='word_1_13' title='bbox 4227 285 4354 355; x_wconf 81' lang='lat'>395</span> 
     </span>
    </p>
   </div>
   <div class='ocr_carea' id='block_1_4' title="bbox 2797 449 4354 547">
    <p class='ocr_par' dir='ltr' id='par_1_4' title="bbox 2797 449 4354 547">
     <span class='ocr_line' id='line_1_4' title="bbox 2797 449 4354 547; baseline 0.008 -36"><span class='ocrx_word' id='word_1_14' title='bbox 2797 455 3092 536; x_wconf 79' lang='lat' dir='ltr'><strong>guantur</strong></span> <span class='ocrx_word' id='word_1_15' title='bbox 3122 449 3191 516; x_wconf 93' lang='lat' dir='ltr'>in</span> <span class='ocrx_word' id='word_1_16' title='bbox 3222 449 3389 517; x_wconf 88' lang='lat' dir='ltr'>locis</span> <span class='ocrx_word' id='word_1_17' title='bbox 3421 455 3488 518; x_wconf 89' lang='lat' dir='ltr'>in</span> <span class='ocrx_word' id='word_1_18' title='bbox 3521 453 3767 544; x_wconf 90' lang='lat' dir='ltr'>quibus</span> <span class='ocrx_word' id='word_1_19' title='bbox 3801 476 3885 524; x_wconf 82' lang='lat' dir='ltr'>ex</span> <span class='ocrx_word' id='word_1_20' title='bbox 3910 476 4163 547; x_wconf 84' lang='lat' dir='ltr'>vapore</span> <span class='ocrx_word' id='word_1_21' title='bbox 4195 477 4354 524; x_wconf 83' lang='lat' dir='ltr'>con·</span> 
     </span>
    </p>
   </div>
   <div class='ocr_carea' id='block_1_5' title="bbox 1128 556 4349 760">
    <p class='ocr_par' dir='ltr' id='par_1_5' title="bbox 1128 556 4349 760">
     <span class='ocr_line' id='line_1_5' title="bbox 1129 556 4346 654; baseline 0.001 -25"><span class='ocrx_word' id='word_1_22' title='bbox 1129 565 1304 631; x_wconf 92' lang='lat' dir='ltr'>sicut</span> <span class='ocrx_word' id='word_1_23' title='bbox 1330 567 1551 654; x_wconf 84' lang='lat' dir='ltr'>pisces</span> <span class='ocrx_word' id='word_1_24' title='bbox 1589 563 1830 631; x_wconf 91' lang='lat' dir='ltr'>Latine</span> <span class='ocrx_word' id='word_1_25' title='bbox 1857 562 2082 629; x_wconf 86' lang='lat' dir='ltr'>vocati</span> <span class='ocrx_word' id='word_1_26' title='bbox 2141 583 2424 627; x_wconf 73' lang='lat' dir='ltr'>cot-onus</span> <span class='ocrx_word' id='word_1_27' title='bbox 2485 558 2691 649; x_wconf 79' lang='lat' dir='ltr'>lupus</span> <span class='ocrx_word' id='word_1_28' title='bbox 2796 556 2980 623; x_wconf 89' lang='lat' dir='ltr'>tinue</span> <span class='ocrx_word' id='word_1_29' title='bbox 3011 556 3274 624; x_wconf 88' lang='lat' dir='ltr'>elevato</span> <span class='ocrx_word' id='word_1_30' title='bbox 3330 581 3533 648; x_wconf 88' lang='lat' dir='ltr'>super</span> <span class='ocrx_word' id='word_1_31' title='bbox 3580 583 3830 652; x_wconf 89' lang='lat' dir='ltr'>aquam</span> <span class='ocrx_word' id='word_1_32' title='bbox 3864 562 4080 632; x_wconf 89' lang='lat' dir='ltr'>nubes</span> <span class='ocrx_word' id='word_1_33' title='bbox 4110 563 4346 633; x_wconf 90' lang='lat' dir='ltr'>viridis</span> 
     </span>
     <span class='ocr_line' id='line_1_6' title="bbox 1128 664 4349 760; baseline 0.001 -24"><span class='ocrx_word' id='word_1_34' title='bbox 1128 672 1270 739; x_wconf 88' lang='lat' dir='ltr'>sive</span> <span class='ocrx_word' id='word_1_35' title='bbox 1331 672 1572 747; x_wconf 78' lang='lat' dir='ltr'>luciuS,</span> <span class='ocrx_word' id='word_1_36' title='bbox 1610 677 1676 735; x_wconf 88' lang='lat' dir='ltr'>et</span> <span class='ocrx_word' id='word_1_37' title='bbox 1751 669 1911 745; x_wconf 89' lang='lat' dir='ltr'>scie,</span> <span class='ocrx_word' id='word_1_38' title='bbox 1964 669 2080 760; x_wconf 91' lang='lat' dir='ltr'>qui</span> <span class='ocrx_word' id='word_1_39' title='bbox 2133 668 2359 737; x_wconf 86' lang='lat' dir='ltr'>Graece</span> <span class='ocrx_word' id='word_1_40' title='bbox 2406 674 2691 736; x_wconf 77' lang='lat' dir='ltr'>vocatur</span> <span class='ocrx_word' id='word_1_41' title='bbox 2794 664 3124 734; x_wconf 80' lang='lat' dir='ltr'>incumbit</span> <span class='ocrx_word' id='word_1_42' title='bbox 3152 688 3371 757; x_wconf 84' lang='lat' dir='ltr'>aquae,</span> <span class='ocrx_word' id='word_1_43' title='bbox 3407 676 3471 734; x_wconf 91' lang='lat' dir='ltr'>et</span> <span class='ocrx_word' id='word_1_44' title='bbox 3501 670 3675 757; x_wconf 89' lang='lat' dir='ltr'>capti</span> <span class='ocrx_word' id='word_1_45' title='bbox 3716 669 3787 736; x_wconf 89' lang='lat' dir='ltr'>in</span> <span class='ocrx_word' id='word_1_46' title='bbox 3815 669 3985 738; x_wconf 90' lang='lat' dir='ltr'>locis</span> <span class='ocrx_word' id='word_1_47' title='bbox 4025 672 4171 740; x_wconf 88' lang='lat' dir='ltr'>istis</span> <span class='ocrx_word' id='word_1_48' title='bbox 4190 679 4349 740; x_wconf 90' lang='lat' dir='ltr'>sunt</span> 
     </span>
    </p>
   </div>
   <div class='ocr_carea' id='block_1_6' title="bbox 1081 773 2687 5739">
    <p class='ocr_par' dir='ltr' id='par_1_6' title="bbox 1088 773 2687 4413">
     <span class='ocr_line' id='line_1_7' title="bbox 1125 773 2687 855; baseline -0.002 -10"><span class='ocrx_word' id='word_1_49' title='bbox 1125 779 1415 855; x_wconf 67' lang='lat' dir='ltr'>lam-emi,</span> <span class='ocrx_word' id='word_1_50' title='bbox 1468 773 1814 855; x_wconf 88' lang='lat' dir='ltr'>librahon,</span> <span class='ocrx_word' id='word_1_51' title='bbox 1866 784 1934 845; x_wconf 88' lang='lat' dir='ltr'>et</span> <span class='ocrx_word' id='word_1_52' title='bbox 1987 776 2235 845; x_wconf 81' lang='lat' dir='ltr'>scabie.</span> <span class='ocrx_word' id='word_1_53' title='bbox 2291 776 2427 845; x_wconf 86' lang='lat' dir='ltr'>Sed</span> <span class='ocrx_word' id='word_1_54' title='bbox 2484 777 2687 845; x_wconf 87' lang='lat' dir='ltr'>etiam</span> 
     </span>
     <span class='ocr_line' id='line_1_8' title="bbox 1124 882 2686 975; baseline -0.001 -25"><span class='ocrx_word' id='word_1_55' title='bbox 1124 884 1342 974; x_wconf 82' lang='lat' dir='ltr'>pisces</span> <span class='ocrx_word' id='word_1_56' title='bbox 1382 882 1564 973; x_wconf 89' lang='lat' dir='ltr'>apud</span> <span class='ocrx_word' id='word_1_57' title='bbox 1613 905 1739 950; x_wconf 89' lang='lat' dir='ltr'>nos</span> <span class='ocrx_word' id='word_1_58' title='bbox 1789 883 1958 952; x_wconf 84' lang='lat' dir='ltr'>tales</span> <span class='ocrx_word' id='word_1_59' title='bbox 2003 882 2264 975; x_wconf 90' lang='lat' dir='ltr'>lapides</span> <span class='ocrx_word' id='word_1_60' title='bbox 2315 884 2686 973; x_wconf 84' lang='lat' dir='ltr'>saepissime</span> 
     </span>
     <span class='ocr_line' id='line_1_9' title="bbox 1120 991 2687 1086; baseline -0.002 -25"><span class='ocrx_word' id='word_1_61' title='bbox 1120 991 1477 1073; x_wconf 79' lang='lat' dir='ltr'>habenteS,</span> <span class='ocrx_word' id='word_1_62' title='bbox 1511 1002 1673 1062; x_wconf 90' lang='lat' dir='ltr'>sunt</span> <span class='ocrx_word' id='word_1_63' title='bbox 1701 992 1757 1062; x_wconf 92' lang='lat' dir='ltr'>is</span> <span class='ocrx_word' id='word_1_64' title='bbox 1788 1018 1997 1086; x_wconf 88' lang='lat' dir='ltr'>quem</span> <span class='ocrx_word' id='word_1_65' title='bbox 2025 995 2433 1063; x_wconf 77' lang='lat' dir='ltr'>monachum</span> <span class='ocrx_word' id='word_1_66' title='bbox 2477 1014 2687 1059; x_wconf 87' lang='lat' dir='ltr'>usua-</span> 
     </span>
     <span class='ocr_line' id='line_1_10' title="bbox 1121 1099 2685 1194; baseline -0.003 -27"><span class='ocrx_word' id='word_1_67' title='bbox 1121 1101 1276 1168; x_wconf 91' lang='lat' dir='ltr'>liter</span> <span class='ocrx_word' id='word_1_68' title='bbox 1300 1111 1574 1179; x_wconf 91' lang='lat' dir='ltr'>vocant,</span> <span class='ocrx_word' id='word_1_69' title='bbox 1623 1125 1830 1194; x_wconf 90' lang='lat' dir='ltr'>quem</span> <span class='ocrx_word' id='word_1_70' title='bbox 1872 1102 2153 1194; x_wconf 86' lang='lat' dir='ltr'>quidam</span> <span class='ocrx_word' id='word_1_71' title='bbox 2193 1123 2489 1176; x_wconf 82' lang='lat' dir='ltr'>munem,</span> <span class='ocrx_word' id='word_1_72' title='bbox 2525 1099 2685 1190; x_wconf 89' lang='lat' dir='ltr'>qui-</span> 
     </span>
     <span class='ocr_line' id='line_1_11' title="bbox 1121 1204 2685 1294; baseline -0.004 -18"><span class='ocrx_word' id='word_1_73' title='bbox 1121 1206 1277 1276; x_wconf 82' lang='lat' dir='ltr'>dam</span> <span class='ocrx_word' id='word_1_74' title='bbox 1310 1216 1541 1276; x_wconf 89' lang='lat' dir='ltr'>autem</span> <span class='ocrx_word' id='word_1_75' title='bbox 1579 1206 1789 1276; x_wconf 76' lang='lat' dir='ltr'>klane</span> <span class='ocrx_word' id='word_1_76' title='bbox 1817 1208 2068 1276; x_wconf 83' lang='lat' dir='ltr'>vocant</span> <span class='ocrx_word' id='word_1_77' title='bbox 2102 1229 2117 1272; x_wconf 96' lang='lat'>:</span> <span class='ocrx_word' id='word_1_78' title='bbox 2165 1215 2232 1274; x_wconf 91' lang='lat' dir='ltr'>et</span> <span class='ocrx_word' id='word_1_79' title='bbox 2258 1204 2370 1272; x_wconf 92' lang='lat' dir='ltr'>ille</span> <span class='ocrx_word' id='word_1_80' title='bbox 2412 1205 2529 1294; x_wconf 90' lang='lat' dir='ltr'>qui</span> <span class='ocrx_word' id='word_1_81' title='bbox 2568 1225 2685 1270; x_wconf 91' lang='lat' dir='ltr'>vo-</span> 
     </span>
     <span class='ocr_line' id='line_1_12' title="bbox 1119 1313 2686 1407; baseline -0.003 -21"><span class='ocrx_word' id='word_1_82' title='bbox 1119 1326 1309 1387; x_wconf 89' lang='lat' dir='ltr'>catur</span> <span class='ocrx_word' id='word_1_83' title='bbox 1340 1318 1632 1398; x_wconf 82' lang='lat' dir='ltr'><strong><em>bresma,</em></strong></span> <span class='ocrx_word' id='word_1_84' title='bbox 1676 1323 1744 1385; x_wconf 91' lang='lat' dir='ltr'>et</span> <span class='ocrx_word' id='word_1_85' title='bbox 1763 1318 1891 1407; x_wconf 45' lang='lat' dir='ltr'>4qui</span> <span class='ocrx_word' id='word_1_86' title='bbox 1923 1321 2207 1384; x_wconf 91' lang='lat' dir='ltr'>vocatur</span> <span class='ocrx_word' id='word_1_87' title='bbox 2233 1335 2399 1381; x_wconf 81' lang='lat' dir='ltr'>naso</span> <span class='ocrx_word' id='word_1_88' title='bbox 2429 1313 2547 1404; x_wconf 86' lang='lat' dir='ltr'>qui</span> <span class='ocrx_word' id='word_1_89' title='bbox 2585 1320 2686 1381; x_wconf 88' lang='lat' dir='ltr'>est</span> 
     </span>
     <span class='ocr_line' id='line_1_13' title="bbox 1116 1421 2680 1516; baseline -0.003 -25"><span class='ocrx_word' id='word_1_90' title='bbox 1116 1423 1189 1492; x_wconf 89' lang='lat' dir='ltr'>in</span> <span class='ocrx_word' id='word_1_91' title='bbox 1254 1447 1467 1516; x_wconf 88' lang='lat' dir='ltr'>aquas</span> <span class='ocrx_word' id='word_1_92' title='bbox 1539 1422 1842 1491; x_wconf 81' lang='lat' dir='ltr'>Danubii</span> <span class='ocrx_word' id='word_1_93' title='bbox 1887 1430 2005 1491; x_wconf 88' lang='lat' dir='ltr'>:et</span> <span class='ocrx_word' id='word_1_94' title='bbox 2062 1422 2144 1492; x_wconf 92' lang='lat' dir='ltr'>de</span> <span class='ocrx_word' id='word_1_95' title='bbox 2199 1421 2305 1490; x_wconf 89' lang='lat' dir='ltr'>his</span> <span class='ocrx_word' id='word_1_96' title='bbox 2342 1444 2496 1489; x_wconf 91' lang='lat' dir='ltr'>sum</span> <span class='ocrx_word' id='word_1_97' title='bbox 2540 1421 2680 1510; x_wconf 90' lang='lat' dir='ltr'>ipse</span> 
     </span>
     <span class='ocr_line' id='line_1_14' title="bbox 1118 1525 2679 1622; baseline -0.003 -24"><span class='ocrx_word' id='word_1_98' title='bbox 1118 1538 1461 1620; x_wconf 81' lang='lat' dir='ltr'>expertus,</span> <span class='ocrx_word' id='word_1_99' title='bbox 1535 1529 1725 1622; x_wconf 88' lang='lat' dir='ltr'>quod</span> <span class='ocrx_word' id='word_1_100' title='bbox 1800 1529 2344 1622; x_wconf 78' lang='lat' dir='ltr'>frequentissime</span> <span class='ocrx_word' id='word_1_101' title='bbox 2422 1525 2679 1619; x_wconf 88' lang='lat' dir='ltr'>lapides</span> 
     </span>
     <span class='ocr_line' id='line_1_15' title="bbox 1115 1633 2679 1725; baseline -0.001 -22"><span class='ocrx_word' id='word_1_102' title='bbox 1115 1634 1367 1704; x_wconf 89' lang='lat' dir='ltr'>habent</span> <span class='ocrx_word' id='word_1_103' title='bbox 1421 1639 1487 1704; x_wconf 90' lang='lat' dir='ltr'>in</span> <span class='ocrx_word' id='word_1_104' title='bbox 1538 1637 1844 1718; x_wconf 88' lang='lat' dir='ltr'>cerebro,</span> <span class='ocrx_word' id='word_1_105' title='bbox 1905 1646 1973 1706; x_wconf 90' lang='lat' dir='ltr'>et</span> <span class='ocrx_word' id='word_1_106' title='bbox 2036 1644 2196 1706; x_wconf 89' lang='lat' dir='ltr'>sunt</span> <span class='ocrx_word' id='word_1_107' title='bbox 2260 1635 2445 1704; x_wconf 85' lang='lat' dir='ltr'>albi:</span> <span class='ocrx_word' id='word_1_108' title='bbox 2507 1633 2679 1725; x_wconf 85' lang='lat' dir='ltr'>lapis</span> 
     </span>
     <span class='ocr_line' id='line_1_16' title="bbox 1115 1742 2672 1836; baseline -0.003 -24"><span class='ocrx_word' id='word_1_109' title='bbox 1115 1745 1297 1812; x_wconf 87' lang='lat' dir='ltr'>enim</span> <span class='ocrx_word' id='word_1_110' title='bbox 1328 1743 1441 1813; x_wconf 90' lang='lat' dir='ltr'>hic</span> <span class='ocrx_word' id='word_1_111' title='bbox 1468 1744 1910 1836; x_wconf 78' lang='lat' dir='ltr'>infrigidatur</span> <span class='ocrx_word' id='word_1_112' title='bbox 1946 1747 2016 1812; x_wconf 90' lang='lat' dir='ltr'>in</span> <span class='ocrx_word' id='word_1_113' title='bbox 2045 1742 2378 1835; x_wconf 81' lang='lat' dir='ltr'>capitibus</span> <span class='ocrx_word' id='word_1_114' title='bbox 2408 1764 2672 1820; x_wconf 85' lang='lat' dir='ltr'>eorum,</span> 
     </span>
     <span class='ocr_line' id='line_1_17' title="bbox 1114 1851 2678 1947; baseline -0.001 -28"><span class='ocrx_word' id='word_1_115' title='bbox 1114 1858 1179 1920; x_wconf 91' lang='lat' dir='ltr'>et</span> <span class='ocrx_word' id='word_1_116' title='bbox 1229 1853 1634 1947; x_wconf 75' lang='lat' dir='ltr'>coagulatur</span> <span class='ocrx_word' id='word_1_117' title='bbox 1686 1876 1702 1921; x_wconf 92' lang='lat'>:</span> <span class='ocrx_word' id='word_1_118' title='bbox 1764 1861 1832 1922; x_wconf 87' lang='lat' dir='ltr'>et</span> <span class='ocrx_word' id='word_1_119' title='bbox 1897 1861 2062 1923; x_wconf 91' lang='lat' dir='ltr'>tunc</span> <span class='ocrx_word' id='word_1_120' title='bbox 2133 1852 2310 1922; x_wconf 90' lang='lat' dir='ltr'>cadit</span> <span class='ocrx_word' id='word_1_121' title='bbox 2339 1851 2566 1943; x_wconf 88' lang='lat' dir='ltr'>piscis,</span> <span class='ocrx_word' id='word_1_122' title='bbox 2610 1857 2678 1918; x_wconf 87' lang='lat' dir='ltr'>et</span> 
     </span>
     <span class='ocr_line' id='line_1_18' title="bbox 1112 1958 2676 2053; baseline -0.003 -25"><span class='ocrx_word' id='word_1_123' title='bbox 1112 1961 1427 2031; x_wconf 87' lang='lat' dir='ltr'>moritur.</span> <span class='ocrx_word' id='word_1_124' title='bbox 1463 1961 1761 2040; x_wconf 80' lang='lat' dir='ltr'>Quidam</span> <span class='ocrx_word' id='word_1_125' title='bbox 1801 1968 2033 2029; x_wconf 89' lang='lat' dir='ltr'>autem</span> <span class='ocrx_word' id='word_1_126' title='bbox 2070 1960 2291 2053; x_wconf 87' lang='lat' dir='ltr'>pisces</span> <span class='ocrx_word' id='word_1_127' title='bbox 2338 1966 2414 2026; x_wconf 89' lang='lat' dir='ltr'>ut</span> <span class='ocrx_word' id='word_1_128' title='bbox 2458 1958 2676 2025; x_wconf 86' lang='lat' dir='ltr'>fasto-</span> 
     </span>
     <span class='ocr_line' id='line_1_19' title="bbox 1108 2067 2672 2148; baseline 0 -11"><span class='ocrx_word' id='word_1_129' title='bbox 1108 2091 1298 2139; x_wconf 87' lang='lat' dir='ltr'>reom</span> <span class='ocrx_word' id='word_1_130' title='bbox 1331 2077 1397 2138; x_wconf 88' lang='lat' dir='ltr'>et</span> <span class='ocrx_word' id='word_1_131' title='bbox 1453 2069 1729 2138; x_wconf 85' lang='lat' dir='ltr'>kaleom</span> <span class='ocrx_word' id='word_1_132' title='bbox 1761 2077 1830 2138; x_wconf 91' lang='lat' dir='ltr'>et</span> <span class='ocrx_word' id='word_1_133' title='bbox 1877 2091 2263 2148; x_wconf 87' lang='lat' dir='ltr'>murenom,</span> <span class='ocrx_word' id='word_1_134' title='bbox 2298 2076 2365 2137; x_wconf 90' lang='lat' dir='ltr'>et</span> <span class='ocrx_word' id='word_1_135' title='bbox 2402 2067 2487 2136; x_wconf 88' lang='lat' dir='ltr'>de</span> <span class='ocrx_word' id='word_1_136' title='bbox 2541 2068 2672 2137; x_wconf 89' lang='lat' dir='ltr'>isto</span> 
     </span>
     <span class='ocr_line' id='line_1_20' title="bbox 1104 2175 2671 2269; baseline 0.001 -27"><span class='ocrx_word' id='word_1_137' title='bbox 1104 2199 1354 2267; x_wconf 83' lang='lat' dir='ltr'>genere</span> <span class='ocrx_word' id='word_1_138' title='bbox 1385 2175 1586 2244; x_wconf 90' lang='lat' dir='ltr'>estid</span> <span class='ocrx_word' id='word_1_139' title='bbox 1617 2176 1803 2269; x_wconf 91' lang='lat' dir='ltr'>quod</span> <span class='ocrx_word' id='word_1_140' title='bbox 1852 2185 2141 2246; x_wconf 89' lang='lat' dir='ltr'>vocatur</span> <span class='ocrx_word' id='word_1_141' title='bbox 2180 2199 2489 2268; x_wconf 78' lang='lat' dir='ltr'>qouqum</span> <span class='ocrx_word' id='word_1_142' title='bbox 2527 2176 2671 2244; x_wconf 83' lang='lat' dir='ltr'>sive</span> 
     </span>
     <span class='ocr_line' id='line_1_21' title="bbox 1099 2282 2670 2376; baseline 0.003 -27"><span class='ocrx_word' id='word_1_143' title='bbox 1099 2306 1481 2373; x_wconf 71' lang='lat' dir='ltr'>ceteqarum</span> <span class='ocrx_word' id='word_1_144' title='bbox 1512 2291 1579 2354; x_wconf 88' lang='lat' dir='ltr'>et</span> <span class='ocrx_word' id='word_1_145' title='bbox 1607 2306 1900 2352; x_wconf 89' lang='lat' dir='ltr'>murena</span> <span class='ocrx_word' id='word_1_146' title='bbox 1930 2291 1997 2354; x_wconf 88' lang='lat' dir='ltr'>et</span> <span class='ocrx_word' id='word_1_147' title='bbox 2034 2282 2316 2376; x_wconf 75' lang='lat' dir='ltr'>orplius,</span> <span class='ocrx_word' id='word_1_148' title='bbox 2351 2292 2417 2353; x_wconf 88' lang='lat' dir='ltr'>et</span> <span class='ocrx_word' id='word_1_149' title='bbox 2453 2284 2670 2374; x_wconf 87' lang='lat' dir='ltr'>pisces</span> 
     </span>
     <span class='ocr_line' id='line_1_22' title="bbox 1096 2391 2670 2485; baseline 0.003 -27"><span class='ocrx_word' id='word_1_150' title='bbox 1096 2394 1321 2462; x_wconf 82' lang='lat' dir='ltr'>vocati</span> <span class='ocrx_word' id='word_1_151' title='bbox 1386 2391 1656 2485; x_wconf 79' lang='lat' dir='ltr'>lapidei</span> <span class='ocrx_word' id='word_1_152' title='bbox 1690 2416 1707 2461; x_wconf 91' lang='lat'>:</span> <span class='ocrx_word' id='word_1_153' title='bbox 1757 2401 2007 2463; x_wconf 84' lang='lat' dir='ltr'>cavant</span> <span class='ocrx_word' id='word_1_154' title='bbox 2061 2395 2246 2462; x_wconf 87' lang='lat' dir='ltr'>enim</span> <span class='ocrx_word' id='word_1_155' title='bbox 2303 2403 2554 2463; x_wconf 88' lang='lat' dir='ltr'>terram</span> <span class='ocrx_word' id='word_1_156' title='bbox 2603 2401 2670 2463; x_wconf 89' lang='lat' dir='ltr'>et</span> 
     </span>
     <span class='ocr_line' id='line_1_23' title="bbox 1099 2500 2671 2594; baseline 0.001 -27"><span class='ocrx_word' id='word_1_157' title='bbox 1099 2500 1406 2570; x_wconf 87' lang='lat' dir='ltr'>condunt</span> <span class='ocrx_word' id='word_1_158' title='bbox 1488 2524 1559 2567; x_wconf 84' lang='lat' dir='ltr'>se</span> <span class='ocrx_word' id='word_1_159' title='bbox 1635 2524 1651 2569; x_wconf 93' lang='lat'>:</span> <span class='ocrx_word' id='word_1_160' title='bbox 1730 2510 1983 2570; x_wconf 84' lang='lat' dir='ltr'>nocent</span> <span class='ocrx_word' id='word_1_161' title='bbox 2048 2502 2230 2570; x_wconf 89' lang='lat' dir='ltr'>enim</span> <span class='ocrx_word' id='word_1_162' title='bbox 2331 2502 2428 2571; x_wconf 88' lang='lat' dir='ltr'>eis</span> <span class='ocrx_word' id='word_1_163' title='bbox 2510 2500 2671 2594; x_wconf 90' lang='lat' dir='ltr'>plu·-</span> 
     </span>
     <span class='ocr_line' id='line_1_24' title="bbox 1097 2609 2669 2703; baseline 0.001 -27"><span class='ocrx_word' id='word_1_164' title='bbox 1097 2609 1249 2686; x_wconf 80' lang='lat' dir='ltr'>vioe,</span> <span class='ocrx_word' id='word_1_165' title='bbox 1314 2610 1474 2701; x_wconf 89' lang='lat' dir='ltr'>quia</span> <span class='ocrx_word' id='word_1_166' title='bbox 1533 2611 1605 2679; x_wconf 89' lang='lat' dir='ltr'>in</span> <span class='ocrx_word' id='word_1_167' title='bbox 1656 2610 1893 2703; x_wconf 86' lang='lat' dir='ltr'>pluvia</span> <span class='ocrx_word' id='word_1_168' title='bbox 1948 2609 2487 2703; x_wconf 86' lang='lat' dir='ltr'>multiplicantur</span> <span class='ocrx_word' id='word_1_169' title='bbox 2514 2635 2669 2680; x_wconf 84' lang='lat' dir='ltr'>me-</span> 
     </span>
     <span class='ocr_line' id='line_1_25' title="bbox 1101 2716 2668 2809; baseline 0.003 -26"><span class='ocrx_word' id='word_1_170' title='bbox 1101 2716 1304 2786; x_wconf 65' lang='lat' dir='ltr'>dullae</span> <span class='ocrx_word' id='word_1_171' title='bbox 1361 2721 1665 2809; x_wconf 87' lang='lat' dir='ltr'>capitum</span> <span class='ocrx_word' id='word_1_172' title='bbox 1703 2720 2043 2809; x_wconf 88' lang='lat' dir='ltr'>ipsorum,</span> <span class='ocrx_word' id='word_1_173' title='bbox 2078 2728 2145 2788; x_wconf 90' lang='lat' dir='ltr'>et</span> <span class='ocrx_word' id='word_1_174' title='bbox 2172 2720 2361 2789; x_wconf 80' lang='lat' dir='ltr'>fluxu</span> <span class='ocrx_word' id='word_1_175' title='bbox 2400 2742 2668 2790; x_wconf 88' lang='lat' dir='ltr'>reuma·</span> 
     </span>
     <span class='ocr_line' id='line_1_26' title="bbox 1102 2825 2667 2918; baseline 0 -26"><span class='ocrx_word' id='word_1_176' title='bbox 1102 2826 1189 2893; x_wconf 90' lang='lat' dir='ltr'>tis</span> <span class='ocrx_word' id='word_1_177' title='bbox 1229 2833 1659 2894; x_wconf 80' lang='lat' dir='ltr'>excoecantur</span> <span class='ocrx_word' id='word_1_178' title='bbox 1698 2827 1798 2894; x_wconf 90' lang='lat' dir='ltr'>eis</span> <span class='ocrx_word' id='word_1_179' title='bbox 1865 2825 2044 2896; x_wconf 89' lang='lat' dir='ltr'>oculi</span> <span class='ocrx_word' id='word_1_180' title='bbox 2081 2849 2097 2894; x_wconf 90' lang='lat'>:</span> <span class='ocrx_word' id='word_1_181' title='bbox 2142 2836 2209 2895; x_wconf 92' lang='lat' dir='ltr'>et</span> <span class='ocrx_word' id='word_1_182' title='bbox 2263 2826 2395 2896; x_wconf 88' lang='lat' dir='ltr'>hoc</span> <span class='ocrx_word' id='word_1_183' title='bbox 2449 2828 2667 2918; x_wconf 79' lang='lat' dir='ltr'>magis</span> 
     </span>
     <span class='ocr_line' id='line_1_27' title="bbox 1101 2933 2668 3027; baseline 0.003 -27"><span class='ocrx_word' id='word_1_184' title='bbox 1101 2934 1574 3002; x_wconf 81' lang='lat' dir='ltr'>manifestatur</span> <span class='ocrx_word' id='word_1_185' title='bbox 1640 2935 1710 3003; x_wconf 92' lang='lat' dir='ltr'>in</span> <span class='ocrx_word' id='word_1_186' title='bbox 1768 2933 2058 3021; x_wconf 87' lang='lat' dir='ltr'>karabo,</span> <span class='ocrx_word' id='word_1_187' title='bbox 2098 2936 2422 3027; x_wconf 85' lang='lat' dir='ltr'>quoniam</span> <span class='ocrx_word' id='word_1_188' title='bbox 2488 2935 2668 3005; x_wconf 89' lang='lat' dir='ltr'>oculi</span> 
     </span>
     <span class='ocr_line' id='line_1_28' title="bbox 1098 3041 2661 3136; baseline 0.003 -28"><span class='ocrx_word' id='word_1_189' title='bbox 1098 3063 1337 3110; x_wconf 86' lang='lat' dir='ltr'>eorum</span> <span class='ocrx_word' id='word_1_190' title='bbox 1369 3041 1726 3112; x_wconf 89' lang='lat' dir='ltr'>albescunt</span> <span class='ocrx_word' id='word_1_191' title='bbox 1763 3051 2072 3134; x_wconf 87' lang='lat' dir='ltr'>tempore</span> <span class='ocrx_word' id='word_1_192' title='bbox 2119 3043 2367 3136; x_wconf 69' lang='lat' dir='ltr'>pluvias</span> <span class='ocrx_word' id='word_1_193' title='bbox 2403 3045 2661 3124; x_wconf 84' lang='lat' dir='ltr'>multoe,</span> 
     </span>
     <span class='ocr_line' id='line_1_29' title="bbox 1098 3148 2668 3242; baseline 0.003 -24"><span class='ocrx_word' id='word_1_194' title='bbox 1098 3157 1165 3219; x_wconf 82' lang='lat' dir='ltr'>et</span> <span class='ocrx_word' id='word_1_195' title='bbox 1212 3148 1825 3242; x_wconf 84' lang='lat' dir='ltr'>deprehenduntur</span> <span class='ocrx_word' id='word_1_196' title='bbox 1880 3160 2044 3222; x_wconf 90' lang='lat' dir='ltr'>tunc</span> <span class='ocrx_word' id='word_1_197' title='bbox 2101 3154 2338 3233; x_wconf 88' lang='lat' dir='ltr'>macri,</span> <span class='ocrx_word' id='word_1_198' title='bbox 2381 3160 2447 3222; x_wconf 87' lang='lat' dir='ltr'>et</span> <span class='ocrx_word' id='word_1_199' title='bbox 2510 3175 2668 3222; x_wconf 83' lang='lat' dir='ltr'>mo·</span> 
     </span>
     <span class='ocr_line' id='line_1_30' title="bbox 1094 3259 2666 3352; baseline 0.003 -26"><span class='ocrx_word' id='word_1_200' title='bbox 1094 3270 1342 3329; x_wconf 84' lang='lat' dir='ltr'>ventur</span> <span class='ocrx_word' id='word_1_201' title='bbox 1398 3259 1606 3327; x_wconf 80' lang='lat' dir='ltr'>simul</span> <span class='ocrx_word' id='word_1_202' title='bbox 1666 3262 1864 3352; x_wconf 87' lang='lat' dir='ltr'>quasi</span> <span class='ocrx_word' id='word_1_203' title='bbox 1913 3260 2190 3330; x_wconf 91' lang='lat' dir='ltr'>turbati.</span> <span class='ocrx_word' id='word_1_204' title='bbox 2249 3261 2535 3331; x_wconf 70' lang='lat' dir='ltr'>Videtur</span> <span class='ocrx_word' id='word_1_205' title='bbox 2571 3271 2666 3331; x_wconf 87' lang='lat' dir='ltr'>ta-</span> 
     </span>
     <span class='ocr_line' id='line_1_31' title="bbox 1095 3367 2668 3461; baseline 0.001 -25"><span class='ocrx_word' id='word_1_206' title='bbox 1095 3390 1252 3436; x_wconf 83' lang='lat' dir='ltr'>men</span> <span class='ocrx_word' id='word_1_207' title='bbox 1309 3367 1445 3438; x_wconf 85' lang='lat' dir='ltr'>hoc</span> <span class='ocrx_word' id='word_1_208' title='bbox 1492 3370 1717 3459; x_wconf 83' lang='lat' dir='ltr'>magis</span> <span class='ocrx_word' id='word_1_209' title='bbox 1765 3367 2072 3441; x_wconf 87' lang='lat' dir='ltr'>accidere</span> <span class='ocrx_word' id='word_1_210' title='bbox 2126 3377 2405 3461; x_wconf 88' lang='lat' dir='ltr'>propter</span> <span class='ocrx_word' id='word_1_211' title='bbox 2453 3368 2668 3459; x_wconf 83' lang='lat' dir='ltr'>frigus</span> 
     </span>
     <span class='ocr_line' id='line_1_32' title="bbox 1092 3473 2668 3567; baseline 0 -23"><span class='ocrx_word' id='word_1_212' title='bbox 1092 3476 1422 3566; x_wconf 87' lang='lat' dir='ltr'>temporis</span> <span class='ocrx_word' id='word_1_213' title='bbox 1478 3473 1758 3566; x_wconf 87' lang='lat' dir='ltr'>quando</span> <span class='ocrx_word' id='word_1_214' title='bbox 1843 3475 2044 3567; x_wconf 90' lang='lat' dir='ltr'>pluit,</span> <span class='ocrx_word' id='word_1_215' title='bbox 2118 3497 2328 3567; x_wconf 87' lang='lat' dir='ltr'>quam</span> <span class='ocrx_word' id='word_1_216' title='bbox 2391 3483 2668 3567; x_wconf 82' lang='lat' dir='ltr'>propter</span> 
     </span>
     <span class='ocr_line' id='line_1_33' title="bbox 1091 3581 2665 3675; baseline 0.001 -25"><span class='ocrx_word' id='word_1_217' title='bbox 1091 3581 1426 3675; x_wconf 78' lang='lat' dir='ltr'>pluviam.</span> <span class='ocrx_word' id='word_1_218' title='bbox 1478 3581 1559 3651; x_wconf 88' lang='lat' dir='ltr'>ln</span> <span class='ocrx_word' id='word_1_219' title='bbox 1607 3589 1919 3673; x_wconf 87' lang='lat' dir='ltr'>tempore</span> <span class='ocrx_word' id='word_1_220' title='bbox 1980 3584 2168 3653; x_wconf 85' lang='lat' dir='ltr'>enim</span> <span class='ocrx_word' id='word_1_221' title='bbox 2224 3583 2469 3675; x_wconf 84' lang='lat' dir='ltr'>frigido</span> <span class='ocrx_word' id='word_1_222' title='bbox 2527 3606 2665 3675; x_wconf 87' lang='lat' dir='ltr'>quo</span> 
     </span>
     <span class='ocr_line' id='line_1_34' title="bbox 1096 3692 2661 3785; baseline 0.001 -24"><span class='ocrx_word' id='word_1_223' title='bbox 1096 3694 1310 3762; x_wconf 78' lang='lat' dir='ltr'>Graeci</span> <span class='ocrx_word' id='word_1_224' title='bbox 1340 3692 1618 3762; x_wconf 89' lang='lat' dir='ltr'>fuerunt</span> <span class='ocrx_word' id='word_1_225' title='bbox 1649 3694 1722 3763; x_wconf 86' lang='lat' dir='ltr'>in</span> <span class='ocrx_word' id='word_1_226' title='bbox 1750 3694 1925 3763; x_wconf 87' lang='lat' dir='ltr'>mari</span> <span class='ocrx_word' id='word_1_227' title='bbox 1948 3693 2134 3785; x_wconf 89' lang='lat' dir='ltr'>quod</span> <span class='ocrx_word' id='word_1_228' title='bbox 2154 3701 2438 3763; x_wconf 79' lang='lat' dir='ltr'>vocatur</span> <span class='ocrx_word' id='word_1_229' title='bbox 2454 3695 2661 3783; x_wconf 70' lang='lat' dir='ltr'>oyes,</span> 
     </span>
     <span class='ocr_line' id='line_1_35' title="bbox 1096 3800 2667 3893; baseline 0.004 -24"><span class='ocrx_word' id='word_1_230' title='bbox 1096 3800 1177 3869; x_wconf 89' lang='lat' dir='ltr'>ad</span> <span class='ocrx_word' id='word_1_231' title='bbox 1217 3801 1447 3871; x_wconf 88' lang='lat' dir='ltr'>locum</span> <span class='ocrx_word' id='word_1_232' title='bbox 1497 3802 1617 3893; x_wconf 90' lang='lat' dir='ltr'>qui</span> <span class='ocrx_word' id='word_1_233' title='bbox 1685 3801 2037 3891; x_wconf 62' lang='lat' dir='ltr'>Carthago</span> <span class='ocrx_word' id='word_1_234' title='bbox 2093 3801 2364 3883; x_wconf 90' lang='lat' dir='ltr'>dicitur,</span> <span class='ocrx_word' id='word_1_235' title='bbox 2421 3811 2490 3872; x_wconf 92' lang='lat' dir='ltr'>et</span> <span class='ocrx_word' id='word_1_236' title='bbox 2534 3800 2667 3875; x_wconf 77' lang='lat' dir='ltr'>huo</span> 
     </span>
     <span class='ocr_line' id='line_1_36' title="bbox 1095 3909 2662 4003; baseline 0.003 -25"><span class='ocrx_word' id='word_1_237' title='bbox 1095 3919 1197 3978; x_wconf 87' lang='lat' dir='ltr'>est</span> <span class='ocrx_word' id='word_1_238' title='bbox 1235 3933 1423 3978; x_wconf 85' lang='lat' dir='ltr'>mare</span> <span class='ocrx_word' id='word_1_239' title='bbox 1467 3909 1819 4002; x_wconf 68' lang='lat' dir='ltr'>Phrygiae,</span> <span class='ocrx_word' id='word_1_240' title='bbox 1852 3910 2053 3980; x_wconf 88' lang='lat' dir='ltr'>multi</span> <span class='ocrx_word' id='word_1_241' title='bbox 2076 3911 2458 3980; x_wconf 84' lang='lat' dir='ltr'>referuntur</span> <span class='ocrx_word' id='word_1_242' title='bbox 2485 3913 2662 4003; x_wconf 87' lang='lat' dir='ltr'>capti</span> 
     </span>
     <span class='ocr_line' id='line_1_37' title="bbox 1094 4017 2664 4089; baseline 0.002 -3"><span class='ocrx_word' id='word_1_243' title='bbox 1094 4017 1353 4088; x_wconf 86' lang='lat' dir='ltr'>karabo</span> <span class='ocrx_word' id='word_1_244' title='bbox 1383 4041 1543 4088; x_wconf 88' lang='lat' dir='ltr'>cum</span> <span class='ocrx_word' id='word_1_245' title='bbox 1572 4017 1747 4089; x_wconf 84' lang='lat' dir='ltr'>albis</span> <span class='ocrx_word' id='word_1_246' title='bbox 1786 4019 2032 4089; x_wconf 88' lang='lat' dir='ltr'>oculis.</span> <span class='ocrx_word' id='word_1_247' title='bbox 2090 4019 2290 4089; x_wconf 81' lang='lat' dir='ltr'>Forte</span> <span class='ocrx_word' id='word_1_248' title='bbox 2328 4028 2559 4088; x_wconf 87' lang='lat' dir='ltr'>autem</span> <span class='ocrx_word' id='word_1_249' title='bbox 2597 4027 2664 4089; x_wconf 92' lang='lat' dir='ltr'>et</span> 
     </span>
     <span class='ocr_line' id='line_1_38' title="bbox 1092 4126 2662 4221; baseline 0.004 -26"><span class='ocrx_word' id='word_1_250' title='bbox 1092 4126 1483 4196; x_wconf 78' lang='lat' dir='ltr'>lnaratotom</span> <span class='ocrx_word' id='word_1_251' title='bbox 1515 4127 1784 4198; x_wconf 88' lang='lat' dir='ltr'>laborat</span> <span class='ocrx_word' id='word_1_252' title='bbox 1833 4128 1910 4198; x_wconf 89' lang='lat' dir='ltr'>in</span> <span class='ocrx_word' id='word_1_253' title='bbox 1944 4128 2190 4198; x_wconf 84' lang='lat' dir='ltr'>eodem</span> <span class='ocrx_word' id='word_1_254' title='bbox 2229 4138 2561 4221; x_wconf 83' lang='lat' dir='ltr'>tempore,</span> <span class='ocrx_word' id='word_1_255' title='bbox 2596 4140 2662 4201; x_wconf 89' lang='lat' dir='ltr'>et</span> 
     </span>
     <span class='ocr_line' id='line_1_39' title="bbox 1088 4234 2664 4327; baseline 0.003 -24"><span class='ocrx_word' id='word_1_256' title='bbox 1088 4243 1368 4327; x_wconf 86' lang='lat' dir='ltr'>propter</span> <span class='ocrx_word' id='word_1_257' title='bbox 1395 4234 1714 4304; x_wconf 87' lang='lat' dir='ltr'>eamdem</span> <span class='ocrx_word' id='word_1_258' title='bbox 1736 4257 2019 4305; x_wconf 84' lang='lat' dir='ltr'>causam</span> <span class='ocrx_word' id='word_1_259' title='bbox 2038 4234 2374 4316; x_wconf 86' lang='lat' dir='ltr'>laborant,</span> <span class='ocrx_word' id='word_1_260' title='bbox 2406 4246 2476 4307; x_wconf 89' lang='lat' dir='ltr'>et</span> <span class='ocrx_word' id='word_1_261' title='bbox 2503 4237 2664 4307; x_wconf 84' lang='lat' dir='ltr'>abs-</span> 
     </span>
     <span class='ocr_line' id='line_1_40' title="bbox 1089 4341 1867 4413; baseline -0.001 0"><span class='ocrx_word' id='word_1_262' title='bbox 1089 4342 1481 4413; x_wconf 87' lang='lat' dir='ltr'>conduntur</span> <span class='ocrx_word' id='word_1_263' title='bbox 1508 4343 1580 4412; x_wconf 89' lang='lat' dir='ltr'>in</span> <span class='ocrx_word' id='word_1_264' title='bbox 1610 4341 1867 4412; x_wconf 83' lang='lat' dir='ltr'>hieme.</span> 
     </span>
    </p>

    <p class='ocr_par' dir='ltr' id='par_1_7' title="bbox 1085 4450 2660 5086">
     <span class='ocr_line' id='line_1_41' title="bbox 1182 4450 2658 4523; baseline 0.002 -3"><span class='ocrx_word' id='word_1_265' title='bbox 1182 4450 1428 4521; x_wconf 81' lang='lat' dir='ltr'>Adhuc</span> <span class='ocrx_word' id='word_1_266' title='bbox 1485 4461 1719 4521; x_wconf 89' lang='lat' dir='ltr'>autem</span> <span class='ocrx_word' id='word_1_267' title='bbox 1780 4453 1849 4519; x_wconf 90' lang='lat' dir='ltr'>in</span> <span class='ocrx_word' id='word_1_268' title='bbox 1910 4460 2143 4522; x_wconf 60' lang='lat' dir='ltr'>aestate</span> <span class='ocrx_word' id='word_1_269' title='bbox 2193 4453 2264 4522; x_wconf 91' lang='lat' dir='ltr'>in</span> <span class='ocrx_word' id='word_1_270' title='bbox 2319 4454 2658 4523; x_wconf 85' lang='lat' dir='ltr'>consimili</span> 
     </span>
     <span class='ocr_line' id='line_1_42' title="bbox 1093 4560 2660 4654; baseline 0.003 -25"><span class='ocrx_word' id='word_1_271' title='bbox 1093 4561 1464 4653; x_wconf 81' lang='lat' dir='ltr'>frigiditate</span> <span class='ocrx_word' id='word_1_272' title='bbox 1529 4560 1798 4631; x_wconf 87' lang='lat' dir='ltr'>laborat</span> <span class='ocrx_word' id='word_1_273' title='bbox 1862 4571 1933 4631; x_wconf 90' lang='lat' dir='ltr'>et</span> <span class='ocrx_word' id='word_1_274' title='bbox 2005 4562 2388 4633; x_wconf 78' lang='lat' dir='ltr'>infirmatur</span> <span class='ocrx_word' id='word_1_275' title='bbox 2457 4564 2660 4654; x_wconf 86' lang='lat' dir='ltr'>piscis</span> 
     </span>
     <span class='ocr_line' id='line_1_43' title="bbox 1090 4669 2659 4741; baseline 0.002 -3"><span class='ocrx_word' id='word_1_276' title='bbox 1090 4669 1310 4738; x_wconf 89' lang='lat' dir='ltr'>dictus</span> <span class='ocrx_word' id='word_1_277' title='bbox 1352 4671 1597 4737; x_wconf 78' lang='lat' dir='ltr'>oriem.</span> <span class='ocrx_word' id='word_1_278' title='bbox 1654 4669 1943 4741; x_wconf 85' lang='lat' dir='ltr'>Siccitas</span> <span class='ocrx_word' id='word_1_279' title='bbox 1985 4678 2217 4739; x_wconf 89' lang='lat' dir='ltr'>autem</span> <span class='ocrx_word' id='word_1_280' title='bbox 2276 4674 2437 4741; x_wconf 89' lang='lat' dir='ltr'>anni</span> <span class='ocrx_word' id='word_1_281' title='bbox 2485 4694 2659 4741; x_wconf 89' lang='lat' dir='ltr'>con-</span> 
     </span>
     <span class='ocr_line' id='line_1_44' title="bbox 1092 4775 2658 4871; baseline 0.001 -27"><span class='ocrx_word' id='word_1_282' title='bbox 1092 4779 1285 4846; x_wconf 81' lang='lat' dir='ltr'>venit</span> <span class='ocrx_word' id='word_1_283' title='bbox 1314 4783 1543 4845; x_wconf 88' lang='lat' dir='ltr'>ostreo</span> <span class='ocrx_word' id='word_1_284' title='bbox 1584 4775 1773 4867; x_wconf 89' lang='lat' dir='ltr'>quod</span> <span class='ocrx_word' id='word_1_285' title='bbox 1813 4776 2105 4845; x_wconf 70' lang='lat' dir='ltr'>bare-ora</span> <span class='ocrx_word' id='word_1_286' title='bbox 2159 4779 2303 4846; x_wconf 85' lang='lat' dir='ltr'>sive</span> <span class='ocrx_word' id='word_1_287' title='bbox 2328 4801 2658 4871; x_wconf 75' lang='lat' dir='ltr'>purpura</span> 
     </span>
     <span class='ocr_line' id='line_1_45' title="bbox 1086 4885 2657 4980; baseline 0.001 -24"><span class='ocrx_word' id='word_1_288' title='bbox 1086 4896 1396 4965; x_wconf 82' lang='lat' dir='ltr'>vocatur,</span> <span class='ocrx_word' id='word_1_289' title='bbox 1439 4894 1508 4955; x_wconf 88' lang='lat' dir='ltr'>et</span> <span class='ocrx_word' id='word_1_290' title='bbox 1545 4886 1609 4954; x_wconf 90' lang='lat' dir='ltr'>ei</span> <span class='ocrx_word' id='word_1_291' title='bbox 1650 4886 1838 4978; x_wconf 89' lang='lat' dir='ltr'>quod</span> <span class='ocrx_word' id='word_1_292' title='bbox 1868 4885 2118 4957; x_wconf 87' lang='lat' dir='ltr'>dicitur</span> <span class='ocrx_word' id='word_1_293' title='bbox 2143 4887 2395 4968; x_wconf 62' lang='lat' dir='ltr'>chila,</span> <span class='ocrx_word' id='word_1_294' title='bbox 2438 4889 2657 4980; x_wconf 81' lang='lat' dir='ltr'>magis</span> 
     </span>
     <span class='ocr_line' id='line_1_46' title="bbox 1085 4989 1847 5086; baseline 0.003 -26"><span class='ocrx_word' id='word_1_295' title='bbox 1085 5017 1294 5086; x_wconf 86' lang='lat' dir='ltr'>quam</span> <span class='ocrx_word' id='word_1_296' title='bbox 1326 4993 1479 5062; x_wconf 80' lang='lat' dir='ltr'>aliis</span> <span class='ocrx_word' id='word_1_297' title='bbox 1517 4989 1847 5084; x_wconf 89' lang='lat' dir='ltr'>piscibus.</span> 
     </span>
    </p>

    <p class='ocr_par' dir='ltr' id='par_1_8' title="bbox 1081 5102 2660 5608">
     <span class='ocr_line' id='line_1_47' title="bbox 1174 5102 2655 5194; baseline 0.002 -24"><span class='ocrx_word' id='word_1_298' title='bbox 1174 5102 1418 5172; x_wconf 79' lang='lat' dir='ltr'>Adbuc</span> <span class='ocrx_word' id='word_1_299' title='bbox 1493 5110 1726 5171; x_wconf 88' lang='lat' dir='ltr'>autem</span> <span class='ocrx_word' id='word_1_300' title='bbox 1784 5103 2086 5194; x_wconf 77' lang='lat' dir='ltr'>piscibus</span> <span class='ocrx_word' id='word_1_301' title='bbox 2124 5104 2195 5172; x_wconf 89' lang='lat' dir='ltr'>in</span> <span class='ocrx_word' id='word_1_302' title='bbox 2250 5127 2501 5194; x_wconf 77' lang='lat' dir='ltr'>genere</span> <span class='ocrx_word' id='word_1_303' title='bbox 2529 5127 2655 5174; x_wconf 88' lang='lat' dir='ltr'>suo</span> 
     </span>
     <span class='ocr_line' id='line_1_48' title="bbox 1081 5209 2655 5302; baseline 0.001 -22"><span class='ocrx_word' id='word_1_304' title='bbox 1081 5210 1536 5280; x_wconf 78' lang='lat' dir='ltr'>conveniunt</span> <span class='ocrx_word' id='word_1_305' title='bbox 1580 5209 1731 5278; x_wconf 84' lang='lat' dir='ltr'>loca</span> <span class='ocrx_word' id='word_1_306' title='bbox 1804 5214 2270 5302; x_wconf 87' lang='lat' dir='ltr'>appropriata.</span> <span class='ocrx_word' id='word_1_307' title='bbox 2359 5213 2655 5293; x_wconf 83' lang='lat' dir='ltr'>Quidam</span> 
     </span>
     <span class='ocr_line' id='line_1_49' title="bbox 1086 5321 2656 5413; baseline 0 -23"><span class='ocrx_word' id='word_1_308' title='bbox 1086 5322 1272 5390; x_wconf 88' lang='lat' dir='ltr'>enim</span> <span class='ocrx_word' id='word_1_309' title='bbox 1337 5342 1552 5411; x_wconf 87' lang='lat' dir='ltr'>prope</span> <span class='ocrx_word' id='word_1_310' title='bbox 1612 5327 1867 5390; x_wconf 90' lang='lat' dir='ltr'>terram</span> <span class='ocrx_word' id='word_1_311' title='bbox 1897 5321 2314 5412; x_wconf 83' lang='lat' dir='ltr'>proliciunt:</span> <span class='ocrx_word' id='word_1_312' title='bbox 2376 5323 2656 5413; x_wconf 82' lang='lat' dir='ltr'>quidam</span> 
     </span>
     <span class='ocr_line' id='line_1_50' title="bbox 1087 5427 2660 5521; baseline 0.001 -24"><span class='ocrx_word' id='word_1_313' title='bbox 1087 5437 1319 5497; x_wconf 89' lang='lat' dir='ltr'>autem</span> <span class='ocrx_word' id='word_1_314' title='bbox 1395 5427 1833 5520; x_wconf 85' lang='lat' dir='ltr'>impinguant</span> <span class='ocrx_word' id='word_1_315' title='bbox 1936 5429 2007 5496; x_wconf 87' lang='lat' dir='ltr'>in</span> <span class='ocrx_word' id='word_1_316' title='bbox 2072 5428 2412 5521; x_wconf 87' lang='lat' dir='ltr'>profundo</span> <span class='ocrx_word' id='word_1_317' title='bbox 2506 5454 2660 5499; x_wconf 90' lang='lat' dir='ltr'>ma-</span> 
     </span>
     <span class='ocr_line' id='line_1_51' title="bbox 1088 5560 1206 5608; baseline -0.017 0"><span class='ocrx_word' id='word_1_318' title='bbox 1088 5560 1206 5608; x_wconf 75' lang='lat' dir='ltr'>ris.</span> 
     </span>
    </p>

    <p class='ocr_par' dir='ltr' id='par_1_9' title="bbox 1182 5646 2657 5739">
     <span class='ocr_line' id='line_1_52' title="bbox 1182 5646 2657 5739; baseline 0.003 -24"><span class='ocrx_word' id='word_1_319' title='bbox 1182 5646 1428 5715; x_wconf 80' lang='lat' dir='ltr'>Adhuc</span> <span class='ocrx_word' id='word_1_320' title='bbox 1491 5654 1724 5714; x_wconf 80' lang='lat' dir='ltr'>autem</span> <span class='ocrx_word' id='word_1_321' title='bbox 1791 5647 2071 5738; x_wconf 86' lang='lat' dir='ltr'>quidam</span> <span class='ocrx_word' id='word_1_322' title='bbox 2125 5649 2346 5739; x_wconf 80' lang='lat' dir='ltr'>pisces</span> <span class='ocrx_word' id='word_1_323' title='bbox 2399 5648 2657 5739; x_wconf 85' lang='lat' dir='ltr'>impin-</span> 
     </span>
    </p>
   </div>
   <div class='ocr_carea' id='block_1_7' title="bbox 2788 772 4349 1059">
    <p class='ocr_par' dir='ltr' id='par_1_10' title="bbox 2788 772 4349 1059">
     <span class='ocr_line' id='line_1_53' title="bbox 2792 772 3130 841; baseline 0 -2"><span class='ocrx_word' id='word_1_324' title='bbox 2792 772 3130 841; x_wconf 78' lang='lat' dir='ltr'>meliores,</span> 
     </span>
     <span class='ocr_line' id='line_1_54' title="bbox 2876 877 4349 974; baseline 0.006 -28"><span class='ocrx_word' id='word_1_325' title='bbox 2876 877 3120 947; x_wconf 85' lang='lat' dir='ltr'>Adhuc</span> <span class='ocrx_word' id='word_1_326' title='bbox 3193 888 3421 949; x_wconf 90' lang='lat' dir='ltr'>autem</span> <span class='ocrx_word' id='word_1_327' title='bbox 3496 882 3712 972; x_wconf 88' lang='lat' dir='ltr'>pisces</span> <span class='ocrx_word' id='word_1_328' title='bbox 3787 883 3902 974; x_wconf 88' lang='lat' dir='ltr'>qui</span> <span class='ocrx_word' id='word_1_329' title='bbox 3978 883 4349 955; x_wconf 89' lang='lat' dir='ltr'>comedunt</span> 
     </span>
     <span class='ocr_line' id='line_1_55' title="bbox 2788 985 4345 1059; baseline 0.007 -11"><span class='ocrx_word' id='word_1_330' title='bbox 2788 1003 3083 1057; x_wconf 87' lang='lat' dir='ltr'>carnem.</span> <span class='ocrx_word' id='word_1_331' title='bbox 3166 985 3524 1053; x_wconf 88' lang='lat' dir='ltr'>inveniunt</span> <span class='ocrx_word' id='word_1_332' title='bbox 3595 986 3890 1055; x_wconf 89' lang='lat' dir='ltr'>multum</span> <span class='ocrx_word' id='word_1_333' title='bbox 3969 986 4198 1056; x_wconf 88' lang='lat' dir='ltr'>cibum</span> <span class='ocrx_word' id='word_1_334' title='bbox 4271 989 4345 1059; x_wconf 88' lang='lat' dir='ltr'>in</span> 
     </span>
    </p>
   </div>
   <div class='ocr_carea' id='block_1_8' title="bbox 2765 1088 4378 4851">
    <p class='ocr_par' dir='ltr' id='par_1_11' title="bbox 2786 1088 4345 1293">
     <span class='ocr_line' id='line_1_56' title="bbox 2788 1088 4345 1187; baseline 0.008 -32"><span class='ocrx_word' id='word_1_335' title='bbox 2788 1111 2962 1179; x_wconf 88' lang='lat' dir='ltr'>aqua</span> <span class='ocrx_word' id='word_1_336' title='bbox 3001 1088 3375 1159; x_wconf 86' lang='lat' dir='ltr'>virescente</span> <span class='ocrx_word' id='word_1_337' title='bbox 3408 1094 3477 1159; x_wconf 92' lang='lat' dir='ltr'>in</span> <span class='ocrx_word' id='word_1_338' title='bbox 3506 1093 3884 1185; x_wconf 86' lang='lat' dir='ltr'>superficie,</span> <span class='ocrx_word' id='word_1_339' title='bbox 3916 1118 3995 1162; x_wconf 94' lang='lat' dir='ltr'>eo</span> <span class='ocrx_word' id='word_1_340' title='bbox 4028 1096 4213 1187; x_wconf 88' lang='lat' dir='ltr'>quod</span> <span class='ocrx_word' id='word_1_341' title='bbox 4243 1103 4345 1168; x_wconf 82' lang='lat' dir='ltr'>est</span> 
     </span>
     <span class='ocr_line' id='line_1_57' title="bbox 2786 1201 4023 1293; baseline 0.005 -28"><span class='ocrx_word' id='word_1_342' title='bbox 2786 1201 3113 1268; x_wconf 87' lang='lat' dir='ltr'>nutritiva</span> <span class='ocrx_word' id='word_1_343' title='bbox 3150 1208 3216 1268; x_wconf 90' lang='lat' dir='ltr'>et</span> <span class='ocrx_word' id='word_1_344' title='bbox 3244 1202 3640 1293; x_wconf 86' lang='lat' dir='ltr'>generativa·</span> <span class='ocrx_word' id='word_1_345' title='bbox 3674 1225 4023 1272; x_wconf 83' lang='lat' dir='ltr'>ranarum.</span> 
     </span>
    </p>

    <p class='ocr_par' dir='ltr' id='par_1_12' title="bbox 2765 1308 4378 4851">
     <span class='ocr_line' id='line_1_58' title="bbox 2873 1308 4346 1405; baseline 0.003 -30"><span class='ocrx_word' id='word_1_346' title='bbox 2873 1308 3189 1398; x_wconf 87' lang='lat' dir='ltr'>Amplius</span> <span class='ocrx_word' id='word_1_347' title='bbox 3228 1318 3459 1379; x_wconf 88' lang='lat' dir='ltr'>autem</span> <span class='ocrx_word' id='word_1_348' title='bbox 3508 1310 3785 1403; x_wconf 87' lang='lat' dir='ltr'>quidam</span> <span class='ocrx_word' id='word_1_349' title='bbox 3832 1313 4051 1403; x_wconf 86' lang='lat' dir='ltr'>pisces</span> <span class='ocrx_word' id='word_1_350' title='bbox 4097 1312 4346 1405; x_wconf 89' lang='lat' dir='ltr'>impin-</span> 
     </span>
     <span class='ocr_line' id='line_1_59' title="bbox 2784 1419 4342 1513; baseline 0.006 -31"><span class='ocrx_word' id='word_1_351' title='bbox 2784 1424 3322 1507; x_wconf 80' lang='lat' dir='ltr'>guantur-vento</span> <span class='ocrx_word' id='word_1_352' title='bbox 3363 1419 3893 1509; x_wconf 87' lang='lat' dir='ltr'>septentrionali,</span> <span class='ocrx_word' id='word_1_353' title='bbox 3948 1429 4014 1489; x_wconf 91' lang='lat' dir='ltr'>et</span> <span class='ocrx_word' id='word_1_354' title='bbox 4061 1421 4342 1513; x_wconf 86' lang='lat' dir='ltr'>quidam</span> 
     </span>
     <span class='ocr_line' id='line_1_60' title="bbox 2785 1523 4343 1620; baseline 0.004 -29"><span class='ocrx_word' id='word_1_355' title='bbox 2785 1523 3238 1593; x_wconf 88' lang='lat' dir='ltr'>meridionali.</span> <span class='ocrx_word' id='word_1_356' title='bbox 3273 1524 3506 1594; x_wconf 80' lang='lat' dir='ltr'>Pisces</span> <span class='ocrx_word' id='word_1_357' title='bbox 3544 1528 3821 1618; x_wconf 88' lang='lat' dir='ltr'>quidam</span> <span class='ocrx_word' id='word_1_358' title='bbox 3852 1528 4040 1620; x_wconf 86' lang='lat' dir='ltr'>longi</span> <span class='ocrx_word' id='word_1_359' title='bbox 4082 1530 4343 1620; x_wconf 88' lang='lat' dir='ltr'>impin-</span> 
     </span>
     <span class='ocr_line' id='line_1_61' title="bbox 2783 1633 4340 1725; baseline 0.006 -29"><span class='ocrx_word' id='word_1_360' title='bbox 2783 1639 3078 1721; x_wconf 89' lang='lat' dir='ltr'>guantur</span> <span class='ocrx_word' id='word_1_361' title='bbox 3131 1633 3687 1722; x_wconf 88' lang='lat' dir='ltr'>septentrionali:</span> <span class='ocrx_word' id='word_1_362' title='bbox 3758 1635 3920 1725; x_wconf 90' lang='lat' dir='ltr'>quia</span> <span class='ocrx_word' id='word_1_363' title='bbox 3984 1633 4340 1708; x_wconf 76' lang='lat' dir='ltr'>cholericis</span> 
     </span>
     <span class='ocr_line' id='line_1_62' title="bbox 2782 1738 4341 1838; baseline 0.004 -31"><span class='ocrx_word' id='word_1_364' title='bbox 2782 1738 3229 1808; x_wconf 82' lang='lat' dir='ltr'>existentibus</span> <span class='ocrx_word' id='word_1_365' title='bbox 3288 1742 3534 1809; x_wconf 87' lang='lat' dir='ltr'>talibus</span> <span class='ocrx_word' id='word_1_366' title='bbox 3588 1742 3910 1833; x_wconf 90' lang='lat' dir='ltr'>piscibus,</span> <span class='ocrx_word' id='word_1_367' title='bbox 3960 1766 4082 1835; x_wconf 90' lang='lat' dir='ltr'>per</span> <span class='ocrx_word' id='word_1_368' title='bbox 4116 1743 4341 1838; x_wconf 82' lang='lat' dir='ltr'>Aqui-</span> 
     </span>
     <span class='ocr_line' id='line_1_63' title="bbox 2781 1845 4332 1944; baseline 0.006 -32"><span class='ocrx_word' id='word_1_369' title='bbox 2781 1845 2956 1917; x_wconf 89' lang='lat' dir='ltr'>lonis</span> <span class='ocrx_word' id='word_1_370' title='bbox 3002 1848 3214 1940; x_wconf 89' lang='lat' dir='ltr'>frigus</span> <span class='ocrx_word' id='word_1_371' title='bbox 3255 1853 3755 1944; x_wconf 88' lang='lat' dir='ltr'>restringuntur</span> <span class='ocrx_word' id='word_1_372' title='bbox 3798 1853 3948 1942; x_wconf 90' lang='lat' dir='ltr'>pori</span> <span class='ocrx_word' id='word_1_373' title='bbox 4003 1854 4332 1944; x_wconf 86' lang='lat' dir='ltr'>ipsorum,</span> 
     </span>
     <span class='ocr_line' id='line_1_64' title="bbox 2781 1957 4334 2048; baseline 0.005 -27"><span class='ocrx_word' id='word_1_374' title='bbox 2781 1977 2864 2023; x_wconf 89' lang='lat' dir='ltr'>ne</span> <span class='ocrx_word' id='word_1_375' title='bbox 2894 1963 3214 2047; x_wconf 86' lang='lat' dir='ltr'>evaporet</span> <span class='ocrx_word' id='word_1_376' title='bbox 3244 1979 3330 2025; x_wconf 82' lang='lat' dir='ltr'>ex</span> <span class='ocrx_word' id='word_1_377' title='bbox 3356 1958 3521 2048; x_wconf 89' lang='lat' dir='ltr'>ipsis</span> <span class='ocrx_word' id='word_1_378' title='bbox 3559 1957 3920 2027; x_wconf 90' lang='lat' dir='ltr'>humidum</span> <span class='ocrx_word' id='word_1_379' title='bbox 3954 1960 4334 2029; x_wconf 89' lang='lat' dir='ltr'>nutrimen-</span> 
     </span>
     <span class='ocr_line' id='line_1_65' title="bbox 2778 2061 4333 2157; baseline 0.008 -29"><span class='ocrx_word' id='word_1_380' title='bbox 2778 2061 2951 2131; x_wconf 87' lang='lat' dir='ltr'>tale:</span> <span class='ocrx_word' id='word_1_381' title='bbox 2994 2073 3275 2156; x_wconf 88' lang='lat' dir='ltr'>propter</span> <span class='ocrx_word' id='word_1_382' title='bbox 3302 2066 3488 2157; x_wconf 87' lang='lat' dir='ltr'>quod</span> <span class='ocrx_word' id='word_1_383' title='bbox 3517 2068 3723 2136; x_wconf 87' lang='lat' dir='ltr'>etiam</span> <span class='ocrx_word' id='word_1_384' title='bbox 3756 2067 3826 2136; x_wconf 89' lang='lat' dir='ltr'>in</span> <span class='ocrx_word' id='word_1_385' title='bbox 3856 2074 4089 2138; x_wconf 67' lang='lat' dir='ltr'>aestate</span> <span class='ocrx_word' id='word_1_386' title='bbox 4129 2068 4333 2140; x_wconf 84' lang='lat' dir='ltr'>flante</span> 
     </span>
     <span class='ocr_line' id='line_1_66' title="bbox 2775 2172 4335 2268; baseline 0.007 -33"><span class='ocrx_word' id='word_1_387' title='bbox 2775 2177 2981 2238; x_wconf 83' lang='lat' dir='ltr'>vento</span> <span class='ocrx_word' id='word_1_388' title='bbox 3012 2172 3552 2264; x_wconf 84' lang='lat' dir='ltr'>septentrionali,</span> <span class='ocrx_word' id='word_1_389' title='bbox 3588 2174 3787 2243; x_wconf 91' lang='lat' dir='ltr'>multi</span> <span class='ocrx_word' id='word_1_390' title='bbox 3816 2174 4055 2244; x_wconf 87' lang='lat' dir='ltr'>talium</span> <span class='ocrx_word' id='word_1_391' title='bbox 4087 2175 4335 2268; x_wconf 89' lang='lat' dir='ltr'>depre-</span> 
     </span>
     <span class='ocr_line' id='line_1_67' title="bbox 2776 2277 4339 2375; baseline 0.004 -28"><span class='ocrx_word' id='word_1_392' title='bbox 2776 2277 3188 2348; x_wconf 88' lang='lat' dir='ltr'>henduntur.</span> <span class='ocrx_word' id='word_1_393' title='bbox 3226 2280 3456 2351; x_wconf 89' lang='lat' dir='ltr'>Pisces</span> <span class='ocrx_word' id='word_1_394' title='bbox 3485 2291 3714 2352; x_wconf 88' lang='lat' dir='ltr'>autem</span> <span class='ocrx_word' id='word_1_395' title='bbox 3745 2283 3859 2351; x_wconf 87' lang='lat' dir='ltr'>lati</span> <span class='ocrx_word' id='word_1_396' title='bbox 3902 2284 4073 2353; x_wconf 86' lang='lat' dir='ltr'>curti</span> <span class='ocrx_word' id='word_1_397' title='bbox 4104 2282 4339 2375; x_wconf 81' lang='lat' dir='ltr'>phleg-</span> 
     </span>
     <span class='ocr_line' id='line_1_68' title="bbox 2776 2386 4378 2482; baseline 0.006 -29"><span class='ocrx_word' id='word_1_398' title='bbox 2776 2386 3003 2455; x_wconf 87' lang='lat' dir='ltr'>matici</span> <span class='ocrx_word' id='word_1_399' title='bbox 3060 2409 3217 2456; x_wconf 88' lang='lat' dir='ltr'>cum</span> <span class='ocrx_word' id='word_1_400' title='bbox 3278 2388 3707 2458; x_wconf 87' lang='lat' dir='ltr'>meridionali</span> <span class='ocrx_word' id='word_1_401' title='bbox 3758 2391 4277 2482; x_wconf 87' lang='lat' dir='ltr'>impinguantur</span> <span class='ocrx_word' id='word_1_402' title='bbox 4312 2414 4378 2465; x_wconf 82' lang='lat'>:-</span> 
     </span>
     <span class='ocr_line' id='line_1_69' title="bbox 2776 2493 4336 2588; baseline 0.005 -27"><span class='ocrx_word' id='word_1_403' title='bbox 2776 2514 2856 2561; x_wconf 88' lang='lat' dir='ltr'>eo</span> <span class='ocrx_word' id='word_1_404' title='bbox 2904 2493 3090 2585; x_wconf 89' lang='lat' dir='ltr'>quod</span> <span class='ocrx_word' id='word_1_405' title='bbox 3146 2503 3507 2564; x_wconf 86' lang='lat' dir='ltr'>evocatum</span> <span class='ocrx_word' id='word_1_406' title='bbox 3554 2518 3595 2564; x_wconf 83' lang='lat' dir='ltr'>a</span> <span class='ocrx_word' id='word_1_407' title='bbox 3644 2496 4044 2588; x_wconf 83' lang='lat' dir='ltr'>corporibus</span> <span class='ocrx_word' id='word_1_408' title='bbox 4096 2521 4336 2569; x_wconf 87' lang='lat' dir='ltr'>eorum</span> 
     </span>
     <span class='ocr_line' id='line_1_70' title="bbox 2778 2603 4338 2678; baseline 0.003 -8"><span class='ocrx_word' id='word_1_409' title='bbox 2778 2603 3053 2672; x_wconf 82' lang='lat' dir='ltr'>resolvit</span> <span class='ocrx_word' id='word_1_410' title='bbox 3088 2605 3434 2674; x_wconf 86' lang='lat' dir='ltr'>viscosum</span> <span class='ocrx_word' id='word_1_411' title='bbox 3484 2605 3844 2676; x_wconf 87' lang='lat' dir='ltr'>humidum</span> <span class='ocrx_word' id='word_1_412' title='bbox 3875 2616 3939 2675; x_wconf 91' lang='lat' dir='ltr'>et</span> <span class='ocrx_word' id='word_1_413' title='bbox 3970 2608 4130 2677; x_wconf 88' lang='lat' dir='ltr'>facit</span> <span class='ocrx_word' id='word_1_414' title='bbox 4175 2610 4338 2678; x_wconf 88' lang='lat' dir='ltr'>resi-</span> 
     </span>
     <span class='ocr_line' id='line_1_71' title="bbox 2775 2710 4338 2804; baseline 0.004 -26"><span class='ocrx_word' id='word_1_415' title='bbox 2775 2710 2984 2779; x_wconf 87' lang='lat' dir='ltr'>duum</span> <span class='ocrx_word' id='word_1_416' title='bbox 3012 2711 3221 2781; x_wconf 85' lang='lat' dir='ltr'>fluere</span> <span class='ocrx_word' id='word_1_417' title='bbox 3260 2735 3383 2803; x_wconf 90' lang='lat' dir='ltr'>per</span> <span class='ocrx_word' id='word_1_418' title='bbox 3420 2736 3708 2804; x_wconf 86' lang='lat' dir='ltr'>corpus:</span> <span class='ocrx_word' id='word_1_419' title='bbox 3760 2722 3824 2782; x_wconf 89' lang='lat' dir='ltr'>et</span> <span class='ocrx_word' id='word_1_420' title='bbox 3874 2737 3957 2783; x_wconf 80' lang='lat' dir='ltr'>ex</span> <span class='ocrx_word' id='word_1_421' title='bbox 4016 2714 4147 2784; x_wconf 89' lang='lat' dir='ltr'>hoc</span> <span class='ocrx_word' id='word_1_422' title='bbox 4198 2716 4338 2784; x_wconf 89' lang='lat' dir='ltr'>im-</span> 
     </span>
     <span class='ocr_line' id='line_1_72' title="bbox 2774 2816 4334 2912; baseline 0.004 -31"><span class='ocrx_word' id='word_1_423' title='bbox 2774 2817 3213 2908; x_wconf 84' lang='lat' dir='ltr'>pinguantur.</span> <span class='ocrx_word' id='word_1_424' title='bbox 3238 2816 3528 2886; x_wconf 76' lang='lat' dir='ltr'>Tacliios</span> <span class='ocrx_word' id='word_1_425' title='bbox 3549 2828 3777 2887; x_wconf 90' lang='lat' dir='ltr'>autem</span> <span class='ocrx_word' id='word_1_426' title='bbox 3800 2830 3867 2888; x_wconf 93' lang='lat' dir='ltr'>et</span> <span class='ocrx_word' id='word_1_427' title='bbox 3895 2819 4113 2900; x_wconf 82' lang='lat' dir='ltr'>kikia,</span> <span class='ocrx_word' id='word_1_428' title='bbox 4148 2820 4334 2912; x_wconf 91' lang='lat' dir='ltr'>quod</span> 
     </span>
     <span class='ocr_line' id='line_1_73' title="bbox 2776 2923 4326 3012; baseline 0.004 -21"><span class='ocrx_word' id='word_1_429' title='bbox 2776 2923 3008 2993; x_wconf 89' lang='lat' dir='ltr'>Latine</span> <span class='ocrx_word' id='word_1_430' title='bbox 3029 2926 3173 2993; x_wconf 73' lang='lat' dir='ltr'>scia</span> <span class='ocrx_word' id='word_1_431' title='bbox 3211 2926 3480 3005; x_wconf 89' lang='lat' dir='ltr'>dicitur,</span> <span class='ocrx_word' id='word_1_432' title='bbox 3523 2936 3683 2996; x_wconf 89' lang='lat' dir='ltr'>sunt</span> <span class='ocrx_word' id='word_1_433' title='bbox 3736 2927 3899 2997; x_wconf 85' lang='lat' dir='ltr'>boni</span> <span class='ocrx_word' id='word_1_434' title='bbox 3951 2927 4021 2996; x_wconf 93' lang='lat' dir='ltr'>in</span> <span class='ocrx_word' id='word_1_435' title='bbox 4069 2936 4326 3012; x_wconf 78' lang='lat' dir='ltr'>aestate,</span> 
     </span>
     <span class='ocr_line' id='line_1_74' title="bbox 2773 3034 4329 3125; baseline 0.004 -22"><span class='ocrx_word' id='word_1_436' title='bbox 2773 3034 3045 3125; x_wconf 88' lang='lat' dir='ltr'>quando</span> <span class='ocrx_word' id='word_1_437' title='bbox 3076 3035 3181 3105; x_wconf 88' lang='lat' dir='ltr'>sol</span> <span class='ocrx_word' id='word_1_438' title='bbox 3228 3036 3299 3105; x_wconf 87' lang='lat' dir='ltr'>in</span> <span class='ocrx_word' id='word_1_439' title='bbox 3346 3037 3607 3107; x_wconf 84' lang='lat' dir='ltr'>Cancro</span> <span class='ocrx_word' id='word_1_440' title='bbox 3663 3046 3764 3107; x_wconf 88' lang='lat' dir='ltr'>est</span> <span class='ocrx_word' id='word_1_441' title='bbox 3829 3061 3987 3108; x_wconf 89' lang='lat' dir='ltr'>cum</span> <span class='ocrx_word' id='word_1_442' title='bbox 4037 3036 4220 3107; x_wconf 87' lang='lat' dir='ltr'>Cane</span> <span class='ocrx_word' id='word_1_443' title='bbox 4258 3039 4329 3109; x_wconf 85' lang='lat' dir='ltr'>in</span> 
     </span>
     <span class='ocr_line' id='line_1_75' title="bbox 2772 3142 4328 3239; baseline 0.003 -26"><span class='ocrx_word' id='word_1_444' title='bbox 2772 3142 3011 3216; x_wconf 85' lang='lat' dir='ltr'>dicbus</span> <span class='ocrx_word' id='word_1_445' title='bbox 3050 3144 3590 3216; x_wconf 85' lang='lat' dir='ltr'>canicularibus:</span> <span class='ocrx_word' id='word_1_446' title='bbox 3636 3155 3705 3217; x_wconf 90' lang='lat' dir='ltr'>et</span> <span class='ocrx_word' id='word_1_447' title='bbox 3743 3147 3813 3215; x_wconf 89' lang='lat' dir='ltr'>in</span> <span class='ocrx_word' id='word_1_448' title='bbox 3861 3155 4169 3239; x_wconf 83' lang='lat' dir='ltr'>ternpore</span> <span class='ocrx_word' id='word_1_449' title='bbox 4209 3147 4328 3217; x_wconf 89' lang='lat' dir='ltr'>illo</span> 
     </span>
     <span class='ocr_line' id='line_1_76' title="bbox 2772 3252 4331 3344; baseline 0.004 -24"><span class='ocrx_word' id='word_1_450' title='bbox 2772 3252 3137 3344; x_wconf 87' lang='lat' dir='ltr'>aliquando</span> <span class='ocrx_word' id='word_1_451' title='bbox 3171 3256 3518 3325; x_wconf 82' lang='lat' dir='ltr'>invenitur</span> <span class='ocrx_word' id='word_1_452' title='bbox 3555 3255 3684 3326; x_wconf 86' lang='lat' dir='ltr'>sub</span> <span class='ocrx_word' id='word_1_453' title='bbox 3715 3257 3841 3325; x_wconf 83' lang='lat' dir='ltr'>alis</span> <span class='ocrx_word' id='word_1_454' title='bbox 3886 3258 4029 3327; x_wconf 86' lang='lat' dir='ltr'>suis</span> <span class='ocrx_word' id='word_1_455' title='bbox 4074 3256 4331 3327; x_wconf 84' lang='lat' dir='ltr'>vermis</span> 
     </span>
     <span class='ocr_line' id='line_1_77' title="bbox 2772 3357 4331 3453; baseline 0.005 -28"><span class='ocrx_word' id='word_1_456' title='bbox 2772 3357 2945 3427; x_wconf 90' lang='lat' dir='ltr'>sicut</span> <span class='ocrx_word' id='word_1_457' title='bbox 2987 3360 3268 3451; x_wconf 85' lang='lat' dir='ltr'>gusanis</span> <span class='ocrx_word' id='word_1_458' title='bbox 3324 3359 3680 3441; x_wconf 87' lang='lat' dir='ltr'>formatus,</span> <span class='ocrx_word' id='word_1_459' title='bbox 3751 3370 3819 3429; x_wconf 91' lang='lat' dir='ltr'>et</span> <span class='ocrx_word' id='word_1_460' title='bbox 3883 3371 3987 3432; x_wconf 88' lang='lat' dir='ltr'>cst</span> <span class='ocrx_word' id='word_1_461' title='bbox 4047 3360 4331 3453; x_wconf 81' lang='lat' dir='ltr'>quidam</span> 
     </span>
     <span class='ocr_line' id='line_1_78' title="bbox 2772 3464 4336 3558; baseline 0.006 -29"><span class='ocrx_word' id='word_1_462' title='bbox 2772 3464 3122 3555; x_wconf 70' lang='lat' dir='ltr'>pedis-ulus</span> <span class='ocrx_word' id='word_1_463' title='bbox 3152 3464 3335 3534; x_wconf 89' lang='lat' dir='ltr'>illius</span> <span class='ocrx_word' id='word_1_464' title='bbox 3371 3467 3599 3558; x_wconf 89' lang='lat' dir='ltr'>piscis,</span> <span class='ocrx_word' id='word_1_465' title='bbox 3642 3476 3710 3535; x_wconf 80' lang='lat' dir='ltr'>et</span> <span class='ocrx_word' id='word_1_466' title='bbox 3744 3467 4117 3538; x_wconf 77' lang='lat' dir='ltr'>estsimilis</span> <span class='ocrx_word' id='word_1_467' title='bbox 4153 3490 4336 3539; x_wconf 80' lang='lat' dir='ltr'>scor·</span> 
     </span>
     <span class='ocr_line' id='line_1_79' title="bbox 2770 3574 4335 3667; baseline 0.003 -27"><span class='ocrx_word' id='word_1_468' title='bbox 2770 3574 2985 3664; x_wconf 91' lang='lat' dir='ltr'>pioni,</span> <span class='ocrx_word' id='word_1_469' title='bbox 3019 3582 3086 3642; x_wconf 86' lang='lat' dir='ltr'>et</span> <span class='ocrx_word' id='word_1_470' title='bbox 3112 3582 3401 3643; x_wconf 86' lang='lat' dir='ltr'>vocatur</span> <span class='ocrx_word' id='word_1_471' title='bbox 3437 3575 3523 3646; x_wconf 89' lang='lat' dir='ltr'>ab</span> <span class='ocrx_word' id='word_1_472' title='bbox 3552 3576 3852 3667; x_wconf 76' lang='lat' dir='ltr'>antiquis</span> <span class='ocrx_word' id='word_1_473' title='bbox 3890 3587 4224 3656; x_wconf 73' lang='lat' dir='ltr'>astarem,</span> <span class='ocrx_word' id='word_1_474' title='bbox 4266 3583 4335 3644; x_wconf 91' lang='lat' dir='ltr'>et</span> 
     </span>
     <span class='ocr_line' id='line_1_80' title="bbox 2775 3679 4336 3769; baseline 0.006 -24"><span class='ocrx_word' id='word_1_475' title='bbox 2775 3679 2843 3746; x_wconf 90' lang='lat' dir='ltr'>in</span> <span class='ocrx_word' id='word_1_476' title='bbox 2907 3681 3283 3769; x_wconf 87' lang='lat' dir='ltr'>quantitate</span> <span class='ocrx_word' id='word_1_477' title='bbox 3348 3679 3485 3750; x_wconf 86' lang='lat' dir='ltr'>fere</span> <span class='ocrx_word' id='word_1_478' title='bbox 3542 3688 3644 3753; x_wconf 86' lang='lat' dir='ltr'>est</span> <span class='ocrx_word' id='word_1_479' title='bbox 3697 3681 3870 3750; x_wconf 90' lang='lat' dir='ltr'>sicut</span> <span class='ocrx_word' id='word_1_480' title='bbox 3926 3703 4198 3758; x_wconf 86' lang='lat' dir='ltr'>aranea,</span> <span class='ocrx_word' id='word_1_481' title='bbox 4269 3689 4336 3754; x_wconf 92' lang='lat' dir='ltr'>et</span> 
     </span>
     <span class='ocr_line' id='line_1_81' title="bbox 2771 3786 4334 3880; baseline 0.003 -26"><span class='ocrx_word' id='word_1_482' title='bbox 2771 3809 3005 3855; x_wconf 84' lang='lat' dir='ltr'>morsu</span> <span class='ocrx_word' id='word_1_483' title='bbox 3044 3808 3172 3856; x_wconf 89' lang='lat' dir='ltr'>suo</span> <span class='ocrx_word' id='word_1_484' title='bbox 3213 3786 3474 3856; x_wconf 85' lang='lat' dir='ltr'>inducit</span> <span class='ocrx_word' id='word_1_485' title='bbox 3503 3786 3636 3856; x_wconf 89' lang='lat' dir='ltr'>illis</span> <span class='ocrx_word' id='word_1_486' title='bbox 3677 3787 3979 3880; x_wconf 82' lang='lat' dir='ltr'>piscibus</span> <span class='ocrx_word' id='word_1_487' title='bbox 4025 3786 4334 3858; x_wconf 86' lang='lat' dir='ltr'>dolorem</span> 
     </span>
     <span class='ocr_line' id='line_1_82' title="bbox 2774 3893 4338 3986; baseline 0.003 -25"><span class='ocrx_word' id='word_1_488' title='bbox 2774 3915 3142 3984; x_wconf 79' lang='lat' dir='ltr'>magnum:</span> <span class='ocrx_word' id='word_1_489' title='bbox 3223 3901 3290 3963; x_wconf 88' lang='lat' dir='ltr'>et</span> <span class='ocrx_word' id='word_1_490' title='bbox 3363 3893 3516 3963; x_wconf 79' lang='lat' dir='ltr'>ideo</span> <span class='ocrx_word' id='word_1_491' title='bbox 3581 3916 3760 3985; x_wconf 60' lang='lat' dir='ltr'>saepe</span> <span class='ocrx_word' id='word_1_492' title='bbox 3815 3894 4064 3965; x_wconf 80' lang='lat' dir='ltr'>saltant</span> <span class='ocrx_word' id='word_1_493' title='bbox 4110 3917 4338 3986; x_wconf 71' lang='lat' dir='ltr'>super</span> 
     </span>
     <span class='ocr_line' id='line_1_83' title="bbox 2772 3999 4335 4093; baseline 0.004 -25"><span class='ocrx_word' id='word_1_494' title='bbox 2772 4023 3017 4092; x_wconf 86' lang='lat' dir='ltr'>aquam</span> <span class='ocrx_word' id='word_1_495' title='bbox 3048 4002 3224 4069; x_wconf 84' lang='lat' dir='ltr'>sicut</span> <span class='ocrx_word' id='word_1_496' title='bbox 3253 3999 3643 4093; x_wconf 83' lang='lat' dir='ltr'>delphinus.</span> <span class='ocrx_word' id='word_1_497' title='bbox 3678 4000 3919 4093; x_wconf 85' lang='lat' dir='ltr'>Diligit</span> <span class='ocrx_word' id='word_1_498' title='bbox 3949 4009 4178 4074; x_wconf 81' lang='lat' dir='ltr'>autem</span> <span class='ocrx_word' id='word_1_499' title='bbox 4209 4002 4335 4074; x_wconf 85' lang='lat' dir='ltr'>iste</span> 
     </span>
     <span class='ocr_line' id='line_1_84' title="bbox 2769 4108 4328 4203; baseline 0.004 -23"><span class='ocrx_word' id='word_1_500' title='bbox 2769 4108 2962 4180; x_wconf 86' lang='lat' dir='ltr'>cochi</span> <span class='ocrx_word' id='word_1_501' title='bbox 3001 4108 3302 4180; x_wconf 80' lang='lat' dir='ltr'>calorem</span> <span class='ocrx_word' id='word_1_502' title='bbox 3332 4109 3488 4203; x_wconf 82' lang='lat' dir='ltr'>plus</span> <span class='ocrx_word' id='word_1_503' title='bbox 3531 4109 3765 4180; x_wconf 74' lang='lat' dir='ltr'>inultis</span> <span class='ocrx_word' id='word_1_504' title='bbox 3790 4109 3944 4182; x_wconf 85' lang='lat' dir='ltr'>aliis</span> <span class='ocrx_word' id='word_1_505' title='bbox 3980 4111 4328 4202; x_wconf 78' lang='lat' dir='ltr'>piscibus:</span> 
     </span>
     <span class='ocr_line' id='line_1_85' title="bbox 2768 4217 4334 4312; baseline 0.003 -26"><span class='ocrx_word' id='word_1_506' title='bbox 2768 4225 2833 4288; x_wconf 88' lang='lat' dir='ltr'>et</span> <span class='ocrx_word' id='word_1_507' title='bbox 2866 4218 3017 4289; x_wconf 87' lang='lat' dir='ltr'>ideo</span> <span class='ocrx_word' id='word_1_508' title='bbox 3046 4217 3416 4312; x_wconf 86' lang='lat' dir='ltr'>aliquando</span> <span class='ocrx_word' id='word_1_509' title='bbox 3455 4219 3823 4312; x_wconf 76' lang='lat' dir='ltr'>quaerendo</span> <span class='ocrx_word' id='word_1_510' title='bbox 3862 4218 4162 4292; x_wconf 77' lang='lat' dir='ltr'>calorem</span> <span class='ocrx_word' id='word_1_511' title='bbox 4200 4244 4334 4312; x_wconf 91' lang='lat' dir='ltr'>po·</span> 
     </span>
     <span class='ocr_line' id='line_1_86' title="bbox 2769 4326 4335 4420; baseline 0.003 -26"><span class='ocrx_word' id='word_1_512' title='bbox 2769 4327 2868 4397; x_wconf 90' lang='lat' dir='ltr'>nit</span> <span class='ocrx_word' id='word_1_513' title='bbox 2939 4350 3012 4396; x_wconf 88' lang='lat' dir='ltr'>se</span> <span class='ocrx_word' id='word_1_514' title='bbox 3058 4349 3266 4420; x_wconf 90' lang='lat' dir='ltr'>super</span> <span class='ocrx_word' id='word_1_515' title='bbox 3319 4350 3586 4407; x_wconf 85' lang='lat' dir='ltr'>arenas,</span> <span class='ocrx_word' id='word_1_516' title='bbox 3662 4327 3776 4398; x_wconf 87' lang='lat' dir='ltr'>ubi</span> <span class='ocrx_word' id='word_1_517' title='bbox 3817 4326 4167 4399; x_wconf 85' lang='lat' dir='ltr'>modicum</span> <span class='ocrx_word' id='word_1_518' title='bbox 4232 4336 4335 4398; x_wconf 89' lang='lat' dir='ltr'>est</span> 
     </span>
     <span class='ocr_line' id='line_1_87' title="bbox 2766 4430 4336 4527; baseline 0 -24"><span class='ocrx_word' id='word_1_519' title='bbox 2766 4456 2961 4526; x_wconf 80' lang='lat' dir='ltr'>aquae</span> <span class='ocrx_word' id='word_1_520' title='bbox 2998 4430 3337 4504; x_wconf 79' lang='lat' dir='ltr'>calefactoe</span> <span class='ocrx_word' id='word_1_521' title='bbox 3368 4456 3410 4503; x_wconf 87' lang='lat' dir='ltr'>a</span> <span class='ocrx_word' id='word_1_522' title='bbox 3447 4434 3590 4505; x_wconf 81' lang='lat' dir='ltr'>sole</span> <span class='ocrx_word' id='word_1_523' title='bbox 3634 4458 3650 4503; x_wconf 90' lang='lat'>:</span> <span class='ocrx_word' id='word_1_524' title='bbox 3684 4443 3752 4506; x_wconf 87' lang='lat' dir='ltr'>et</span> <span class='ocrx_word' id='word_1_525' title='bbox 3772 4433 4051 4527; x_wconf 81' lang='lat' dir='ltr'>quando</span> <span class='ocrx_word' id='word_1_526' title='bbox 4080 4434 4336 4507; x_wconf 84' lang='lat' dir='ltr'>calefa-</span> 
     </span>
     <span class='ocr_line' id='line_1_88' title="bbox 2765 4541 4334 4634; baseline 0.002 -23"><span class='ocrx_word' id='word_1_527' title='bbox 2765 4542 2855 4611; x_wconf 92' lang='lat' dir='ltr'>cit</span> <span class='ocrx_word' id='word_1_528' title='bbox 2882 4564 2980 4622; x_wconf 87' lang='lat' dir='ltr'>se,</span> <span class='ocrx_word' id='word_1_529' title='bbox 3023 4549 3213 4612; x_wconf 88' lang='lat' dir='ltr'>natat</span> <span class='ocrx_word' id='word_1_530' title='bbox 3238 4563 3447 4634; x_wconf 84' lang='lat' dir='ltr'>super</span> <span class='ocrx_word' id='word_1_531' title='bbox 3480 4564 3720 4634; x_wconf 84' lang='lat' dir='ltr'>aquas,</span> <span class='ocrx_word' id='word_1_532' title='bbox 3762 4552 3829 4613; x_wconf 87' lang='lat' dir='ltr'>et</span> <span class='ocrx_word' id='word_1_533' title='bbox 3875 4541 4077 4615; x_wconf 78' lang='lat' dir='ltr'>saltat</span> <span class='ocrx_word' id='word_1_534' title='bbox 4125 4566 4334 4634; x_wconf 88' lang='lat' dir='ltr'>super</span> 
     </span>
     <span class='ocr_line' id='line_1_89' title="bbox 2767 4649 4332 4743; baseline 0.004 -27"><span class='ocrx_word' id='word_1_535' title='bbox 2767 4672 3013 4740; x_wconf 83' lang='lat' dir='ltr'>parvos</span> <span class='ocrx_word' id='word_1_536' title='bbox 3049 4649 3298 4742; x_wconf 77' lang='lat' dir='ltr'>pisces,</span> <span class='ocrx_word' id='word_1_537' title='bbox 3328 4660 3404 4719; x_wconf 91' lang='lat' dir='ltr'>ut</span> <span class='ocrx_word' id='word_1_538' title='bbox 3433 4650 3776 4743; x_wconf 87' lang='lat' dir='ltr'>opprimat</span> <span class='ocrx_word' id='word_1_539' title='bbox 3813 4674 3958 4731; x_wconf 83' lang='lat' dir='ltr'>eos,</span> <span class='ocrx_word' id='word_1_540' title='bbox 3999 4673 4083 4722; x_wconf 87' lang='lat' dir='ltr'>eo</span> <span class='ocrx_word' id='word_1_541' title='bbox 4144 4649 4332 4743; x_wconf 89' lang='lat' dir='ltr'>quod</span> 
     </span>
     <span class='ocr_line' id='line_1_90' title="bbox 2768 4758 3895 4851; baseline 0.001 -25"><span class='ocrx_word' id='word_1_542' title='bbox 2768 4765 3033 4850; x_wconf 83' lang='lat' dir='ltr'>reputat</span> <span class='ocrx_word' id='word_1_543' title='bbox 3068 4780 3188 4829; x_wconf 83' lang='lat' dir='ltr'>eos</span> <span class='ocrx_word' id='word_1_544' title='bbox 3216 4758 3389 4830; x_wconf 86' lang='lat' dir='ltr'>viles</span> <span class='ocrx_word' id='word_1_545' title='bbox 3427 4768 3735 4851; x_wconf 81' lang='lat' dir='ltr'>respectu</span> <span class='ocrx_word' id='word_1_546' title='bbox 3762 4759 3895 4828; x_wconf 85' lang='lat' dir='ltr'>sui.</span> 
     </span>
    </p>
   </div>
   <div class='ocr_carea' id='block_1_9' title="bbox 2765 4989 4331 5741">
    <p class='ocr_par' dir='ltr' id='par_1_13' title="bbox 2765 4989 4331 5741">
     <span class='ocr_line' id='line_1_91' title="bbox 2852 4989 4329 5085; baseline -0.002 -23"><span class='ocrx_word' id='word_1_547' title='bbox 2852 4992 3096 5063; x_wconf 80' lang='lat' dir='ltr'>Adhuc</span> <span class='ocrx_word' id='word_1_548' title='bbox 3127 5002 3360 5065; x_wconf 88' lang='lat' dir='ltr'>autem</span> <span class='ocrx_word' id='word_1_549' title='bbox 3388 4996 3609 5085; x_wconf 80' lang='lat' dir='ltr'>pisces</span> <span class='ocrx_word' id='word_1_550' title='bbox 3635 4993 3830 5083; x_wconf 85' lang='lat' dir='ltr'>parvi</span> <span class='ocrx_word' id='word_1_551' title='bbox 3869 4989 4329 5061; x_wconf 88' lang='lat' dir='ltr'>comeduntur</span> 
     </span>
     <span class='ocr_line' id='line_1_92' title="bbox 2766 5099 4329 5194; baseline -0.002 -23"><span class='ocrx_word' id='word_1_552' title='bbox 2766 5127 2803 5171; x_wconf 83' lang='lat' dir='ltr'>a</span> <span class='ocrx_word' id='word_1_553' title='bbox 2844 5105 3113 5194; x_wconf 81' lang='lat' dir='ltr'>magnis</span> <span class='ocrx_word' id='word_1_554' title='bbox 3146 5110 3265 5173; x_wconf 89' lang='lat' dir='ltr'>:et</span> <span class='ocrx_word' id='word_1_555' title='bbox 3329 5101 3484 5172; x_wconf 88' lang='lat' dir='ltr'>ideo</span> <span class='ocrx_word' id='word_1_556' title='bbox 3540 5101 3836 5171; x_wconf 87' lang='lat' dir='ltr'>moritur</span> <span class='ocrx_word' id='word_1_557' title='bbox 3896 5099 4120 5188; x_wconf 84' lang='lat' dir='ltr'>major</span> <span class='ocrx_word' id='word_1_558' title='bbox 4172 5122 4329 5191; x_wconf 82' lang='lat' dir='ltr'>pars</span> 
     </span>
     <span class='ocr_line' id='line_1_93' title="bbox 2765 5206 4328 5301; baseline -0.001 -24"><span class='ocrx_word' id='word_1_559' title='bbox 2765 5207 3111 5300; x_wconf 85' lang='lat' dir='ltr'>pullorum</span> <span class='ocrx_word' id='word_1_560' title='bbox 3194 5209 3487 5301; x_wconf 86' lang='lat' dir='ltr'>piscium</span> <span class='ocrx_word' id='word_1_561' title='bbox 3571 5227 4011 5299; x_wconf 83' lang='lat' dir='ltr'>magnorum.</span> <span class='ocrx_word' id='word_1_562' title='bbox 4080 5206 4328 5275; x_wconf 87' lang='lat' dir='ltr'>Cibum</span> 
     </span>
     <span class='ocr_line' id='line_1_94' title="bbox 2765 5316 4331 5410; baseline -0.003 -22"><span class='ocrx_word' id='word_1_563' title='bbox 2765 5327 2993 5388; x_wconf 87' lang='lat' dir='ltr'>autem</span> <span class='ocrx_word' id='word_1_564' title='bbox 3021 5327 3363 5389; x_wconf 83' lang='lat' dir='ltr'>venantur</span> <span class='ocrx_word' id='word_1_565' title='bbox 3388 5320 3607 5410; x_wconf 85' lang='lat' dir='ltr'>pisces</span> <span class='ocrx_word' id='word_1_566' title='bbox 3638 5318 3707 5385; x_wconf 88' lang='lat' dir='ltr'>in</span> <span class='ocrx_word' id='word_1_567' title='bbox 3748 5324 3948 5385; x_wconf 88' lang='lat' dir='ltr'>nocte</span> <span class='ocrx_word' id='word_1_568' title='bbox 3977 5324 4135 5385; x_wconf 90' lang='lat' dir='ltr'>ante</span> <span class='ocrx_word' id='word_1_569' title='bbox 4163 5316 4331 5385; x_wconf 88' lang='lat' dir='ltr'>solis</span> 
     </span>
     <span class='ocr_line' id='line_1_95' title="bbox 2767 5421 4331 5515; baseline -0.003 -20"><span class='ocrx_word' id='word_1_570' title='bbox 2767 5436 2993 5496; x_wconf 89' lang='lat' dir='ltr'>ortum</span> <span class='ocrx_word' id='word_1_571' title='bbox 3049 5450 3290 5497; x_wconf 82' lang='lat' dir='ltr'>versus</span> <span class='ocrx_word' id='word_1_572' title='bbox 3353 5447 3673 5494; x_wconf 87' lang='lat' dir='ltr'>auroram</span> <span class='ocrx_word' id='word_1_573' title='bbox 3717 5447 3735 5494; x_wconf 95' lang='lat'>:</span> <span class='ocrx_word' id='word_1_574' title='bbox 3801 5431 4083 5515; x_wconf 89' lang='lat' dir='ltr'>propter</span> <span class='ocrx_word' id='word_1_575' title='bbox 4146 5421 4331 5514; x_wconf 88' lang='lat' dir='ltr'>quod</span> 
     </span>
     <span class='ocr_line' id='line_1_96' title="bbox 2769 5531 4331 5628; baseline -0.005 -21"><span class='ocrx_word' id='word_1_576' title='bbox 2769 5539 2975 5609; x_wconf 83' lang='lat' dir='ltr'>etiam</span> <span class='ocrx_word' id='word_1_577' title='bbox 3001 5538 3377 5628; x_wconf 84' lang='lat' dir='ltr'>piscatores</span> <span class='ocrx_word' id='word_1_578' title='bbox 3410 5532 3703 5604; x_wconf 85' lang='lat' dir='ltr'>tendunt</span> <span class='ocrx_word' id='word_1_579' title='bbox 3731 5533 3900 5603; x_wconf 87' lang='lat' dir='ltr'>retia</span> <span class='ocrx_word' id='word_1_580' title='bbox 3954 5531 4031 5600; x_wconf 90' lang='lat' dir='ltr'>in</span> <span class='ocrx_word' id='word_1_581' title='bbox 4067 5539 4265 5600; x_wconf 84' lang='lat' dir='ltr'>nocte</span> <span class='ocrx_word' id='word_1_582' title='bbox 4308 5548 4331 5599; x_wconf 72' lang='grc' dir='ltr'><strong><em>ε</em></strong></span> 
     </span>
     <span class='ocr_line' id='line_1_97' title="bbox 2768 5638 4331 5741; baseline -0.006 -23"><span class='ocrx_word' id='word_1_583' title='bbox 2768 5651 2931 5741; x_wconf 84' lang='lat' dir='ltr'>quia</span> <span class='ocrx_word' id='word_1_584' title='bbox 2966 5656 3132 5718; x_wconf 86' lang='lat' dir='ltr'>tunc</span> <span class='ocrx_word' id='word_1_585' title='bbox 3164 5646 3387 5738; x_wconf 85' lang='lat' dir='ltr'>pisces</span> <span class='ocrx_word' id='word_1_586' title='bbox 3431 5652 3821 5722; x_wconf 85' lang='lat' dir='ltr'>moventur,</span> <span class='ocrx_word' id='word_1_587' title='bbox 3855 5650 3924 5711; x_wconf 90' lang='lat' dir='ltr'>et</span> <span class='ocrx_word' id='word_1_588' title='bbox 3966 5663 4113 5710; x_wconf 86' lang='lat' dir='ltr'>non</span> <span class='ocrx_word' id='word_1_589' title='bbox 4156 5638 4331 5709; x_wconf 88' lang='lat' dir='ltr'>bene</span> 
     </span>
    </p>
   </div>
  </div>
 </body>
</html>
