4919 6371
734 370 862 437 502

1725 352 1811 419 D.
1863 351 2065 419 ALB.
2121 349 2340 422 MAG.
2393 351 2600 421 om).
2653 354 2948 423 PRAED.

734 536 1002 604 nullum
1072 552 1310 597 eorum
1380 550 1529 618 quae
1578 525 1876 593 diximus
1932 526 2192 594 accidat
2226 526 2290 592 ei
2400 550 2672 618 sperma
2715 551 2730 595 :
2775 530 3096 620 quoniam
3129 529 3199 595 in
3239 528 3561 596 omnibus
3590 528 3744 620 plus
3781 551 3952 619 ope-

741 663 889 730 quae
936 641 1636 723 menstruattempore
1679 635 2283 724 impraegnationis,

742 748 940 814 saciet
976 751 1206 811 tamen
1236 752 1638 834 conceptum
1672 742 1964 810 debilem
1996 751 2063 809 et
2099 741 2289 807 brevi

744 864 1055 943 tempore
1109 853 1482 920 viventem.
1554 851 1791 918 Plures
1851 858 2080 916 autem
2137 853 2295 912 sunt

751 960 1072 1028 mulieres
1129 983 1281 1052 quae
1327 960 1544 1027 multo
1612 965 1895 1025 utuntur
1959 956 2167 1028 coitu,
2228 960 2295 1019 et

750 1066 1130 1133 desiderant
1190 1067 1415 1154 ipsum
1474 1061 1934 1134 vehementer,
2023 1065 2086 1124 et
2163 1056 2297 1123 illis

748 1175 1064 1241 matrices
1103 1169 1403 1261 pendent
1451 1168 1728 1234 inferius
1774 1186 2012 1230 versus
2070 1163 2294 1230 locum

751 1304 887 1372 quo
928 1280 1201 1368 attingit
1238 1285 1584 1343 veretrum
1626 1294 1855 1340 secum
1921 1272 2230 1340 coeuntis
2274 1290 2289 1335 ε

750 1399 816 1458 et
845 1388 976 1455 illae
1026 1408 1204 1475 saepe
1244 1391 1594 1451 menstrua
1650 1380 1928 1459 habent,
1975 1380 2301 1470 quoniam

672 1497 675 1498 ⁷
748 1495 877 1559 viae
937 1491 1022 1558 ad
1090 1490 1446 1558 matricem
1503 1489 1573 1555 in
1630 1489 1726 1555 eis
1786 1495 1946 1555 sunt
1981 1486 2152 1552 laxae
2187 1507 2201 1550 ε
2238 1492 2305 1551 et

753 1598 942 1666 calor
1006 1597 1232 1665 coitus
1304 1597 1625 1664 continue
1720 1594 1991 1662 adducit
2055 1591 2309 1659 hutno-

753 1727 887 1773 res,

842 1810 1089 1879 Mulier
1117 1812 1321 1878 etiam
1348 1809 1502 1900 plus
1533 1808 1854 1876 omnibus
1892 1806 2043 1874 aliis
2081 1806 2309 1873 foemi-

752 1922 858 2008 nis
898 1917 1302 1987 animalium
1346 1915 1551 1984 habet
1583 1923 2006 1983 menstruum
2035 1920 2313 2004 propter

754 2026 1235 2094 humiditatem
1288 2031 1354 2091 et
1411 2021 1772 2090 mollitiem
1813 2022 2149 2110 majorem
2206 2019 2311 2087 sui

753 2134 1082 2222 corporis,
1125 2138 1190 2198 et
1251 2132 1413 2221 quia
1491 2128 1866 2198 delicatiori
1919 2135 1986 2196 et
2023 2127 2198 2217 pluri
2249 2132 2317 2193 et

753 2241 951 2308 citius
1005 2236 1437 2306 convertibili
1495 2236 1709 2303 utitur
1756 2235 2204 2312 nutrimentu,
2249 2244 2317 2302 et

764 2346 924 2437 quia
954 2345 1102 2412 lene
1134 2366 1274 2411 non
1304 2343 1602 2432 pilosum
1637 2340 1842 2409 habet
1862 2362 2133 2431 corpus.
2176 2338 2321 2406 Foe-

755 2453 962 2520 minis
1017 2459 1247 2518 autem
1287 2470 1698 2539 magnorum
1746 2447 2145 2515 animalium
2183 2442 2313 2512 sibi

756 2560 986 2629 simile
1054 2556 1542 2650 generantibus
1607 2580 1748 2625 non
1824 2554 2065 2624 accidit
2104 2553 2235 2623 hoc
2296 2575 2312 2620 :

762 2671 1090 2760 quoniam
1119 2668 1372 2737 humor
1401 2690 1607 2758 quem
1645 2665 1924 2744 habent,
1975 2666 2215 2732 transit
2246 2664 2316 2729 in

759 2776 1061 2866 corporis
1109 2775 1592 2866 quantitatem,
1643 2781 1709 2841 et
1774 2773 1845 2839 in
1907 2769 2316 2861 quibusdam

764 2884 915 2951 aliis
956 2886 1198 2951 transit
1253 2882 1327 2948 in
1363 2880 1564 2972 pilos,
1605 2888 1722 2947 aut
1777 2880 1848 2946 in
1885 2900 2167 2968 pennas,
2202 2886 2320 2945 aut

762 2991 837 3057 in
895 3011 1243 3080 squamas,
1304 2995 1423 3055 aut
1489 2986 1656 3054 alias
1709 2985 2037 3077 quasdam
2090 2993 2318 3075 partes

761 3120 911 3189 quoe
951 3119 1090 3165 non
1123 3103 1282 3164 sunt
1348 3096 1422 3162 in
1460 3093 1763 3161 mulieris
1817 3113 2101 3182 corpore
2137 3113 2152 3158 ε
2186 3092 2321 3159 lio-

677 3271 683 3277 ,
759 3229 876 3274 mo
911 3206 1095 3274 enim
1118 3203 1306 3273 solus
1345 3204 1523 3272 inter
1551 3200 1871 3270 animalia
1903 3208 2005 3268 est
2033 3201 2316 3268 omnino

765 3313 945 3382 lenis
974 3312 1299 3403 corporis,
1332 3319 1401 3379 et
1428 3311 1725 3378 maxime
1753 3308 2022 3377 mulier.
2050 3307 2318 3376 Transit

759 3421 966 3489 etiam
1010 3422 1082 3488 in
1125 3419 1276 3488 aliis
1307 3416 1859 3510 quadrupedibus
1888 3416 1958 3482 in
1988 3415 2256 3482 urinam
2292 3425 2309 3470 2

758 3529 1082 3620 quoniam
1112 3525 1590 3619 quadrupedia
1615 3523 1836 3593 multo
1867 3520 2122 3590 habent
2149 3522 2319 3612 spis·

764 3638 1016 3705 siorem
1053 3658 1260 3728 quam
1309 3634 1582 3712 mulier,
1615 3640 1734 3700 aut
1769 3632 1876 3700 vir
1908 3653 1926 3699 t
1987 3630 2315 3721 quoniam

761 3743 1108 3812 turbidum
1149 3741 1337 3834 quod
1373 3741 1694 3833 inspissat
1719 3738 1990 3807 urinam
2028 3737 2101 3805 in
2139 3758 2318 3827 qua-

763 3850 1148 3942 drupedum
1212 3849 1539 3929 l'oeminis,
1599 3846 1865 3936 ejicitur
1916 3845 1988 3912 in
2031 3843 2314 3913 muliere

761 3982 884 4051 per
941 3966 1395 4027 menstruum.
1438 3955 1566 4023 vir
1625 3963 1855 4024 autem
1919 3943 2312 4043 hujusmodi

763 4067 1212 4135 substantiam
1257 4065 1441 4155 ejicit
1476 4084 1629 4133 cum
1687 4061 2066 4131 substantia
2122 4082 2317 4150 sper-

762 4177 964 4242 matis
1005 4196 1022 4240 :
1057 4173 1387 4265 quoniam
1425 4168 1637 4239 homo
1684 4168 1867 4258 ejicit
1899 4165 2099 4235 valde
2128 4164 2316 4233 mul-

760 4289 907 4349 tum
959 4302 1230 4372 sperma
1260 4285 1569 4371 respectu
1609 4275 1716 4344 sui
1752 4277 2085 4366 corporis,
2117 4272 2317 4365 plus-

763 4410 971 4479 quam
1028 4385 1307 4478 aliquod
1373 4385 1665 4454 aliorum
1739 4382 2167 4461 animalium,
2250 4388 2319 4448 et

764 4493 919 4562 ideo
960 4495 1164 4562 etiam
1204 4492 1361 4585 plus
1400 4491 1552 4560 aliis
1594 4488 2009 4559 animalibus
2046 4488 2320 4557 deside-

768 4609 873 4671 rat
899 4602 1182 4671 coitum.

855 4708 1002 4777 viri
1033 4717 1260 4777 autem
1288 4709 1406 4800 qui
1436 4705 1589 4798 plus
1615 4705 2115 4797 spermatizant,
2158 4712 2317 4773 sunt

770 4819 886 4910 qui
915 4840 1055 4886 non
1081 4825 1239 4885 sunt
1272 4814 1566 4884 multum
1594 4814 1858 4882 carnosi
1885 4813 1994 4882 vel
2026 4815 2312 4906 pingues

774 4926 1098 5019 quoniam
1138 4926 1208 4992 in
1238 4923 1373 4992 illis
1409 4922 1648 4992 transit
1685 4941 1951 5012 sperma
1989 4922 2059 4989 in
2090 4923 2315 4991 nutri-

772 5042 1082 5103 mentum
1129 5032 1457 5123 corporis.
1513 5027 1647 5109 Qui
1702 5029 1908 5097 etiam
1968 5028 2039 5096 in
2092 5028 2318 5098 calore

770 5149 931 5212 sunt
993 5139 1155 5217 albi,
1215 5146 1493 5231 propter
1539 5134 2016 5205 humiditatem
2062 5134 2320 5205 habent

770 5249 1126 5319 materiam
1152 5246 1535 5338 spermatis,
1577 5243 1736 5313 licet
1769 5243 2093 5310 virtutem
2126 5264 2317 5334 sper·

769 5379 883 5425 ma
933 5354 1291 5424 facientem
1355 5360 1426 5422 et
1479 5350 1967 5442 impellentem,
2020 5346 2316 5420 habeant

768 5484 1056 5559 paucam
1098 5484 1115 5529 ε
1150 5469 1219 5530 et
1257 5460 1409 5530 ideo
1455 5460 1661 5528 etiam
1701 5480 1838 5525 non
1891 5465 1994 5524 est
2053 5456 2317 5549 impro-

764 5569 1017 5651 babile,
1074 5565 1260 5658 quod
1295 5566 1473 5658 nigri
1511 5586 1649 5635 non
1705 5563 1998 5634 multum
2044 5566 2311 5634 carnosi

768 5699 985 5773 neque
1039 5673 1332 5742 multum
1408 5674 1644 5754 macri,
1700 5671 1994 5743 multum
2057 5668 2312 5743 habent

2406 642 2594 701 ratur
2665 636 2880 701 virtus
2935 635 3148 712 fortis,
3194 636 3467 726 quando
3500 635 3705 704 habet
3736 647 3959 703 mate-

2406 740 2607 818 riam,
2677 763 2881 829 quam
2955 740 3218 809 debilis.
3291 742 3462 809 Cum
3517 751 3748 810 autem
3797 765 3954 811 caro

2406 845 2896 935 multiplicatur
2924 848 2993 914 in
3031 851 3204 928 viro,
3240 856 3403 917 tunc
3432 850 3549 917 illa
3587 849 3959 917 humiditas

2408 974 2559 1042 quae
2616 954 2900 1021 materia
2946 957 3303 1045 spermatis
3362 966 3463 1024 est
3498 956 3956 1047 superfluitaS,

2408 1060 2649 1126 transit
2688 1059 2756 1125 in
2788 1062 3137 1127 materiam
3169 1063 3415 1129 carnis.

2502 1163 2830 1233 Similiter
2867 1174 3091 1233 autem
3123 1167 3445 1236 mulieres
3485 1168 3654 1237 albae
3692 1168 3963 1259 pallen-

2409 1280 2512 1342 tes
2540 1274 3034 1366 aliquantulum
3067 1278 3284 1368 magis
3306 1276 3587 1346 trahunt
3615 1287 3681 1346 et
3709 1284 3967 1368 sugunt

2410 1380 2636 1450 vulvis
2673 1383 2811 1450 suis
2848 1406 3115 1474 sperma
3144 1408 3352 1476 quam
3402 1386 3554 1454 aliae
3591 1410 3607 1454 :
3651 1387 3745 1454 ita
3781 1383 3966 1476 quod

2413 1491 2606 1581 quasi
2638 1500 2978 1583 exsugunt
3003 1501 3068 1560 et
3106 1495 3446 1562 exsiccant
3484 1503 3551 1561 et
3609 1492 3967 1561 debilitant

2412 1598 2599 1664 viros
2645 1620 2660 1663 ε
2709 1605 2773 1666 et
2821 1597 3214 1687 hujusmodi
3265 1599 3544 1690 quidem
3601 1621 3807 1667 causa
3861 1605 3968 1666 est

2414 1704 2723 1795 aptitudo
2797 1707 3379 1798 impraegnationis
3455 1709 3722 1786 talium,
3783 1729 3966 1798 quo-

2415 1814 2602 1880 niam
2634 1813 2871 1882 albedo
2901 1814 3237 1905 significat
3284 1815 3643 1884 mollitiem
3703 1816 3773 1882 in
3839 1815 3962 1895 εἰς,

2416 1919 2640 2010 pallor
2690 1927 2917 1989 autem
2974 1921 3488 1991 destitutionem
3547 1946 3587 1991 a
3633 1922 3967 2013 sanguine

2422 2036 2773 2096 menstruo
2865 2029 3206 2119 superfluo
3279 2052 3296 2097 ε
3368 2039 3438 2099 et
3521 2039 3683 2098 tunc
3750 2029 3972 2119 magis

2423 2135 2795 2204 emundata
2817 2138 3018 2205 trahit
3050 2159 3318 2226 sperma
3371 2136 3456 2205 de
3486 2145 3756 2205 veretro
3799 2137 3974 2204 sicut

2422 2247 2732 2309 ventosa.

2517 2347 2678 2416 Ilaec
2724 2349 2931 2439 igitur
2981 2357 3138 2416 sunt
3183 2351 3517 2442 principia
3568 2351 3979 2441 impraegna·

2426 2455 2634 2522 tionis
2698 2462 2764 2523 et
2824 2455 3281 2545 generationis
3321 2457 3394 2523 in
3424 2458 3574 2525 viro
3613 2465 3682 2525 et
3725 2456 3978 2524 mulie-

2429 2582 2525 2629 re.
