4919 6371
2047 446 2210 514 Llss.
2262 446 2389 512 xil
2441 446 2556 512 DF.
2604 447 3192 527 ANIMALlBUS,
3244 451 3554 519 TRACT.
3612 452 3670 519 ll

1221 643 1302 686 ea
1342 622 1467 688 sub
1535 619 1842 709 partibus
1907 619 2206 685 carnosis
2243 642 2256 685 z
2320 618 2384 684 in
2454 620 2772 687 membris

1218 736 1445 793 autem
1487 726 1694 792 motis
1725 726 1974 813 saepius
2015 735 2288 815 propter
2342 726 2774 794 confricatio-

1215 856 1373 899 nem
1415 830 1790 898 consternit
1847 831 2360 923 cartilaginem:
2423 834 2494 900 in
2547 856 2771 899 mem-

1217 939 1355 1005 bris
1382 945 1613 1003 autem
1647 958 1798 1026 quae
1829 960 1969 1005 non
2011 949 2395 1019 moventur,
2433 942 2619 1031 ponit
2655 962 2772 1004 os-

1211 1065 1286 1108 sa
1314 1049 1594 1130 propter
1622 1043 2025 1123 custodiam,
2062 1049 2232 1113 sicut
2273 1046 2553 1113 costatio
2604 1065 2771 1109 con-

1211 1150 1435 1215 tineus
1476 1157 1552 1216 ut
1590 1152 1982 1220 custodiens
2030 1163 2311 1243 pectus:
2385 1152 2527 1219 haee
2585 1149 2766 1215 enim

1210 1256 1494 1324 costatio
1537 1260 1838 1328 nonfuit
1870 1269 2093 1328 creata
2139 1262 2266 1328 nisi
2334 1259 2415 1325 ad
2481 1257 2765 1323 salutem

1207 1365 1681 1434 membrorum
1716 1370 2133 1436 anteriorum
2192 1371 2287 1435 rei
2354 1366 2769 1433 convenien-

1213 1476 1411 1541 tium.
1450 1474 1622 1543 Ossa
1680 1484 1910 1543 autem
1946 1477 2014 1541 in
2071 1476 2306 1543 eadem
2361 1476 2760 1553 costatione,

1209 1605 1361 1672 quae
1403 1585 1622 1650 ventri
1693 1585 2101 1661 vicinantur,
2174 1593 2330 1651 sunt
2386 1606 2617 1674 parva,
2680 1606 2763 1649 ne

1206 1690 1468 1757 ventris
1498 1698 1843 1759 tumorem
1876 1693 2247 1782 impediant
2289 1717 2304 1760 :
2366 1693 2480 1783 qui
2538 1702 2766 1760 tumor

1209 1821 1293 1864 ex
1331 1797 1602 1868 duobus
1633 1800 1901 1880 accidit,
1947 1824 2031 1870 ex
2097 1801 2246 1871 cibo
2312 1802 2622 1869 videlicet
2696 1800 2762 1866 in

1207 1905 1529 1975 masculis
1570 1916 1635 1976 et
1672 1907 1994 1989 l'oeminis,
2031 1918 2209 1977 etex
2258 1910 2765 1999 impraegnatio-

1207 2039 1291 2084 ne
1322 2017 1394 2085 in
1420 2018 1723 2086 heminis
1773 2018 1959 2086 solis.

1291 2127 1611 2217 Amplius
1682 2135 1910 2195 antem
1994 2150 2147 2195 ossa
2206 2127 2516 2194 animalis
2582 2127 2764 2217 quod

1201 2243 1488 2323 generat
1525 2235 1653 2301 sibi
1688 2235 1937 2314 simile,
1974 2237 2148 2302 intra
2180 2244 2245 2303 et
2281 2244 2469 2302 extra
2529 2234 2660 2301 fere
2694 2236 2762 2301 in

1204 2342 1528 2409 omnibus
1568 2352 1723 2410 sunt
1770 2344 2141 2411 secundum
2188 2367 2392 2411 unam
2449 2354 2515 2412 et
2570 2366 2763 2412 eam-

1204 2452 1361 2519 dem
1389 2453 1909 2544 dispositionem
1978 2455 2048 2522 in
2078 2455 2320 2523 duritie
2368 2466 2430 2523 et
2486 2456 2762 2523 fortitu-

1202 2558 1360 2628 dine
1395 2583 1411 2627 :
1448 2569 1514 2629 et
1543 2584 1700 2630 ossa
1730 2562 1933 2652 hujus
1971 2564 2283 2631 animalis
2330 2574 2485 2631 sunt
2550 2566 2762 2654 majo-

1204 2695 1272 2737 ra
1306 2670 1576 2739 ossibus
1618 2672 1936 2740 animalis
1975 2672 2102 2739 sibi
2143 2673 2359 2741 simile
2392 2697 2526 2741 non
2558 2698 2760 2765 gene-

1203 2779 1443 2855 rantis,
1478 2779 1923 2868 proportione
1954 2777 2180 2845 hahita
2210 2779 2290 2846 ad
2317 2783 2756 2869 quantitatem

1198 2886 1505 2974 eorporis
1536 2887 1666 2951 sui.
1708 2885 1782 2951 ln
1845 2885 2074 2952 multis
2114 2888 2294 2953 enim
2374 2888 2535 2954 locis
2602 2896 2758 2955 sunt

1198 2989 1522 3054 animalia
1557 2989 1757 3057 vadle
1818 3012 2088 3079 magna,
2152 2992 2321 3057 sicut
2370 2991 2757 3082 elephantes

1202 3096 1270 3161 in
1308 3095 1525 3174 lmlia,
1561 3104 1624 3163 et
1660 3098 1726 3163 in
1771 3097 1920 3164 aliis
1950 3098 2143 3165 terris
2182 3098 2413 3165 calidis
2433 3108 2499 3166 et
2536 3101 2750 3177 siccis,

1196 3216 1260 3274 et
1302 3209 1371 3274 in
1411 3206 1796 3297 aquilonari
1831 3218 1892 3275 et
1936 3209 2004 3274 in
2045 3209 2300 3276 caeteris
2367 3211 2555 3277 terris
2611 3221 2754 3279 cete

1196 3315 1481 3406 grandia
1516 3338 1532 3382 z
1568 3324 1630 3383 et
1691 3316 1966 3406 quando
2024 3316 2270 3384 animal
2300 3317 2491 3384 fuerit
2528 3307 2755 3410 inagni

1195 3424 1529 3512 eorporis,
1575 3422 1834 3513 indiget
1874 3445 2124 3514 magno
2165 3433 2697 3492 sustentamento
2737 3449 2751 3495 ε

1202 3539 1267 3597 et
1335 3538 1600 3618 oportet
1662 3528 1841 3596 istud
1934 3538 2544 3599 sustentamentum
2609 3557 2754 3599 esse

1196 3636 1439 3704 fortius
1468 3643 1534 3704 et
1563 3635 1803 3703 durius
1854 3645 2131 3727 propter
2185 3639 2754 3727 ponderositatem

1195 3745 1536 3821 animalis,
1581 3747 1922 3836 praecipue
1963 3747 2235 3836 quando
2276 3748 2524 3815 animal
2558 3748 2753 3817 l'uerit

1198 3854 1396 3922 valde
1436 3854 1610 3922 tort·-
1642 3863 1709 3922 et
1757 3857 1995 3923 vivens
2041 3880 2122 3923 ex
2168 3858 2549 3934 venatione,
2583 3859 2757 3925 sicut

1192 3963 1548 4030 unicornis
1576 3969 1643 4028 et
1686 3962 2039 4052 panthera.
2076 3967 2244 4030 (issa
2276 3987 2435 4031 vero
2479 3988 2757 4032 maseu-

1193 4068 1418 4136 lorum
1450 4078 1612 4137 sunt
1644 4069 1925 4136 fortiora
1964 4070 2229 4138 ossibus
2295 4071 2749 4150 fii-minarum,

1197 4176 1535 4264 praecipue
1580 4175 1647 4241 in
1681 4172 1788 4241 his
1839 4174 2249 4242 animalibus
2305 4200 2454 4267 qua¹
2520 4199 2755 4244 carnes

1192 4282 1588 4360 comedunt,
1634 4283 1810 4351 sicut
1866 4307 2020 4350 ossa
2087 4283 2301 4350 hamis
2357 4307 2506 4376 qum
2560 4284 2753 4352 valde

1193 4398 1351 4457 sunt
1377 4390 1573 4468 dura,
1621 4391 1713 4457 ita
1755 4391 1938 4482 quod
1988 4392 2260 4482 quando
2315 4393 2750 4473 colliduntur,

1192 4499 1423 4588 ignem
1463 4499 1782 4566 emittant
1820 4499 1992 4566 sieut
2042 4501 2285 4568 emicat
2317 4501 2492 4590 ignis
2558 4524 2597 4567 a
2651 4500 2757 4568 la-

1194 4604 1467 4695 pidibus
1494 4603 1780 4673 collisis.
1817 4604 2147 4674 Similiter
2199 4617 2422 4675 autem
2456 4607 2524 4674 in
2598 4631 2756 4675 cor-

1191 4737 1357 4805 pore
1388 4713 1695 4805 delphini
1735 4724 1798 4782 et
1844 4715 2100 4784 balenoe
2147 4715 2302 4785 licet
2337 4718 2470 4784 sint
2538 4741 2757 4808 aqua-

1190 4822 1349 4900 tica,
1392 4831 1553 4890 sunt
1585 4846 1743 4890 ossa
1782 4831 1847 4890 et
1880 4847 2016 4890 non
2048 4825 2283 4913 spinae,
2319 4847 2400 4892 eo
2427 4825 2609 4915 quod
2637 4850 2757 4916 ge-

1193 4937 1439 4996 nerant
1468 4929 1793 4996 animalia
1835 4931 1961 4997 sihi
2020 4930 2293 4998 similia.
2367 4930 2439 4998 ln
2498 4934 2755 4999 anima-

1191 5036 1370 5104 libus
1401 5059 1565 5104 vero
1600 5033 2012 5104 habentibus
2051 5041 2452 5128 sanguinem
2492 5049 2558 5108 et
2615 5064 2750 5107 nnn

1190 5142 1683 5235 generantibus
1711 5143 2035 5211 animalia
2065 5145 2192 5212 sibi
2215 5146 2489 5225 similia,
2513 5155 2753 5214 natura

1195 5252 1484 5318 mutavit
1522 5251 1938 5318 creationem
1969 5252 2325 5341 paulatim,
2352 5253 2521 5319 sicut
2551 5277 2754 5344 appa·

1190 5369 1293 5427 ret
1326 5361 1392 5426 in
1425 5358 1695 5437 avibuS,
1741 5360 2066 5450 quoniam
2107 5384 2258 5428 ossa
2290 5362 2519 5427 avium
2558 5361 2754 5430 ‹lebi-

1186 5466 1361 5534 liora
1389 5473 1553 5533 sunt
1579 5465 1733 5534 aliis
1762 5466 2053 5534 ossibus.
2094 5466 2167 5535 ln
2201 5468 2493 5558 piscihus
2520 5479 2749 5538 autem

1189 5571 1559 5641 ovantibus
1597 5583 1840 5641 natura
1873 5575 2125 5643 creavit
2165 5576 2427 5665 spinam
2467 5598 2481 5641 :
2514 5585 2573 5642 et
2634 5601 2751 5644 os-

1189 5703 1263 5746 sa
1294 5679 1501 5747 etiam
1543 5684 1964 5770 serpentium
1995 5690 2150 5750 sunt
2182 5681 2263 5749 de
2312 5690 2550 5750 natura
2606 5685 2749 5773 spi-

1191 5809 1296 5855 nae
1326 5786 1642 5877 piscium,
1679 5788 1812 5856 nisi
1877 5789 2126 5858 fuerint
2182 5791 2408 5881 magni
2465 5814 2749 5881 serpen-

4319 457 4447 521 635

2887 629 3037 687 tes:
3080 620 3277 687 valde
3341 623 3523 687 enim
3592 623 3823 710 magni
3885 632 4235 711 serpentes
4294 625 4450 693 forti

2887 729 3193 818 indigent
3248 735 3809 802 sustentamento,
3866 731 4041 796 sieut
4107 741 4451 801 sustenta-

2885 839 3115 898 mento
3149 830 3332 920 quod
3364 842 3463 898 est.
3504 832 3570 898 in
3599 833 3874 898 animali
3919 822 4276 923 generanti
4309 840 4450 905 ani-

2884 938 3044 1003 mal.
3090 938 3352 1005 Natura
3387 949 3615 1007 autem
3664 939 3855 1007 celeti
3926 951 4027 1008 est
4073 950 4299 1009 creata
4362 968 4447 1011 ex

2882 1046 3092 1135 spinis
3133 1056 3198 1114 et
3227 1048 3623 1139 cartilagine
3661 1071 3675 1114 :
3730 1052 4193 1116 necessarium
4261 1052 4442 1118 enim

2882 1158 3007 1229 est,
3050 1160 3123 1218 ut
3151 1152 3345 1220 celeti
3376 1155 3464 1219 sit
3502 1150 3828 1219 humidus
3874 1176 3889 1219 :
3933 1164 4001 1219 et
4031 1154 4184 1221 ideo
4236 1179 4447 1246 opor-

2880 1265 2970 1325 tet
3003 1258 3503 1349 aliquantulum
3536 1259 3742 1327 molle
3775 1283 3923 1328 esse
3953 1262 4100 1349 ejus
4165 1273 4441 1331 susten-

2878 1372 3281 1432 tamentum.
3331 1365 3496 1432 Pars
3528 1374 3757 1433 autem
3789 1370 4127 1435 terrestris
4158 1392 4308 1460 quae
4340 1378 4440 1437 est

2875 1474 2944 1539 in
2983 1472 3113 1539 isto
3154 1473 3457 1551 animali,
3498 1476 3810 1542 transivit
3859 1477 3928 1542 in
3996 1478 4285 1544 corium.
4358 1478 4438 1545 In

2875 1580 3152 1646 animali
3210 1590 3437 1649 autem
3495 1594 3905 1673 generante·
3947 1583 4205 1651 animal
4281 1591 4439 1651 sunt

2875 1684 3087 1754 multa
3118 1709 3274 1755 ossa
3310 1688 3560 1756 similia
3627 1690 3957 1758 creationi
4023 1690 4439 1782 cartilaginis

2874 1797 2943 1862 in
2975 1795 3139 1864 locis
3171 1797 3528 1888 inquibus
3586 1800 3854 1879 accidit,
3919 1808 3994 1867 ut
4050 1823 4208 1891 pars
4266 1801 4438 1868 dura

2874 1927 3012 1971 non
3077 1906 3165 1972 sit
3222 1908 3506 1974 omnino
3578 1907 3807 1976 mollis
3882 1908 4433 2000 mucilaginosa:

2871 2022 3229 2102 propterea
3262 2015 3446 2105 quod
3486 2016 3617 2082 nisi
3649 2039 3688 2082 a
3727 2038 3929 2083 carne
3962 2025 4253 2095 tenetur,
4316 2018 4443 2085 sic-

2874 2131 2944 2188 ut
2978 2122 3046 2188 in
3075 2123 3379 2190 auricula
3409 2132 3475 2191 et
3496 2146 3662 2192 naso
3696 2126 3766 2191 in
3797 2123 3952 2203 loco
3983 2126 4437 2214 praeeminen-

2873 2230 2980 2297 tiae
3010 2231 3157 2297 nasi
3189 2232 3515 2299 anterius.
3551 2230 3813 2299 Natura
3860 2242 4089 2302 autem
4144 2235 4319 2302 ossis
4370 2243 4435 2302 et

2868 2336 3283 2428 cartilaginis
3321 2347 3422 2406 est
3459 2339 3723 2419 eadem,
3769 2349 3838 2407 et
3868 2364 4009 2408 non
4039 2340 4269 2409 differt
4306 2342 4438 2410 nisi

2868 2446 3240 2513 secundum
3274 2447 3521 2513 durum
3565 2455 3633 2515 et
3662 2449 3891 2514 minus
3931 2448 4204 2517 durum.

2955 2553 3272 2644 Amplius
3327 2563 3558 2622 autem
3644 2556 3919 2646 quando
4014 2556 4438 2626 abscinditur

2869 2661 3192 2752 cartilago
3233 2684 3383 2751 quae
3416 2671 3517 2728 est
3559 2664 3625 2729 in
3665 2662 4087 2740 ambulante,
4123 2673 4225 2731 est
4290 2665 4433 2732 sine

2868 2767 3165 2834 medulla
3210 2791 3223 2835 :
3261 2769 3553 2836 medulla
3588 2770 3770 2837 enim
3814 2792 3951 2836 non
4002 2780 4224 2860 potest
4287 2796 4436 2839 esse

2869 2889 3055 2946 extra
3087 2903 3287 2946 suum
3322 2903 3440 2946 vas
3471 2880 3786 2948 distincta
3817 2904 3940 2970 per
3980 2904 4049 2948 se
4089 2903 4103 2948 :
4142 2882 4197 2947 si
4248 2884 4433 2950 enim

2868 2997 3038 3054 esset
3081 2987 3395 3055 distincta
3425 3012 3548 3078 per
3568 3012 3666 3068 se,
3720 2988 4153 3057 induraretur
4218 2992 4435 3058 etde-

2866 3094 3091 3161 ficeret
3122 3093 3369 3184 frigore
3411 3095 3584 3162 aeris
3627 3106 3743 3162 aut
3776 3095 4003 3163 calore
4053 3097 4435 3166 substantia

2864 3202 3366 3292 cartilaginosa,
3400 3212 3516 3270 aut
3576 3213 3959 3272 remaneret
3989 3204 4218 3271 mollis
4275 3229 4437 3273 mu—

2864 3311 3258 3402 cilaginosa.
3296 3310 3504 3378 Celeti
3537 3334 3702 3378 vero
3735 3321 3983 3378 natura
4014 3312 4457 3403 spondilimn

2863 3429 2960 3487 est
3027 3419 3525 3508 cartilaginosa,
3608 3430 3674 3488 et
3756 3422 4075 3489 similiter
4141 3424 4433 3513 piscium

2864 3528 2977 3619 qui
3009 3537 3343 3596 vocantur
3366 3530 3586 3596 sturio
3617 3538 3685 3596 et
3721 3530 3894 3597 leus-o
3926 3553 3940 3597 :
3979 3540 4042 3597 et
4077 3532 4255 3600 intra
4288 3533 4429 3622 ipsa

2864 3644 2963 3703 est
2994 3636 3259 3704 modica
3291 3635 3610 3704 medulla.

2950 3744 3265 3835 Amplius
3285 3755 3514 3813 autem
3539 3754 3756 3814 tactus
3776 3749 4037 3815 ossium
4057 3747 4431 3816 secundnm

2864 3874 3138 3918 sensum
3169 3860 3268 3919 est
3300 3853 3471 3919 sient
3502 3861 3723 3920 taetus
3758 3855 4230 3921 membrorum
4263 3879 4435 3922 con-

2862 3960 3214 4037 similium,
3251 3983 3400 4052 qnae
3442 3971 3599 4028 sunt
3641 3986 3936 4053 ungnes,
3982 3972 4047 4031 et
4125 3963 4426 4054 ungulae,

2861 4080 2921 4135 et
2954 4068 3179 4146 solere,
3213 4078 3279 4137 et
3318 4071 3580 4138 corium
3634 4071 4093 4162 quorumdam
4154 4073 4427 4141 anima-

2863 4175 3027 4242 lium
3053 4198 3484 4266 rugosorum,
3513 4185 3578 4244 et
3610 4186 3828 4244 rostra
3854 4179 4089 4244 avium
4123 4200 4138 4244 :
4172 4181 4429 4245 creatio

2861 4282 3041 4350 enim
3109 4283 3419 4349 «ninnium
3502 4282 3789 4349 istorum
3872 4284 3939 4349 in
4024 4284 4431 4373 corporibus

2860 4391 3087 4457 avium
3128 4398 3223 4456 est
3287 4390 3369 4456 ad
3436 4389 3891 4481 vigorandum
3970 4399 4035 4458 et
4091 4391 4418 4481 adjuvan-

2860 4498 3021 4565 dum
3056 4519 3071 4564 :
3143 4506 3209 4565 et
3267 4498 3500 4565 omnia
3575 4507 3730 4566 sunt
3811 4497 4259 4590 homogenia,
4331 4503 4424 4567 ita

2859 4604 3039 4696 quod
3076 4612 3141 4671 et
3181 4613 3402 4671 totum
3451 4614 3514 4670 et
3569 4627 3725 4694 pars
3783 4607 4298 4674 communicant
4359 4607 4425 4674 id

2860 4712 3137 4779 nornine
3182 4713 3551 4802 :quoniam
3596 4711 3784 4780 solea
3851 4722 3919 4781 et
3993 4735 4152 4804 pars
4219 4712 4424 4781 solere

2856 4820 3368 4888 communicant
3409 4822 3478 4887 in
3527 4822 3807 4888 nomine
3876 4820 4107 4900 soleae,
4170 4832 4239 4891 et
4294 4824 4422 4890 sibi

2857 4937 2957 4996 est
2988 4929 3055 4994 in
3097 4936 3241 4996 toto
3271 4936 3337 4996 et
3378 4929 3445 4995 in
3487 4937 3678 5018 parte
3708 4951 3950 5009 cornu,
3986 4938 4049 4999 et
4094 4932 4164 4998 in
4196 4933 4431 4998 omni-

2861 5036 2982 5102 hus
3012 5035 3185 5102 aliis.
3223 5034 3299 5103 ln
3328 5034 3435 5102 his
3475 5036 3659 5102 enim
3691 5037 4003 5127 partibus
4077 5039 4423 5129 ingeniata

2856 5151 2953 5210 est
2996 5151 3235 5210 natura
3284 5144 3353 5209 in
3384 5139 3514 5210 hoc
3560 5142 3743 5233 quod
3802 5143 3988 5212 dedit
4054 5145 4424 5235 uniruique

2856 5250 3133 5320 animali
3181 5250 3267 5319 ad
3304 5249 3595 5319 salutem
3635 5273 3828 5319 arma
3882 5252 4300 5321 defensionis
4356 5262 4426 5321 et

2855 5359 3413 5450 impugnationis.

2945 5465 3042 5532 Ex
3081 5464 3213 5533 hoc
3239 5472 3468 5532 autem
3508 5487 3756 5556 genere
3810 5465 4286 5534 membrorum
4319 5475 4422 5534 est

2856 5581 3094 5640 natura
3132 5571 3467 5648 dentium,
3504 5571 3620 5661 qui
3659 5581 3821 5641 sunt
3866 5572 3950 5640 ad
4022 5571 4421 5640 molendum

2853 5692 2916 5749 et
2955 5680 3395 5749 dividendum
3427 5678 3657 5747 cibum
3694 5680 3765 5747 in
3796 5680 3904 5748 his
3963 5703 4116 5773 quae
4183 5679 4421 5747 dentes

2853 5789 3107 5860 hahent
3133 5788 3479 5858 omnibus.
3553 5787 3631 5857 In
3705 5791 4119 5881 quibusdam
4187 5796 4420 5856 autem
