4919 6371
2052 407 2220 472 LIB.
2274 404 2304 468 Ι
2349 400 2471 468 DE
2515 394 3108 491 ANIMALIBUS,
3160 409 3469 482 TRACT.
3523 414 3583 482 Il
4343 432 4422 497 61

1208 602 1282 646 ce
1320 587 1603 645 vocatur
1630 577 1827 653 meri,
1863 574 2047 663 qnod
2076 573 2145 639 in
2177 572 2408 641 Graeco
2432 577 2753 655 οἶσοφάγος,

1205 685 1472 759 dicitur,
1508 683 1696 772 quod
1725 689 1790 749 et
1822 703 1942 748 nos
1972 681 2412 772 oesopltaqum
2443 682 2754 762 dicimus,

1209 792 1300 856 ita
1348 788 1529 878 quod
1573 788 1855 855 inferior
1908 787 2101 878 pellis
2152 788 2401 881 linguae
2456 811 2593 856 una
2658 796 2760 855 est

1209 917 1363 961 cum
1393 893 1569 983 pelle
1607 895 1911 963 interiori
1940 894 2317 987 oesophagi,
2350 904 2415 964 et
2453 917 2609 962 cum
2650 894 2761 959 in-

1206 1001 1435 1067 teriori
1493 1001 1669 1089 pelle
1735 1003 2091 1072 stomachi.
2143 1003 2471 1094 Superius
2526 1006 2757 1066 autem

1206 1106 1411 1174 habet
1440 1109 1963 1179 commissuram
2012 1111 2381 1188 nervalem,
2424 1108 2620 1199 quasi
2670 1105 2759 1172 sit

1208 1214 1524 1284 distincta
1560 1217 1741 1286 linea
1787 1220 1986 1288 ducta
2032 1243 2151 1309 per
2198 1217 2500 1285 medium
2529 1213 2759 1304 longi-

1203 1318 1459 1387 tudinis
1497 1322 1644 1411 ejus
1677 1344 1693 1390 :
1731 1332 1807 1391 ut
1851 1323 2013 1390 dicit
2055 1323 2355 1389 Joannes
2384 1319 2757 1386 Damasce-

1204 1449 1354 1506 nuS‚
1399 1436 1499 1497 est
1538 1432 1730 1520 quasi
1789 1431 1877 1497 sit
1930 1429 2308 1519 composita
2355 1449 2440 1494 ex
2490 1426 2755 1493 duabus

1200 1528 1474 1621 linguis.
1512 1530 1796 1600 Creator
1844 1532 2026 1598 enim
2066 1529 2437 1620 quemlibet
2474 1553 2751 1599 sensum

1198 1636 1282 1703 ad
1312 1639 1541 1705 minus
1571 1637 1969 1728 duplicavit,
1994 1643 2070 1704 ut
2098 1636 2260 1704 dicit
2291 1661 2307 1706 ε
2343 1645 2421 1705 ut
2446 1637 2505 1704 si
2537 1660 2752 1704 unum

1199 1767 1537 1835 organum
1619 1744 1893 1834 periret,
1982 1743 2270 1812 alterum
2345 1745 2745 1813 salvaretur.

1200 1852 1535 1943 Linguam
1564 1861 1796 1921 autem
1853 1876 1938 1920 ex
1988 1851 2249 1921 duabus
2296 1859 2575 1941 propter
2617 1849 2753 1918 hoc

1201 1962 1587 2051 composuit
1623 1960 1898 2055 linguiS.
1934 1960 2021 2028 Et
2048 1960 2210 2052 quia
2236 1959 2473 2050 lingua
2500 1965 2603 2025 est
2639 1979 2751 2025 ex·

1203 2067 1533 2135 tensibilis
1561 2076 1754 2137 extra
1783 2091 1885 2147 os,
1930 2076 1998 2138 et
2043 2069 2222 2135 intra
2260 2066 2487 2155 ipsum
2534 2065 2751 2155 plica-

1199 2174 1377 2256 bilis,
1435 2176 1589 2244 ideo
1643 2185 1835 2267 parte
1900 2176 2046 2265 ejus
2101 2174 2398 2243 abscissa
2442 2178 2751 2241 remanet

1197 2280 1419 2351 adhuc
1469 2281 1770 2373 loquela,
1818 2282 1950 2348 nisi
2005 2288 2225 2349 totum
2282 2288 2486 2349 tenue
2533 2279 2749 2369 ipsius

1195 2388 1657 2459 abscindatur.

1276 2497 1398 2565 Est
1462 2507 1693 2567 autem
1750 2497 2181 2567 mediocriter
2234 2496 2461 2565 mollis
2522 2496 2746 2565 carnis

1188 2604 1446 2696 lingua,
1481 2607 1634 2674 ideo
1689 2606 1876 2696 quod
1922 2605 2093 2675 bene
2132 2606 2397 2697 frangat
2433 2626 2640 2673 voces
2678 2611 2746 2672 et

1192 2712 1583 2781 moduletur
1616 2735 1632 2780 ε
1665 2711 1800 2781 hoc
1856 2713 2039 2780 enim
2070 2712 2364 2780 multum
2404 2710 2745 2779 mollifieri

1190 2840 1328 2885 non
1377 2824 1631 2909 posset,
1684 2819 1860 2885 sicut
1903 2819 2113 2885 scitur
2160 2815 2240 2884 de
2291 2815 2396 2883 his
2452 2838 2603 2905 quae
2659 2814 2743 2883 de

1190 2943 1361 2989 sono
1427 2929 1495 2988 et
1557 2943 1726 2989 voce
1794 2921 2136 3011 disputata
2194 2927 2377 2988 sunt.
2454 2918 2745 3008 Propter

1191 3025 1399 3116 quod,
1460 3027 1636 3094 sicut
1681 3025 2005 3105 diximuS,
2061 3026 2129 3093 in
2187 3032 2427 3116 gustus
2490 3023 2742 3092 virtute

1188 3132 1421 3226 lingua
1460 3158 1532 3203 se
1570 3132 1777 3203 habet
1814 3133 1997 3228 ‘sicut
2035 3134 2090 3202 is
2129 3133 2247 3224 qui
2277 3155 2553 3224 sapores
2577 3154 2745 3224 pro·-

1188 3242 1325 3319 bat,
1358 3249 1428 3311 et
1474 3242 1545 3310 in
1577 3240 1901 3310 molendo
1953 3239 2180 3309 cibum
2251 3262 2323 3309 se
2362 3237 2569 3308 habet
2604 3239 2742 3307 sic-

1185 3357 1257 3416 ut
1287 3371 1533 3418 manus
1562 3346 2067 3429 molendinarii,
2101 3355 2166 3416 et
2195 3346 2266 3414 in
2297 3348 2743 3439 interpretan-

1184 3454 1272 3523 do
1301 3478 1693 3526 sermonem
1724 3478 1799 3526 se
1837 3453 2041 3524 habet
2099 3453 2277 3523 sicut
2305 3453 2499 3546 digiti
2543 3453 2743 3521 fistu-

1182 3562 1445 3647 latoris,
1496 3565 1615 3657 qui
1671 3561 1808 3632 huc
1854 3562 2149 3654 illucque
2198 3570 2356 3630 ante
2400 3560 2740 3630 foramina

1184 3669 1427 3739 fistula}
1503 3671 1701 3752 moti,
1770 3667 2145 3760 frangendo
2209 3690 2415 3738 voces
2480 3666 2740 3736 faciunt

1186 3779 1597 3851 modulatas.

1272 3882 1517 3952 Melior
1540 3889 1772 3953 autem
1800 3881 2191 3974 linguarum
2210 3880 2586 3950 secundum
2615 3902 2741 3973 po·

1188 3991 1471 4058 tentiam
1508 3988 1861 4081 loquendi,
1912 3995 2014 4058 est
2056 3986 2293 4078 lingua
2349 4010 2501 4078 quae
2563 3986 2738 4055 bene

1186 4105 1738 4167 commensurata
1772 4104 1877 4166 est
1911 4096 1981 4165 in
2024 4094 2449 4187 longitudine
2494 4102 2563 4163 et
2590 4093 2739 4164 lati·

1186 4205 1444 4286 tudine,
1485 4214 1554 4276 et
1607 4229 1763 4297 qum
1818 4213 1922 4274 est
1955 4204 2226 4275 subtilis
2281 4206 2353 4274 in
2411 4203 2735 4274 anteriori

1099 4326 1117 4353 '
1183 4315 1633 4383 extremitate.
1694 4312 1985 4395 Quando
2052 4322 2281 4383 autem
2348 4334 2598 4403 magna
2636 4317 2739 4380 est

1181 4429 1245 4490 et
1274 4421 1409 4490 lata
1437 4420 1636 4492 valde
1666 4429 1786 4489 aut
1813 4427 2029 4503 curta,
2061 4443 2138 4489 ac
2169 4420 2227 4487 si
2256 4442 2531 4511 spasmo
2561 4441 2737 4489 con-

1182 4534 1393 4595 tracta
1419 4525 1532 4609 sit,
1565 4548 1707 4595 non
1735 4525 1908 4594 bene
1953 4524 2185 4593 obedit
2229 4523 2738 4615 interpretatio-

1181 4632 1278 4711 ni,
1310 4631 1486 4700 sieut
1515 4632 1842 4701 diximus.
1877 4632 1959 4700 Et
1988 4631 2150 4723 quia
2181 4630 2415 4722 lingua
2445 4630 2516 4698 in
2545 4629 2736 4699 mul-

1180 4745 1285 4805 tos
1331 4740 1651 4829 congruit
1696 4762 1886 4817 usus,
1919 4738 2071 4806 ideo
2100 4738 2253 4829 plus
2290 4736 2497 4806 babet
2542 4737 2613 4805 in
2659 4761 2733 4807 se

1180 4843 1260 4913 de
1288 4846 1517 4914 nervis
1558 4845 1862 4926 motivis,
1896 4857 1957 4912 et
1990 4845 2355 4923 sensitivis,
2400 4855 2461 4910 vt
2503 4844 2583 4911 de
2615 4872 2731 4911 m·-

1177 4951 1387 5032 teriis,
1421 4961 1490 5022 et
1534 4952 1756 5033 venis,
1789 4975 1995 5044 quam
2025 4950 2305 5044 aliquod
2344 4949 2730 5019 membrum

1176 5059 1398 5128 simile
1428 5060 1556 5129 sibi
1593 5060 1662 5129 in
1695 5068 1840 5129 toto
1871 5057 2178 5153 corpore.

1260 5167 1546 5259 Lingua„-
1576 5174 1807 5238 autem
1854 5169 2135 5238 inferior
2179 5192 2336 5260 pars
2371 5166 2578 5237 habet
2603 5166 2731 5236 ad-

1174 5275 1500 5345 ditionem
1530 5279 1824 5369 spissam
1852 5277 1969 5346 ubi
1998 5277 2428 5369 protenditur
2453 5275 2525 5344 in
2560 5282 2728 5367 gut-

1240 5642 1260 5680 ¹
1295 5642 1399 5703 vel
1425 5642 1645 5703 melius
1666 5643 1745 5702 ob
1767 5639 1895 5715 οἴω,
1924 5643 2085 5702 verb.
2117 5642 2279 5700 inus.
2310 5656 2526 5715 naon.
2556 5636 2721 5697 verbi

1169 5731 1339 5810 qipa,
1368 5734 1530 5794 unde
1559 5733 1917 5809 proveniunt
1945 5732 2147 5791 futura
2173 5726 2335 5803 οἴσω,
2380 5725 2604 5804 οἴσομαι
2660 5731 2723 5785 et

2871 578 2981 637 tur
3009 584 3071 640 et
3101 578 3361 665 gulam,
3400 591 3468 650 et
3514 583 3640 651 sub
3692 584 3808 653 illa
3856 595 4048 677 parte
4087 602 4247 658 sunt
4292 595 4428 662 duo

2871 680 3155 762 milicia,
3191 709 3343 776 quoe
3376 691 3579 759 ambo
3610 694 3992 784 ingreditur
4019 699 4215 768 stilus
4253 701 4433 768 iufe-

2871 785 3010 851 rior
3034 787 3288 880 linguae
3326 818 3341 861 :
3382 806 3448 865 et
3477 798 3624 868 hoec
3646 804 3906 871 orificia
3935 815 4271 874 vocantur
4290 808 4426 875 duo

2864 897 3093 983 sontes
3125 901 3480 989 salientes,
3516 917 3580 976 et
3627 911 3756 978 ista
3802 916 4306 1003 protenduntur
4342 917 4427 984 ad

2868 1023 3141 1071 carnem
3179 1008 3657 1096 glandulosam
3685 1020 3756 1085 in
3785 1030 4086 1111 gutture,
4123 1046 4275 1113 quae
4324 1035 4426 1092 est

2868 1108 2938 1174 in
2989 1111 3208 1181 radice
3249 1114 3502 1208 linguae
3551 1123 3910 1195 adhaerens
3959 1129 4047 1208 ei,
4074 1152 4227 1219 quoe
4268 1154 4424 1199 caro

2868 1220 3265 1291 nominatur
3293 1227 3499 1295 etiam
3528 1253 3866 1320 generans
3895 1237 4207 1306 salivam.
4245 1238 4432 1306 Fon-

2865 1332 2966 1393 tes
3023 1336 3250 1398 autem
3327 1335 3632 1424 przedicti
3700 1342 3906 1408 etiam
3982 1346 4432 1413 nominantur

2865 1430 3002 1499 duo
3038 1437 3280 1506 salivae
3331 1441 3749 1525 hauritoria,
3803 1471 3959 1539 quae
4019 1461 4428 1520 conservant

2865 1562 3089 1609 rorem
3137 1545 3492 1617 salivalem
3552 1554 3621 1620 in
3670 1553 3931 1647 lingua.
3990 1557 4134 1627 Sub
4190 1559 4429 1651 lingua

2862 1656 3093 1718 autem
3148 1659 3631 1745 expanduntur
3686 1664 3840 1732 duae
3896 1690 4093 1735 venae
4152 1692 4423 1761 magnae

2859 1757 3134 1837 virides,
3171 1782 3323 1851 quae
3355 1775 3692 1834 vocantur
3718 1792 3758 1837 a
3788 1772 4198 1861 quibusdam
4230 1777 4427 1843 rani-

2859 1886 2964 1930 πει»
2992 1887 3199 1952 venae,
3242 1877 3307 1938 et
3340 1870 3473 1939 illa»
3500 1872 3903 1947 dividuntur
3931 1880 4003 1948 in
4031 1881 4281 1951 multas
4310 1906 4425 1952 ve-

2861 1991 3007 2037 nas,

2951 2075 3042 2143 Ut
3076 2088 3305 2149 autem
3346 2086 3579 2152 omnia
3628 2089 3759 2157 ista
3786 2094 4058 2161 notiora
4102 2095 4261 2178 sint,
4294 2097 4421 2165 ad-

2847 2180 3228 2272 jungamus
3254 2195 3680 2260 anatomiam
3710 2197 4153 2288 epigtottidis,
4178 2209 4244 2269 et
4263 2224 4420 2293 par-

2857 2285 3028 2353 tium
3057 2288 3188 2357 sibi
3229 2294 3775 2382 conjunctarum,
3811 2300 3976 2392 quia
4022 2301 4139 2369 illa
4184 2308 4419 2373 onmia

2855 2400 3012 2460 sunt
3047 2394 3235 2481 justa
3282 2400 3580 2470 radicem
3623 2403 3906 2496 lingum.
3951 2405 4145 2477 Scias
4180 2409 4416 2501 igitur,

2854 2504 3043 2591 quod
3068 2514 3387 2595 apertura
3416 2511 3554 2578 oris
3583 2512 3655 2579 in
3698 2514 4037 2582 inferioris
4083 2519 4190 2585 sui
4228 2529 4419 2609 parte

2854 2612 2923 2678 in
2952 2612 3090 2681 duo
3121 2613 3447 2685 dividitur
3474 2619 3835 2701 foramina,
3870 2645 4165 2715 quorum
4201 2650 4415 2696 unum

2853 2726 2954 2787 est
2982 2721 3050 2786 in
3079 2730 3354 2811 gutture
3383 2734 3563 2806 ante,
3599 2729 3786 2818 quod
3815 2738 3920 2798 est
3944 2730 4255 2801 foramen
4281 2756 4415 2802 vo-

2851 2826 2971 2894 cis.
3014 2828 3326 2899 Alterum
3383 2843 3615 2903 autem
3662 2845 3767 2905 est
3813 2840 4152 2927 posterius
4205 2864 4414 2932 super

2850 2936 3007 3005 colli
3031 2941 3403 3030 spondilos,
3429 2945 3614 3034 quod
3644 2954 3746 3015 est
3773 2947 4084 3017 foramen
4113 2951 4282 3017 meri
4311 2951 4412 3017 si-

2847 3066 2935 3113 ve
2964 3045 3346 3138 oesophagi,
3389 3059 3457 3119 et
3507 3050 3639 3122 hoc
3682 3049 3993 3123 foramen
4032 3056 4407 3125 secundum

2849 3172 3101 3223 nomen
3132 3177 3335 3224 suum
3375 3167 3503 3242 est,
3525 3181 3650 3251 per
3676 3160 3866 3252 quod
3895 3160 3970 3230 fit
3996 3161 4270 3254 glutitio
4308 3164 4411 3233 ci-

2846 3258 2914 3328 bi
2937 3269 3004 3329 et
3032 3271 3261 3354 potus.
4396 3344 4410 3355 ,

2935 3368 3386 3463 Oesophagus
3403 3374 3589 3441 enim
3611 3383 3715 3443 est
3742 3398 3819 3443 os
3847 3376 4210 3459 stomachi,
4243 3401 4406 3448 con·

2846 3478 3189 3547 tinuatum
3220 3479 3323 3547 ori
3369 3488 3437 3550 et
3481 3479 3764 3574 lingum,
3805 3490 3873 3552 et
3911 3482 4067 3554 ideo
4114 3507 4406 3578 compo·

2845 3583 3032 3654 nitur
3075 3608 3331 3657 nomen
3378 3588 3528 3679 ejus
3572 3589 3661 3658 ab
3692 3589 3781 3657 isi
3814 3589 4055 3661 Groeea
4092 3594 4403 3686 proposi-

2842 3692 3029 3762 tione
3050 3711 3097 3774 1,
3130 3693 3316 3787 quod
3345 3693 3585 3764 Latine
3614 3704 3814 3766 sonat
3845 3698 4056 3778 intus,
4088 3707 4157 3767 et
4190 3699 4403 3772 verbo

2845 3800 3079 3871 Graeco
3107 3803 3294 3895 quod
3321 3813 3423 3874 est
3451 3817 3675 3892 Ῡιγιῑν,
3698 3806 3886 3897 quod
3929 3814 4132 3875 sonat
4183 3830 4402 3876 come-

2842 3909 3024 3983 dere.
3055 3912 3378 3982 Anterius
3423 3936 3591 4007 ergo
3628 3914 3942 3984 fonnien
3985 3922 4092 3984 est
4134 3917 4399 3986 arteria

2842 4020 3198 4109 cujusdam
3228 4022 3576 4102 maximae,
3599 4044 3752 4115 quae
3779 4029 4068 4093 vocatur
4092 4023 4395 4107 trachea,

2842 4133 2913 4198 et
2946 4126 3324 4221 vulgariter
3339 4135 3629 4198 vocatur
3651 4152 3880 4197 comm
3907 4128 4293 4222 pulmonis,
4316 4131 4403 4200 de

2845 4258 2981 4328 qua
3011 4236 3184 4306 infra
3212 4236 3615 4331 loquemur:
3651 4245 3719 4308 et
3747 4236 3894 4307 boec
3922 4236 4174 4306 arteria
4199 4239 4261 4306 si
4280 4237 4406 4306 ali·

2843 4344 3010 4437 quid
3036 4344 3121 4414 de
3157 4344 3313 4416 cibo
3353 4345 3531 4415 intra
3564 4369 3640 4415 se
3669 4345 4023 4437 reciperet,
4066 4347 4401 4415 constrin-

2841 4463 3031 4546 geret
3085 4460 3154 4522 et
3206 4453 3546 4524 scinderet
3598 4452 4032 4545 pulmonem,
4101 4458 4173 4521 et
4245 4451 4401 4521 ideo

2840 4568 3475 4655 quantumcumque
3522 4582 3815 4653 parvum
3878 4557 4262 4651 ingreditur
4307 4558 4393 4629 de

2838 4669 2996 4740 cibo
3033 4671 3104 4739 in
3142 4672 3388 4763 ipsam,
3421 4669 3532 4739 vel
3554 4667 3639 4738 de
3666 4673 3862 4760 potu,
3894 4667 4126 4735 statim
4155 4666 4401 4736 accidit

2839 4779 3047 4846 tussis
3073 4777 3473 4857 vehemens,
3505 4784 3576 4847 et
3626 4774 3869 4868 pulmo
3906 4774 4149 4843 nititur
4189 4773 4404 4863 ejice·

2839 4910 2936 4966 re,
2993 4896 3060 4955 et
3097 4901 3254 4956 cum
3309 4884 3612 4975 ejecerit,
3668 4882 3983 4977 quiescit.
4036 4879 4111 4950 Si
4168 4887 4400 4950 autem

2836 5017 2976 5065 non
3024 5002 3248 5085 potest
3276 4992 3545 5082 ejicere,
3586 4989 3834 5060 accidit
3869 5011 4060 5058 mors
4091 4987 4403 5081 aliquan-

2833 5103 2950 5187 do,
2973 5111 3092 5172 aut
3133 5103 3470 5197 aegritudo
3524 5099 3849 5171 chronica
3903 5121 3990 5168 ex
4046 5095 4396 5190 pulmonis

2831 5212 3295 5304 corruptione,
3326 5218 3607 5303 propter
3659 5209 3846 5301 quod
3908 5215 4153 5279 natura
4192 5227 4399 5298 super

2832 5317 3177 5391 tracheam
3214 5318 3558 5388 ordinavit
3610 5315 3999 5386 membrum
4049 5313 4396 5408 quoddam

2826 5672 3187 5748 duodenum.
3245 5651 3250 5656 ο
3362 5661 3366 5667 ’
