4919 6371
1937 419 2106 487 Llss.
2163 416 2255 486 Xl
2308 415 2429 482 DE
2479 410 3071 501 ANlMALlBUS,
3121 417 3430 487 TRACT.
3485 419 3515 488 Ι

1132 598 1270 658 tam
1331 591 1411 659 de
1481 613 1763 681 corporo
1796 610 2001 677 quam
2053 587 2133 653 ‹le
2175 588 2403 652 anima
2443 584 2696 673 hujus—

1132 700 1357 765 modi:
1430 701 1526 766 sic
1596 699 1777 763 enim
1851 695 2132 762 seientia
2164 703 2228 761 et
2269 695 2504 786 opinio
2538 718 2696 762 sen-

1132 829 1247 872 sus
1289 815 1353 872 et
1386 827 1612 872 rerum
1663 811 2092 870 sensatorum
2153 811 2251 871 est
2310 803 2576 887 eadem,
2612 826 2692 870 eo

1131 914 1318 1005 quod
1350 935 1563 978 unum
1597 912 1942 980 confertur
1981 911 2067 980 ad
2098 913 2388 981 altorum
2428 936 2551 1003 per
2582 934 2695 978 re-

1123 1028 1433 1111 spectum
1476 1027 1544 1087 et
1583 1022 1947 1089 rationem.
1988 1022 2146 1089 Non
2178 1031 2410 1089 autem
2461 1018 2695 1110 quaeli-

1123 1126 1238 1193 bet
1267 1126 1499 1193 anima
1541 1136 1643 1195 est
1685 1130 2094 1219 principium
2145 1136 2373 1194 motus
2427 1123 2688 1202 localiS,

1123 1257 1344 1325 neque
1412 1239 1830 1328 principium
1898 1245 2126 1302 motus
2218 1232 2691 1300 membrorum

1123 1343 1568 1412 animalium:
1643 1344 1759 1412 sed
1795 1343 2113 1433 quaedam
2146 1348 2246 1407 est
2276 1340 2690 1430 principium

1128 1454 1481 1541 augmenti
1515 1459 1809 1534 tantum,
1844 1452 2019 1516 sieut
2066 1447 2483 1539 principium
2524 1444 2693 1514 illud

1125 1558 1310 1648 quod
1340 1566 1444 1626 est
1483 1559 1553 1625 in
1582 1558 1942 1625 arboribus
1977 1580 1991 1624 ε
2031 1566 2097 1624 et
2137 1556 2552 1647 principium
2584 1555 2693 1622 al-

1122 1666 1477 1733 terationis
1539 1665 1916 1733 seeundum
1994 1665 2329 1755 quosdam
2419 1685 2685 1741 sonsuS,

1125 1775 1311 1866 quod
1362 1783 1463 1843 est
1521 1777 1588 1842 in
1646 1775 2055 1866 quibusdam
2087 1775 2235 1842 aliis
2277 1772 2689 1842 animalibus

1125 1904 1277 1971 quae
1338 1889 1499 1948 sunt
1549 1880 1934 1949 immobilia
2000 1880 2378 1948 secundum
2427 1878 2683 1947 locum.

1124 1984 1519 2054 Intellectus
1596 1994 1825 2053 autem
1903 1983 2161 2051 nullius
2228 1986 2538 2074 eorporis
2588 1992 2687 2051 est

1124 2103 1342 2177 ειριιιε,
1385 2102 1451 2161 et
1483 2091 1653 2161 nihil
1707 2093 1990 2159 omnino
2052 2091 2293 2159 talium
2336 2092 2540 2159 estin
2572 2091 2692 2159 ali-

1124 2201 1374 2291 quibus
1417 2204 1708 2269 istorum
1750 2199 2178 2268 animalium.

1213 2327 1371 2394 ,lam
1405 2350 1568 2417 ergo
1612 2327 2050 2395 manifestum
2083 2334 2186 2394 est
2233 2325 2458 2405 nobiS,
2504 2326 2690 2418 quod

1128 2435 1287 2525 quia
1317 2433 1649 2503 debemus
1679 2434 1869 2526 loqui
1901 2435 1982 2503 de
2013 2435 2235 2502 causis
2284 2433 2689 2503 formalibus

1126 2538 1526 2606 animalium
1588 2547 1652 2607 et
1723 2540 2193 2608 membrorum
2243 2562 2512 2619 eorum,
2547 2563 2688 2609 non

1124 2649 1454 2713 ‹irbi-mus
1489 2648 1692 2715 etiam
1729 2648 1917 2739 loqui
1949 2647 2030 2716 de
2063 2657 2203 2716 tota
2226 2657 2290 2715 et
2314 2650 2503 2715 omni
2537 2650 2690 2715 ani-

1124 2779 1261 2835 ma,
1332 2757 1450 2824 sed
1511 2757 1884 2824 secundum
1939 2757 2134 2824 illum
2185 2758 2470 2826 modum
2548 2780 2685 2848 quo

1122 2876 1219 2932 ρει
1265 2867 1676 2957 principium
1736 2866 2142 2934 animalium
2198 2876 2684 2956 generatorum

1123 2982 1183 3039 ρι
1220 2981 1698 3063 corruptorum
1733 2971 2060 3040 debemus
2101 2971 2291 3063 loqui
2350 2973 2432 3041 ‹le
2483 2973 2628 3064 ipsa
2664 2994 2679 3039 ε

1123 3104 1261 3148 non
1338 3081 1522 3148 enim
1568 3082 1635 3148 in
1703 3090 1840 3149 tota
1918 3081 2146 3148 anima
2204 3089 2304 3148 ρει
2345 3091 2589 3149 natura
2619 3090 2682 3149 et

1127 3190 1538 3281 principium
1571 3189 1997 3268 animalium,
2034 3189 2151 3257 sed
2183 3191 2497 3281 quaedam
2527 3215 2685 3282 pars

1127 3296 1306 3363 illius·
1340 3306 1443 3365 est
1476 3298 1883 3389 principium
1926 3296 2352 3386 hujusmodi.
2392 3297 2469 3365 ln
2531 3299 2686 3368 ani-

1124 3426 1234 3470 ma
1277 3403 1461 3470 enim
1495 3413 1651 3471 sunt
1695 3406 1925 3472 multae
1955 3413 2206 3494 partes',
2240 3410 2307 3472 et
2348 3427 2486 3472 non
2526 3413 2687 3495 pot-

1121 3521 1220 3579 ρει
1262 3535 1409 3580 esse
1468 3511 1703 3603 opinio
1769 3511 2099 3580 naturalis
2152 3512 2233 3581 de
2267 3513 2471 3582 rebus
2501 3537 2687 3581 sum-

1122 3621 1253 3711 ptis
1309 3643 1394 3687 ex
1451 3623 1640 3690 omni
1716 3621 1943 3689 anima
1984 3622 2125 3690 sive
2179 3645 2264 3690 ex
2304 3623 2536 3691 anima
2582 3647 2687 3692 se-

1119 3728 1420 3796 eundum
1452 3752 1568 3797 se:
1616 3732 1774 3821 quia
1807 3730 2158 3798 verissime
2216 3739 2498 3821 apparet
2550 3753 2686 3799 no-

1120 3834 1224 3902 bis
1255 3859 1340 3903 ex
1379 3835 1601 3915 «lictis,
1638 3837 1822 3928 quod
1856 3837 2185 3905 naturalis
2224 3860 2362 3905 non
2422 3838 2687 3907 intelli-

1120 3947 1219 4034 git
1248 3968 1454 4012 omui·
1495 3946 1677 4035 quod
1730 3946 1811 4012 dt·
1845 3946 2104 4013 naturis
2134 3945 2540 4014 animalium
2573 3948 2686 4014 in-

1125 4053 1393 4140 telligit,
1457 4053 1584 4120 nisi
1651 4054 2046 4144 accipiendo
2087 4078 2364 4123 causam
2397 4079 2552 4146 qua·
2584 4065 2686 4125 est

1126 4167 1403 4250 propter
1461 4159 1625 4251 quid
1675 4161 1741 4227 in
1791 4161 1933 4227 eis:
2008 4169 2071 4228 ρι
2103 4160 2258 4229 talis
2296 4184 2502 4231 causa
2531 4164 2688 4230 ani-

1121 4264 1404 4332 malium
1447 4288 1587 4332 uon
1666 4274 1770 4334 ρει
1816 4266 2042 4333 omnis
2081 4268 2336 4347 anima,
2371 4269 2534 4359 quia
2563 4292 2686 4336 su-

1119 4374 1392 4463 periora
1426 4373 1667 4440 vivunt
1713 4374 2029 4442 nobiliori
2071 4378 2326 4455 anima,
2361 4400 2513 4468 quae
2544 4401 2681 4445 non

1127 4491 1229 4550 ρει
1266 4482 1680 4573 principium
1737 4481 2191 4550 animalium:
2253 4484 2424 4552 sieut
2496 4486 2679 4553 enim

1117 4589 1278 4657 facit
1318 4613 1429 4658 ars
1462 4593 1529 4659 in
1564 4590 1764 4659 rebus
1803 4590 2291 4672 artificialibus,
2323 4592 2508 4684 quod
2541 4617 2680 4662 non

1122 4699 1513 4767 considerat
1568 4701 1696 4768 nisi
1745 4699 2032 4768 formam
2083 4700 2464 4770 secundum
2494 4701 2681 4794 quod

1121 4813 1220 4871 ρει
1254 4806 1667 4898 principium
1701 4807 2061 4886 artificiati,
2102 4807 2189 4875 ita
2231 4806 2386 4877 facit
2417 4819 2481 4878 et
2561 4835 2680 4878 nu-

1029 4935 1042 4946 ·
1116 4915 1355 4981 tur-alis
1387 4916 1879 4983 considerando
1920 4914 2209 4984 formam
2272 4919 2677 4988 animalium

1116 5031 1177 5088 ρι
1214 5023 1676 5093 membrorum
1719 5024 2145 5093 animalium.

1209 5131 1455 5201 verius
1520 5142 1749 5202 tamen
1817 5157 1974 5201 cum
2036 5132 2192 5215 boo,
2227 5135 2413 5226 quod
2453 5136 2525 5204 in
2564 5159 2678 5205 re-

1114 5239 1240 5306 bus
1270 5243 1612 5332 generatis
1652 5250 1753 5309 est
1787 5249 2028 5332 praeter
2060 5241 2237 5310 istud
2266 5241 2453 5311 aliud
2491 5243 2677 5335 prin-

1111 5346 1367 5436 cipium
1427 5357 1494 5417 et
1557 5348 1687 5416 alia
1745 5369 1975 5423 causa,
2020 5370 2173 5437 quoe
2219 5358 2321 5417 est
2362 5351 2570 5418 etiam
2603 5353 2674 5418 in

1112 5453 1309 5523 nobis
1349 5464 1412 5524 et
1446 5456 1514 5525 in
1545 5454 1998 5525 animalibus:
2034 5461 2100 5522 et
2135 5453 2268 5524 hoo
2305 5465 2407 5525 ρει
2446 5467 2675 5526 mate-

1117 5564 1241 5640 ria,
1286 5586 1438 5653 quae
1468 5574 1568 5632 est
1595 5564 1889 5632 calidum
1922 5569 1989 5631 et
2020 5562 2371 5653 frigidum,
2406 5574 2476 5634 et
2530 5564 2675 5633 hu-

1111 5668 1373 5736 midum
1406 5680 1467 5736 ‹·t
1503 5671 1755 5739 siecum
1790 5695 1805 5738 ε
1841 5693 1993 5761 qua·
2027 5670 2315 5739 materia
2354 5682 2456 5741 est
2511 5696 2671 5764 pars

1112 5778 1325 5843 totius
1385 5779 1715 5869 generati.
1762 5777 2050 5867 Propter
2088 5778 2274 5868 quod
2313 5780 2521 5848 etiam
2561 5779 2672 5848 ‹li-

4230 425 4348 491 571

2810 589 3049 665 eimuS,
3074 591 3258 679 quod
3292 591 3345 655 si
3371 588 3616 657 coelum
3650 600 3743 658 est
3778 602 4200 681 generatum,
4228 593 4363 662 sie-

2811 704 2886 762 ut
2945 696 3223 785 quidam
3273 698 3613 773 dixerunt,
3659 698 3940 786 dignum
4008 709 4108 765 est
4158 709 4231 767 ut
4278 702 4360 769 sit

2808 810 3208 892 generatum
3241 825 3323 869 ex
3365 804 3648 871 materia
3706 807 4015 872 omnium
4071 830 4361 897 genera-

2806 917 3059 986 torum,
3107 934 3257 1000 quae
3299 920 3401 978 est
3431 912 3544 980 illa
3574 935 3780 1003 quam
3838 914 4159 996 diximuS,
4195 916 4359 984 eali-

2808 1014 2970 1083 dum
3035 1018 3374 1097 videlieet,
3440 1028 3506 1087 et
3571 1019 3920 1111 frigidum,
3991 1031 4057 1090 et
4117 1031 4358 1091 caetera

2813 1122 3173 1196 elementa.
3235 1126 3308 1195 Si
3374 1137 3600 1195 autom
3659 1129 3905 1197 coelum
3955 1141 4354 1222 generatum

2806 1241 2906 1299 est
2936 1256 3018 1301 ex
3048 1235 3164 1302 tali
3196 1258 3398 1303 eausa
3422 1259 3572 1327 quae
3606 1247 3704 1305 est
3735 1242 4040 1318 materia,
4067 1240 4350 1332 dignum

2819 1350 2918 1408 est
2959 1342 3163 1409 etiam
3199 1350 3271 1410 ut
3302 1343 3710 1411 attribuatur
3741 1346 3855 1412 tali
3891 1370 4111 1414 causae
4144 1370 4348 1437 quam

2805 1448 3123 1529 diximuS‚
3158 1449 3288 1518 hoc
3330 1460 3453 1533 est,
3491 1451 3672 1518 finali
3705 1454 3923 1544 magis
3964 1478 4168 1544 quam
4208 1457 4350 1522 ani-

2804 1557 3066 1624 malia:
3129 1566 3197 1625 et
3271 1560 3678 1628 attribuatur
3742 1561 3857 1629 tali
3911 1563 4158 1631 anima>
4200 1586 4349 1654 quae

2804 1674 2904 1732 est
2930 1666 3341 1757 principium
3372 1669 3832 1738 animatorum
3875 1695 3890 1739 ε
3927 1680 3993 1740 et
4023 1679 4180 1739 tune
4211 1696 4349 1741 non

2804 1774 2928 1841 erit
2992 1775 3164 1841 sieut
3220 1776 3390 1844 dixit
3445 1777 3910 1869 EmpedocleS,
3973 1780 4086 1869 qui
4180 1780 4348 1848 dixit

2801 1881 3046 1949 coelum
3068 1884 3734 1973 generari,etta1nen
3765 1909 3910 1955 esse
3931 1910 4115 1966 casu,
4142 1897 4205 1956 et
4230 1912 4349 1978 per
4382 1886 4391 1894 ’

2804 2013 2877 2057 se
2905 1990 3050 2058 sino
3079 2014 3284 2059 eausa
3306 1992 3572 2061 formali
3596 2004 3662 2062 et
3683 1995 3902 2063 tinali:
3938 2019 4139 2064 omne
4161 1999 4343 2065 enim

2799 2097 3136 2167 laudabile
3204 2109 3271 2168 et
3357 2102 3743 2170 ordinatum
3807 2106 4026 2195 magis
4074 2116 4352 2196 apparet

2800 2209 3161 2276 convenire
3221 2208 3607 2277 coelestibus
3638 2234 3845 2302 quam
3876 2213 4096 2280 nobis.
4142 2212 4346 2292 Quod

2802 2325 3027 2383 autem
3060 2326 3158 2385 est
3194 2317 3258 2384 in
3294 2317 3524 2408 aliquo
3564 2329 3868 2411 tempore
3909 2328 3968 2387 et
4019 2322 4085 2389 in
4116 2321 4345 2413 aliquo

2799 2445 2963 2500 non,
3007 2432 3075 2492 et
3105 2448 3241 2492 uno
3272 2427 3368 2494 sic
3398 2436 3462 2493 et
3492 2428 3625 2496 alio
3652 2429 3857 2497 modo
3890 2430 4107 2505 aliter,
4142 2438 4207 2497 et
4247 2440 4345 2498 est

2799 2531 2972 2598 sicut
3011 2534 3237 2601 evenit
3265 2542 3573 2612 eventuS,
3609 2537 3825 2621 magis
3865 2545 4140 2627 apparet
4168 2538 4346 2605 arci-

2800 2639 2954 2709 ‹lere
3025 2642 3090 2708 in
3151 2644 3350 2710 rebus
3400 2645 3953 2735 corruptibilibus
4011 2670 4213 2736 quam
4276 2649 4342 2715 in

2800 2745 2993 2822 cmlo,
3041 2746 3108 2813 in
3149 2770 3285 2838 quo
3344 2747 3510 2816 nihil
3569 2758 3664 2815 est
3703 2749 4162 2818 inordinatum
4209 2773 4223 2816 ε
4279 2759 4339 2818 ρι

2798 2852 2880 2920 de
2912 2852 3016 2920 bis
3055 2855 3257 2922 etiam
3291 2855 3709 2948 disputatum
3741 2867 3842 2927 est
3902 2860 3970 2926 in
4045 2860 4339 2927 serundo

2797 2963 3275 3052 I'leyse'corum.
3314 2964 3465 3033 Non
3527 2974 3753 3033 autem
3812 2967 4120 3043 dicimus,
4158 2968 4343 3059 quod

2799 3070 2862 3137 id
2955 3072 3136 3162 quod
3220 3096 3549 3140 vocamus
3636 3086 3920 3166 propter
4016 3075 4190 3166 quid
4282 3085 4346 3143 et

2793 3182 3027 3270 finem,
3063 3189 3159 3248 ρει
3205 3180 3271 3248 in
3304 3181 3623 3250 omnibus
3656 3183 3879 3263 rebuS,
3925 3192 3986 3253 et
4031 3185 4100 3252 in
4151 3182 4342 3252 omui

2795 3289 2946 3358 loco
2985 3314 2999 3358 :
3036 3289 3164 3359 boc
3215 3293 3398 3358 enim
3451 3293 3647 3361 estin
3693 3293 3880 3361 omni
3923 3295 4075 3361 loco
4117 3316 4342 3362 rerum

2797 3398 3144 3489 inquibus
3196 3400 3596 3478 ostenditur,
3649 3402 3829 3492 quod
3882 3402 4344 3493 complemen-

2798 3516 2943 3576 tum
2974 3517 3070 3577 est
3098 3509 3274 3587 linis,
3313 3519 3381 3578 et
3401 3511 3581 3602 quod
3607 3522 3835 3580 motus
3879 3521 3975 3580 est
4003 3512 4085 3580 ad
4120 3512 4339 3603 ipsum

2796 3618 2851 3684 si
2909 3617 3078 3686 nihil
3128 3618 3214 3685 sit
3269 3618 3648 3710 impediens
3709 3621 3955 3712 ipsum.
4009 3620 4086 3688 ln
4144 3621 4343 3689 rebus

2797 3728 2978 3794 enim
3011 3726 3382 3795 innobilibus
3421 3737 3521 3795 est
3555 3730 3733 3807 finis,
3768 3738 3833 3797 et
3866 3752 4002 3796 non
4045 3731 4110 3797 in
4144 3730 4342 3799 rebus

2799 3833 3288 3901 immobilibus.

2886 3942 2970 4011 lit
3025 3966 3110 4009 ex
3166 3941 3272 4010 his
3332 3944 3653 4011 omnibus
3711 3945 4147 4013 numifestum
4215 3956 4339 4021 ρει,

2796 4050 2979 4142 quod
3023 4059 3260 4118 natura
3304 4051 3536 4118 forma·
3568 4061 3668 4121 ρει
3708 4053 3894 4122 aliud
3929 4076 3943 4121 :
3982 4078 4119 4121 non
4160 4054 4344 4122 enim

2796 4162 2917 4228 erit
2949 4159 3299 4251 generatio
3332 4158 3534 4248 hujus
3573 4183 3658 4228 ex
3696 4160 3998 4252 qualibet
4029 4162 4341 4231 scientia:

2796 4266 2925 4337 hoc
2956 4269 3138 4334 enim
3197 4266 3571 4335 secundum
3613 4267 3904 4337 formam
3944 4277 4044 4337 est
4085 4293 4168 4337 vx
4216 4267 4347 4339 boc

2795 4377 3080 4458 εριιιὶιιρ,
3114 4384 3177 4443 ρι
3209 4398 3348 4443 nou
3380 4375 3514 4443 alio
3550 4399 3567 4445 ε
3611 4378 3782 4446 sicut
3813 4401 3894 4444 ex
3926 4378 4182 4445 semine
4212 4375 4347 4445 bo-

2795 4485 2997 4551 minis
3023 4495 3123 4551 est
3147 4481 3356 4551 boitro
3379 4508 3650 4576 semper
3677 4494 3790 4553 aut
3817 4485 4238 4576 frequenter:
4267 4496 4335 4555 et

2793 4588 2920 4659 boe
2952 4599 3046 4658 est
3092 4590 3618 4658 determinatum
3650 4615 3687 4659 a
3735 4591 3934 4661 nobis
3983 4602 4046 4661 et
4096 4592 4339 4683 cogni-

2793 4704 2936 4765 tum
2978 4720 3096 4788 per
3160 4696 3633 4789 probationem
3676 4696 4129 4775 manifestam,
4208 4695 4339 4765 hoc

2790 4814 2914 4885 ρει,
2949 4828 3194 4896 corpus
3227 4828 3262 4871 a
3296 4828 3432 4895 quo
3474 4805 3611 4873 exit
3654 4813 3718 4873 et
3775 4804 4190 4874 descinditur
4236 4827 4341 4872 ερ-

2789 4936 2976 4991 men,
3014 4921 3111 4981 est
3148 4912 3442 5003 primum
3475 4913 3887 5004 principium
3916 4913 4093 4981 illius
4131 4913 4342 4980 semi-

2791 5023 2894 5089 nis
2934 5021 3118 5113 quod
3176 5022 3313 5087 exit
3372 5019 3456 5087 ab
3513 5043 3595 5089 eo
3631 5043 3647 5088 ε
3683 5032 3749 5088 ρι
3781 5022 4005 5113 ipsum
4038 5045 4157 5113 per
4195 5020 4339 5089 for-

2789 5153 2973 5198 mam
3014 5152 3222 5221 quam
3258 5129 3372 5196 dat
3410 5129 3684 5208 semini,
3720 5139 3819 5198 ρει
3889 5128 4129 5197 artifex
4194 5131 4340 5219 ejus

2787 5237 2969 5329 quod
3001 5238 3073 5306 ιίι
3129 5259 3217 5305 ex
3281 5238 3563 5305 semine.
3617 5237 3748 5305 lies
3777 5239 3961 5306 enim
4001 5245 4335 5329 generatae

2786 5369 2869 5414 ex
2934 5348 3216 5426 semine,
3286 5346 3601 5415 oriuntur
3638 5355 3702 5415 et
3766 5355 3924 5414 sunt
3974 5369 4057 5415 ex
4097 5354 4339 5415 natura

2785 5458 3052 5540 formae,
3086 5483 3237 5551 qum
3283 5460 3453 5526 sicut
3486 5456 3722 5526 artifex
3753 5467 3854 5524 ρει
3918 5457 3986 5524 in
4045 5456 4329 5525 semine.

2785 5563 2962 5634 lllud
2991 5567 3171 5635 enim
3204 5591 3244 5634 a
3273 5588 3410 5657 quo
3431 5564 3846 5634 descinditur
3882 5588 4177 5658 sperma,
4210 5565 4337 5632 sio-

2783 5681 2857 5741 ut
2909 5672 3121 5743 bomo
3176 5694 3537 5766 generans,
3614 5681 3716 5742 est
3770 5696 3976 5743 causa
4033 5671 4333 5741 anterior

2782 5804 2988 5871 quam
3019 5804 3291 5874 sperma
3332 5805 3347 5850 :
3383 5802 3651 5871 sperma
3687 5782 3871 5851 enim
3901 5789 4005 5850 ρει
4031 5778 4334 5847 formalis
