4919 6371
597 405 726 474 328

588 573 889 641 continet
932 566 1264 642 vitellum,
1301 565 1449 630 fluit
1496 562 1748 633 humor
1794 567 2138 634 vitellinus

590 682 659 746 in
681 676 1093 764 albuginem,
1129 682 1192 739 et
1222 673 1657 742 confunditur
1686 699 1864 743 unus
1894 675 2142 743 humor

593 807 746 853 cum
792 782 950 861 alio,
989 789 1055 848 et
1112 780 1478 871 impeditur
1514 784 1628 851 ovi
1683 784 2080 850 foecunditas
2117 805 2131 850 :

594 891 927 978 corruptis
965 899 1188 956 autem
1222 888 1348 955 filis
1380 897 1909 979 corrumpuntur
1948 910 2138 954 venae

595 1005 663 1066 et
690 1000 880 1066 nervi
910 1007 1229 1066 creaturae
1258 1008 1324 1066 et
1352 997 1642 1075 chordae,
1670 1006 1737 1064 et
1776 995 2145 1084 impeditur

594 1107 705 1174 via
757 1109 1178 1183 nutrimenti,
1238 1115 1304 1172 et
1367 1102 1762 1170 dissolvitur
1799 1123 2138 1190 compago

594 1215 947 1283 destructis
975 1212 1243 1279 chordis
1272 1219 1339 1276 et
1374 1210 1789 1298 ligamentiS,
1824 1216 1891 1275 et
1921 1229 2139 1274 rema-

592 1320 777 1388 nebit
806 1321 948 1386 sine
981 1339 1182 1383 sensu
1226 1314 1580 1382 destructis
1619 1315 1870 1380 nervis.
1920 1311 2144 1392 Quar-

592 1434 699 1492 tus
747 1430 975 1490 autem
1022 1420 1265 1487 modus
1312 1420 1763 1510 corruptionis
1806 1428 1909 1488 est
1954 1421 2139 1487 anti-

594 1530 814 1619 quitas
843 1527 1070 1610 ovi,eo
1100 1527 1281 1618 quod
1325 1535 1485 1595 tunc
1515 1535 1840 1618 evaporat
1862 1528 2141 1617 spiritus

587 1635 658 1702 in
678 1657 812 1725 quo
835 1643 935 1702 est
955 1636 1166 1702 virtus
1194 1635 1652 1716 formativa,et
1672 1634 1949 1701 vitellus
1967 1657 2144 1723 pon-

594 1744 755 1811 dere
793 1766 919 1811 suo
974 1751 1279 1832 penetrat
1317 1743 1735 1832 albuginem,
1780 1748 1847 1808 et
1898 1740 2144 1808 decidit

596 1854 680 1922 ad
706 1852 1253 1921 testaminlatere
1282 1851 1682 1942 super-quod
1698 1851 1879 1938 jacet
1907 1873 2138 1917 ovum.

693 1959 797 2027 Ex
875 1958 983 2025 his
1047 1959 1252 2048 igitur
1339 1960 1559 2026 causis
1637 1956 1892 2026 sterilia
1962 1957 2144 2023 'efli-

602 2070 873 2134 ciuntur
924 2089 1055 2134 ova
1110 2065 1472 2156 completa,
1544 2067 1719 2133 sicut
1798 2074 1958 2133 sunt
2018 2088 2149 2132 ova

592 2177 801 2244 venti.
843 2174 947 2241 Ex
983 2174 1279 2241 secunda
1310 2182 1538 2240 autem
1578 2173 1949 2263 aliquando
1986 2195 2144 2241 con·

587 2283 811 2372 tingit,
882 2281 1064 2372 quod
1138 2283 1204 2347 in
1260 2282 1705 2369 corruptione
1774 2279 2140 2346 humorum

589 2399 811 2480 partes
856 2390 1072 2480 igneae
1103 2387 1469 2456 combustae
1538 2389 1851 2455 feruntur
1907 2388 1992 2453 ad
2040 2396 2143 2455 te-

589 2506 763 2566 stam
794 2500 932 2576 ovi,
1002 2504 1067 2564 et
1132 2504 1526 2586 respergunt
1585 2496 1928 2571 eamdem,
1964 2503 2030 2562 et
2069 2497 2141 2563 nt

592 2627 798 2671 ovum
857 2603 1086 2670 lucens
1162 2604 1227 2668 in
1285 2601 1586 2670 tenebris
1625 2602 1799 2668 sicut
1853 2625 2141 2692 quercus

590 2712 985 2802 putrefacta,
1029 2712 1200 2778 sicut
1268 2710 1512 2777 accidit
1559 2712 1627 2776 in
1667 2732 1803 2778 ovo
1860 2710 2039 2799 quod
2072 2733 2142 2776 se

588 2820 837 2888 vidisse
868 2826 1148 2886 testatur
1175 2820 1525 2886 Avicenna
1565 2821 1634 2885 in
1684 2819 1956 2886 civitate
1991 2840 2140 2909 quae

589 2935 873 2995 vocatur
908 2927 1353 2994 Kane-terciae
1393 2927 1460 2993 in
1514 2934 1688 2993 terra
1757 2926 2136 3001 Cormtem,

588 3040 656 3100 et
684 3033 859 3100 forte
898 3031 1091 3099 multi
1123 3040 1281 3099 sunt
1308 3032 1420 3099 alii
1454 3032 1639 3099 modi
1681 3033 2139 3123 corruptionis

586 3162 901 3218 ovorum,
935 3141 1051 3230 qui
1108 3140 1233 3208 sul»
1301 3139 1444 3207 istis
1475 3139 1558 3208 de
1618 3138 1795 3208 sacili
1858 3151 2133 3229 possunt

587 3248 1092 3338 comprehendi.

1578 395 1663 461 D.
1718 394 1918 462 ALB.
1971 394 2186 463 MAG.
2240 395 2445 464 om).
2502 397 2799 465 PRAED.

2791 1436 3084 1506 CAPUT
3131 1435 3251 1500 ΙΙΙ.

2248 2167 2352 2232 De
2375 2173 2672 2253 tempore
2699 2182 2834 2250 quo
2872 2181 3029 2226 aves
3065 2165 3270 2224 ovant
3307 2168 3370 2222 et
3396 2157 3631 2246 loven!
3672 2176 3794 2220 us-

2513 2293 2643 2360 que
2698 2268 2796 2334 ml
2838 2267 3100 2334 ezilum
3121 2263 3520 2355 pullorum.

2338 3130 2433 3197 De
2478 3137 2780 3221 tempore
2827 3136 3057 3197 autem
3116 3127 3576 3197 soecumlitatis
3625 3153 3804 3196 uvo-

2246 3261 2395 3305 rum
2425 3236 2556 3305 hoc
2585 3236 2936 3305 sciendum
2961 3245 3086 3314 est,
3126 3234 3308 3325 quod
3341 3234 3618 3326 quando
3657 3234 3803 3327 gal-

2245 3344 2383 3413 lina
2421 3345 2624 3411 cubat
2646 3347 2713 3411 in
2743 3352 3001 3421 aestate,
3044 3342 3244 3411 citius
3284 3343 3639 3410 finduntur
3661 3367 3796 3412 ova

2244 3453 2327 3520 ad
2367 3454 2625 3520 exitum
2665 3450 3036 3542 pullorum,
3080 3473 3288 3543 quam
3322 3451 3389 3518 in
3433 3450 3681 3518 hieme.
3721 3451 3794 3519 ln

2243 3559 2475 3628 decem
2506 3568 2576 3628 et
2603 3569 2758 3628 octo
2787 3560 2974 3628 enim
3001 3558 3244 3627 diebus
3273 3558 3413 3628 fota
3445 3558 3798 3626 finduntur

2246 3669 2313 3735 in
2342 3675 2598 3750 aestate,
2631 3675 2697 3736 et
2728 3667 2795 3734 in
2823 3666 3070 3757 viginti
3110 3666 3413 3757 quinque
3446 3665 3797 3733 [induntur

2245 3775 2380 3842 fota
2413 3776 2480 3840 in
2524 3772 2750 3841 hieme
2785 3794 2801 3840 ε
2846 3781 2915 3841 et
2962 3771 3094 3842 hoc
3132 3772 3502 3841 attenditur
3547 3794 3797 3840 secun-

2244 3882 2404 3948 dum
2434 3881 2709 3948 climata
2736 3879 3059 3949 calidiora
3101 3887 3167 3948 et
3206 3878 3581 3970 frigidiora,
3615 3902 3800 3969 quo-

2243 3989 2426 4056 niam
2457 3990 2527 4056 in
2575 3987 2809 4056 calidis
2856 3986 3083 4067 citius,
3117 3986 3187 4053 in
3247 3985 3510 4075 frigidis
3564 3995 3797 4054 autem

2242 4103 2493 4163 exeunt
2521 4095 2807 4163 tardius.

2329 4203 2720 4271 Attenditur
2738 4209 2969 4270 autem
2995 4202 3061 4269 in
3084 4199 3214 4269 hoc
3242 4209 3306 4270 et
3333 4202 3549 4269 virtus
3577 4201 3799 4270 stella-

2242 4333 2392 4377 rum
2439 4311 2816 4399 :quoniam
2867 4310 2937 4376 in
2986 4307 3411 4400 temporibus
3447 4308 3799 4399 oequaliter

2239 4414 2474 4484 calidis
2556 4416 2757 4483 citius
2812 4422 3066 4484 exeunt
3128 4414 3277 4483 solo
3362 4413 3789 4491 ascendente,

2240 4544 2445 4611 quam
2477 4520 2628 4590 solo
2657 4519 3134 4590 descendente.

2329 4628 2574 4697 Adhuc
2593 4638 2823 4697 autem
2853 4627 3019 4696 luna
3047 4635 3202 4719 post
3248 4627 3414 4696 solis
3453 4627 3796 4698 ascensio-

2240 4758 2394 4804 nem
2451 4744 2792 4804 crescente
2856 4734 3057 4804 citius
3121 4743 3398 4813 exeunt,
3441 4757 3648 4826 quam
3686 4757 3797 4801 ea·

2237 4842 2392 4912 dem
2430 4842 2903 4924 descendente,
2939 4844 3258 4934 quamvis
3289 4843 3358 4911 in
3388 4843 3539 4912 aliis
3569 4842 3795 4910 omni-

2240 4949 2365 5018 bus
2395 4950 2585 5041 paria
2614 4952 2751 5018 sint
2777 4958 3116 5042 tempora.

2326 5056 2641 5148 Amplius
2668 5064 2899 5124 autem
2937 5055 3215 5148 quando
3244 5057 3548 5125 tonitrua
3593 5055 3796 5123 fortia

2236 5166 2520 5232 veniunt
2581 5163 2653 5230 in
2727 5161 2899 5231 hora
2961 5163 3374 5244 cubationis,
3444 5183 3597 5251 quae
3652 5183 3793 5230 non

2237 5279 2446 5362 agunt
2479 5271 2547 5337 in
2576 5291 2851 5337 sensum
2883 5276 2950 5339 et
2979 5269 3290 5340 auditum
3333 5276 3628 5346 tantum,
3671 5266 3793 5336 sed

2236 5376 2440 5446 etiam
2474 5382 2913 5445 commovent
2960 5398 3217 5455 aerem,
3252 5376 3346 5442 ita
3394 5374 3579 5466 quod
3619 5397 3794 5444 con-

2237 5483 2495 5551 cutiant
2540 5504 2696 5560 ova,
2747 5488 3281 5574 corrumpuntur
3334 5487 3499 5550 tunc
3535 5504 3668 5551 ova
3704 5502 3790 5548 ex

2235 5589 2723 5669 commotione,
2756 5599 2826 5659 et
2861 5590 3200 5682 praecipue
3228 5588 3287 5658 si
3344 5589 3492 5678 jam
3563 5590 3632 5657 in
3690 5587 3792 5655 eis

2239 5693 2508 5764 formati
2539 5704 2699 5764 sunt
2731 5695 2902 5786 pulli
2937 5717 2956 5764 ε
2988 5692 3122 5764 hoc
3148 5702 3382 5764 tamen
3410 5691 3787 5764 secundum
