4919 6371
1913 337 2082 406 LlB.
2136 336 2297 403 V111
2347 336 2468 402 DE
2515 333 3108 412 ANlMALlBUS,
3160 337 3476 404 TRACT.
3530 338 3592 403 V

4203 338 4333 405 483

1108 516 1291 587 sunt,
1321 506 1439 575 sed
1468 505 1946 581 diversimode,
1983 507 2311 593 quoniam
2343 528 2506 573 aves
2537 502 2666 571 ha·
2771 505 3045 596 quidem
3095 506 3181 573 ad
3228 515 3483 576 terram
3548 507 3830 592 vitutus,
3872 517 3940 576 et
4005 510 4331 580 dividitur

1104 613 1270 683 bent
1305 613 1651 683 testiculos
1702 613 1770 677 in
1818 611 2042 678 medio
2084 635 2449 704 corporum
2497 636 2663 681 suo-

1105 746 1282 789 rum.
1343 719 1784 787 Ambulantia
1843 727 2069 786 autem
2130 744 2279 812 quae
2329 729 2662 814 generant

1104 829 1233 895 sibi
1262 827 1535 904 similia,
1580 824 1834 894 habent
1864 829 2210 898 testiculos
2241 838 2318 897 ut
2352 832 2423 898 in
2452 830 2661 921 pluri-

1102 935 1229 1001 bus
1259 942 1450 1001 extra
1484 956 1731 1024 corpus
1763 958 2153 1026 suspensos.
2190 938 2269 1003 In
2318 936 2449 1004 hoc
2489 959 2660 1004 con-

1098 1042 1386 1110 veniunt
1413 1045 1645 1111 omnia
1674 1043 1994 1112 animalia
2026 1044 2370 1112 testiculos
2401 1044 2659 1111 haben-

1099 1152 1217 1231 tia,
1254 1152 1437 1241 quod
1467 1154 1536 1221 in
1567 1152 1885 1222 omnibus
1917 1161 2075 1220 sunt
2107 1155 2175 1219 in
2208 1152 2341 1219 line
2366 1152 2648 1230 ventriS,

1097 1266 1167 1325 et
1201 1261 1259 1326 si
1291 1259 1535 1351 aliquis
1591 1259 1926 1349 acceperit
1963 1257 2222 1349 gallum
2279 1258 2687 1349 perfectum‘

1097 1367 1213 1454 qui
1250 1364 1452 1434 habet
1481 1366 1713 1433 onmia
1741 1364 2048 1431 membra
2076 1386 2198 1431 sua
2227 1364 2649 1456 principalia,

1094 1480 1161 1538 et
1198 1471 1430 1539 fecerit
1456 1472 1517 1539 ei
1555 1470 2018 1538 comburendo
2060 1471 2165 1539 bis
2194 1472 2303 1540 vel
2343 1481 2449 1540 ter
2486 1494 2654 1540 cau-

1091 1577 1339 1643 terium
1371 1578 1546 1644 inter
1572 1577 1780 1645 tinem
1799 1577 2056 1644 ventris
2077 1584 2145 1645 et
2173 1578 2472 1645 radicem
2499 1598 2654 1645 cau-

1093 1682 1233 1769 dae,
1255 1684 1484 1751 statim
1514 1683 1869 1752 submittet
1895 1684 2209 1762 caudam,
2256 1692 2322 1752 et
2358 1683 2654 1752 mutabit

1092 1791 1418 1869 colorem,
1446 1800 1526 1859 et
1563 1814 1703 1859 non
1750 1790 2047 1859 cantabit
2086 1792 2169 1859 de
2198 1800 2468 1869 caetero,
2522 1813 2651 1859 ne-

1091 1922 1222 1990 que
1250 1909 1506 1991 quaeret
1533 1902 1717 1970 coire
1745 1924 1903 1969 cum
1950 1900 2223 1990 gallinis
2257 1923 2273 1968 ε
2321 1909 2394 1969 et
2418 1904 2477 1968 si
2513 1900 2648 1970 hoc

1086 2006 1319 2075 fecerit
1343 2010 1406 2075 ei
1428 2007 1655 2076 adhuc
1681 2007 1869 2099 pullo
1900 2009 2243 2085 existenti,
2279 2031 2418 2076 non
2449 2008 2648 2076 faciet

1087 2122 1324 2207 postea
1366 2139 1539 2207 opus
1586 2116 2073 2184 masculorum.
2140 2115 2472 2184 Similiter
2517 2139 2649 2183 au-

1088 2232 1226 2291 tem
1283 2223 1524 2292 accidit
1579 2222 1844 2292 homini
1900 2225 2173 2315 quando
2239 2232 2574 2292 castratur
2625 2246 2641 2291 :

1087 2353 1302 2422 puero
1330 2333 1513 2400 enim
1546 2340 1838 2400 castrato
1885 2353 2025 2399 non
2055 2332 2372 2398 oriuntur
2415 2330 2535 2422 pili
2575 2331 2644 2398 in

1087 2438 1241 2507 loco
1271 2439 1342 2506 in
1380 2462 1517 2530 quo
1555 2446 1959 2507 consuetum
1989 2446 2092 2507 est
2120 2440 2280 2506 oriri
2322 2437 2500 2529 pilos
2536 2439 2647 2506 vi-

1088 2548 1204 2625 ris,
1248 2568 1469 2638 neque
1524 2554 1827 2614 mutatur
1869 2569 2007 2614 vox
2053 2548 2223 2637 ejus.
2279 2545 2353 2612 Si
2414 2555 2643 2614 autem

1078 2656 1225 2744 jam
1260 2654 1531 2723 adultus
1568 2663 1671 2723 est
1716 2663 1780 2723 et
1808 2654 2109 2746 pollutus
2148 2662 2252 2722 est
2291 2676 2414 2745 per
2448 2676 2644 2722 som-

1086 2764 1304 2843 nium,
1335 2785 1476 2831 non
1505 2765 1811 2832 orientur
1846 2765 1908 2831 ei
1939 2762 2059 2854 pili
2088 2760 2297 2853 aliqui
2332 2763 2446 2853 qui
2478 2785 2638 2831 con-

1081 2879 1450 2940 sueverunt
1474 2873 1661 2950 oriri,
1689 2871 1817 2939 nisi
1840 2870 1955 2962 pili
1986 2871 2273 2962 pectinis
2304 2878 2574 2939 tantum
2618 2892 2634 2937 ε

1082 2984 1150 3046 et
1187 2977 1285 3044 illi
1342 2985 1540 3046 erunt
1593 2978 1727 3046 rari
1785 2986 1851 3045 et
1896 2978 2093 3068 pauci
2132 2983 2201 3045 et
2254 2976 2538 3045 subtiles
2574 2985 2643 3045 et

1077 3085 1387 3177 graciles,
1432 3093 1498 3155 et
1526 3086 1831 3155 calvities
1868 3108 2245 3178 numquam
2276 3086 2517 3155 accidit
2544 3094 2644 3154 ta-

1079 3193 1258 3263 libus
1293 3194 1627 3265 eunuchis
1661 3218 1677 3264 ε
1710 3196 1884 3265 tales
1935 3196 2117 3265 enim
2147 3218 2294 3265 esse
2340 3218 2640 3266 consue-

1081 3310 1329 3370 verunt
1392 3303 1509 3393 qui
1564 3303 1871 3371 serviunt
1927 3300 2265 3371 cubilibus
2320 3302 2643 3372 immina-

1080 3432 1261 3478 rum.
1283 3408 1510 3480 Voces
1523 3418 1754 3480 autem
1785 3409 2094 3479 omnium
2116 3409 2636 3502 quadrupedum

1080 3525 1238 3608 post
1262 3520 1744 3588 castrationem
1794 3525 2174 3599 mutantur,
2208 3526 2276 3588 et
2323 3517 2640 3589 afliciun-

1078 3631 1191 3692 tur
1227 3627 1401 3695 sicut
1422 3626 1888 3695 t'oeminarum.
2450 3632 2455 3639 ’

1166 3730 1414 3801 Adhuc
1449 3740 1678 3801 autem
1736 3733 1807 3800 in
1858 3731 2179 3800 omnibus
2225 3730 2637 3801 animalibus

1081 3837 1636 3930 quadrupedibus
1663 3861 1752 3907 ex
1778 3839 2187 3908 castratione
2214 3837 2457 3907 accidit
2487 3860 2640 3906 mu-

1078 3947 1249 4015 tatio
1287 3946 1520 4039 tigurae
1548 3946 1853 4039 corporis
1888 3968 2155 4027 eorum,
2180 3953 2635 4038 praeterquam

1079 4053 1152 4121 in
1190 4053 1413 4146 porcis
1440 4051 1844 4146 agrestibus,
1880 4052 1948 4122 in
1976 4051 2224 4145 quibus
2255 4076 2339 4121 ex
2375 4061 2638 4123 castra-

1074 4160 1263 4229 tione
1290 4159 1480 4230 nulla
1507 4159 1829 4230 notabilis
1865 4159 2108 4229 accidit
2136 4161 2425 4231 mutatio
2467 4162 2633 4254 tigu-

1073 4290 1187 4336 rae.
1242 4266 1493 4336 Omnia
1548 4267 1735 4337 enim
1791 4267 1927 4337 alia
1980 4267 2303 4336 animalia
2358 4269 2634 4360 quando

1071 4383 1457 4444 castrantur
1482 4375 1555 4443 in
1574 4370 1961 4465 juventute,
1993 4376 2383 4448 efficiuntur
2416 4378 2636 4467 majo-

1073 4508 1150 4553 ra
1220 4508 1237 4553 :
1305 4481 1425 4553 sed
1485 4486 1547 4553 si
1608 4494 1985 4555 castrentur
2046 4492 2203 4576 post
2264 4486 2632 4577 perfectam

1076 4592 1558 4684 quantitatem,
1611 4614 1752 4659 non
1798 4600 2137 4683 augentur
2191 4600 2473 4685 propter
2515 4615 2636 4662 ca-

1074 4701 1500 4770 strationem.
1526 4696 1723 4768 Cervi
1746 4705 1971 4767 autem
1992 4698 2047 4767 si
2070 4706 2450 4769 castrentur
2474 4708 2632 4769 ante

1071 4814 1297 4876 ortum
1336 4829 1698 4885 cornuum,
1743 4814 1981 4898 postea
2006 4829 2147 4875 non
2190 4807 2507 4878 oriuntur
2530 4810 2632 4878 eis

1068 4936 1325 4984 cornua
1371 4937 1389 4984 t
1421 4923 1491 4984 et
1524 4916 1582 4983 si
1620 4923 2001 4984 castrentur
2025 4923 2180 5006 post
2209 4923 2436 4984 ortum
2475 4939 2629 4985 cor-

1076 5045 1319 5104 nuum,
1359 5044 1500 5092 non
1537 5029 1876 5113 augentur
1912 5023 2008 5090 eis
2039 5044 2295 5091 cornua
2324 5031 2627 5105 extunc,

1074 5150 1293 5220 neque
1320 5128 1686 5198 mutabunt
1716 5148 1819 5197 ea.
1846 5126 2061 5196 Vituli
2081 5139 2313 5199 autem
2337 5139 2633 5200 castran-

1073 5244 1188 5305 tur
1221 5243 1378 5327 post
1422 5259 1679 5306 annum
1720 5258 1961 5315 unum,
1995 5243 2063 5305 et
2104 5244 2268 5308 ωηο
2295 5248 2633 5332 augentur

1070 5351 1140 5412 et
1166 5342 1553 5413 efficiuntur
1579 5345 1817 5437 magni
1851 5364 1868 5411 ε
1903 5349 1971 5412 et
1997 5345 2053 5412 si
2084 5365 2222 5413 non
2252 5356 2632 5416 castrentur

1067 5458 1255 5536 ωηο,
1290 5450 1411 5521 sed
1437 5459 1593 5542 post
1612 5459 1882 5522 aetatem
1909 5451 2300 5544 perfectam,
2335 5476 2474 5522 non
2503 5477 2633 5523 au·-

1068 5565 1316 5649 gentur
1349 5565 1629 5649 propter
1682 5559 2185 5628 castrationem.
2236 5557 2454 5628 Vituli
2501 5583 2633 5629 au-

1069 5671 1212 5731 tem
1248 5662 1397 5732 hoc·
1436 5661 1645 5731 modo
1698 5670 2104 5733 castrantur.
2167 5664 2631 5739 prosternitur

2765 615 3030 682 corium
3097 616 3280 695 oxei,
3351 626 3421 685 et
3477 617 3955 706 exprimuntur
4009 618 4323 698 testiculi,

2764 732 2832 790 et
2888 722 3190 813 ligantur
3252 726 3447 793 nervi
3508 724 3977 793 testiculorum
4037 724 4319 803 fortiter,

2764 838 2831 897 et
2893 839 3056 896 tunc
3121 831 3618 899 abscinduntur
3682 831 3998 910 testiculi,
4069 841 4135 899 et
4189 832 4329 898 eri-

2763 945 3021 1027 guntur
3078 938 3338 1007 radices
3408 961 3776 1007 nervorum
3833 941 4171 1006 cineribus
4215 941 4325 1006 in-

2753 1044 2953 1132 jectis
3003 1046 3071 1112 in
3118 1045 3372 1114 vulnus
3417 1069 3432 1114 :
3478 1056 3544 1115 et
3596 1049 3651 1114 si
3683 1054 4065 1137 coquantur
4107 1050 4318 1124 nervi,

2761 1152 3006 1220 melius
3047 1155 3174 1220 erit
3223 1163 3458 1222 contra
3501 1153 3855 1244 sanguinis
3901 1153 4189 1220 fluxum.
4247 1151 4321 1219 Si

2761 1269 2991 1329 autem
3049 1271 3405 1352 apostema
3459 1262 3777 1331 acciderit
3833 1263 3901 1328 in
3957 1261 4108 1329 loco
4177 1260 4315 1336 illo,

2759 1369 3215 1458 pulverizatus
3246 1368 3600 1437 testiculus
3639 1377 3705 1437 et
3743 1368 3894 1436 loco
3927 1369 4322 1459 supraposi-

2761 1484 2892 1555 ωε,
2944 1477 3073 1543 erit
3118 1478 3540 1545 conveniens
3591 1500 3752 1544 cura
3783 1476 4018 1566 ipsine.
4060 1475 4322 1542 Accidit

2757 1591 2988 1650 autem
3020 1591 3219 1651 tauro
3250 1591 3544 1651 castrato
3593 1590 3669 1651 et
3702 1584 3891 1650 omni
3930 1582 4206 1649 animali
4236 1581 4318 1650 de

2755 1699 3000 1759 caetero
3046 1714 3185 1758 non
3235 1714 3588 1783 generare,
3639 1698 4002 1782 postquam
4032 1699 4321 1757 castrata

2753 1807 2938 1877 suut,
2973 1801 3438 1888 praeterquam
3465 1796 3602 1867 hoc'
3627 1797 3860 1877 modo,
3885 1799 4060 1867 sicut
4080 1795 4161 1866 de
4183 1796 4318 1865 hir-

2760 1929 2839 1973 co
2860 1913 3152 1974 castrato
3196 1906 3264 1972 in
3297 1904 3691 1995 praehabitis
3729 1904 3989 1973 dictum
4021 1912 4143 1973 est.

2844 2010 3195 2079 Multoties
3226 2020 3458 2080 autem
3489 2012 3694 2079 etiam
3726 2033 3810 2079 ex
3839 2008 4173 2101 porcabus
4203 2008 4323 2075 ab·

2752 2116 3084 2184 scinditur
3121 2118 3191 2185 id
3231 2117 3420 2208 quod
3463 2118 3764 2207 cat-sarie
3801 2125 4077 2204 vocant,
4117 2125 4184 2183 et
4222 2123 4324 2183 est

2749 2247 2908 2315 pars
2939 2227 3240 2294 matricis
3271 2227 3341 2293 in
3382 2248 3517 2317 qua
3566 2223 3821 2294 haerent
3854 2223 4144 2293 testiculi
4193 2247 4208 2290 :
4253 2232 4320 2290 et

2748 2340 2986 2421 postea
3044 2354 3187 2399 non
3231 2333 3648 2422 concipiunt.
3693 2329 3799 2397 Fit
3854 2340 4080 2398 autem
4112 2331 4315 2396 etiam

2751 2437 2886 2507 hoc
2916 2440 2986 2506 in
3016 2439 3316 2508 foeminis
3345 2448 3413 2507 et
3452 2438 3724 2530 gallinis
3753 2436 4147 2528 aliquando,
4183 2438 4317 2504 sic-

2748 2552 2825 2613 ut
2866 2546 3235 2637 probatum
3293 2554 3395 2614 est
3461 2544 3888 2637 temporibus
3954 2545 4204 2613 nostris
4243 2546 4311 2611 in

2748 2654 3007 2734 multiS,
3042 2663 3295 2725 etcum
3326 2664 3567 2747 postea
3593 2677 3733 2723 non
3763 2654 4072 2744 indigent
4099 2654 4305 2730 coitu,

2747 2785 2967 2853 neque
3033 2764 3455 2852 concipiunt,
3542 2763 4058 2853 impinguantur
4141 2761 4298 2828 cito.

2750 2872 2922 2940 Cum
2971 2879 3203 2938 autem
3236 2869 3368 2939 hoc
3406 2870 3549 2938 fieri
3591 2870 3817 2949 debet,
3867 2867 4314 2960 prohibentur

2747 3004 2784 3047 a
2818 2978 2987 3047 cibis
3027 3001 3147 3069 per
3177 2977 3351 3046 duos
3391 2977 3560 3062 dies,
3594 2986 3660 3046 et
3688 2986 3848 3045 tunc
3878 2975 4313 3067 suspendun-

2745 3096 2859 3155 tur
2884 3084 3172 3177 pedibus
3201 3085 3696 3177 posterioribus
3734 3107 4032 3168 sursum,
4076 3092 4151 3152 ut
4202 3085 4314 3151 in-

2744 3196 2990 3265 testina
3050 3194 3486 3263 retrahantur
3523 3217 3564 3263 a
3619 3194 3897 3262 matrice
3963 3214 3978 3260 ε
4025 3200 4094 3260 et
4152 3201 4313 3260 tunc

2744 3303 3154 3372 abscindunt
3193 3304 3291 3371 cis
3318 3302 3453 3371 hoc
3483 3302 3666 3396 quod
3706 3311 3988 3369 anter-on
4030 3310 4298 3377 vocant,

2742 3411 2875 3481 hoc
2904 3420 3030 3495 cst,
3054 3411 3286 3480 locum
3318 3410 3438 3479 ubi
3464 3419 3623 3479 sunt
3647 3408 3940 3480 testiculi
3963 3411 4254 3478 marium
4281 3433 4298 3477 ε

2743 3520 2907 3611 quia
2937 3519 3032 3588 ibi
3071 3521 3142 3587 in
3173 3518 3484 3588 interiori
3521 3525 3713 3610 parte
3760 3517 4027 3586 matrici
4065 3515 4304 3584 adhoe-

2742 3637 2971 3698 rentes
2997 3634 3161 3697 sunt
3209 3628 3420 3696 etiam
3468 3623 3760 3695 testiculi
3798 3646 4188 3717 porcarum,
4237 3633 4303 3692 et

2743 3735 3039 3804 aliorum
3094 3735 3235 3805 fere
3293 3735 3609 3805 omnium
3669 3733 4071 3804 animalium
4109 3733 4308 3821 juxta

2741 3844 3027 3914 interius
3053 3845 3398 3915 orificium
3427 3843 3678 3913 valvae.
3719 3870 3722 3877 ‘

2828 3950 3092 4022 Cameli
3117 3942 3291 4021 vero
3335 3953 3589 4045 quibus
3627 3948 3943 4021 homines
3967 3948 4302 4019 habentes

2738 4057 2996 4128 bellum
3083 4060 3181 4129 uti
3247 4056 3658 4139 desiderant,
3725 4067 4131 4134 castrantur,
4213 4080 4296 4124 eo

2740 4165 2929 4259 quod
2955 4174 3119 4236 ωηο
3147 4165 3563 4258 elongantur
3586 4164 3801 4233 latera
3837 4186 4100 4233 eorum.
4141 4161 4303 4230 Om-

2740 4297 2827 4342 ne
2853 4274 3039 4343 enim
3071 4273 3328 4343 animal
3385 4281 3758 4343 castratum
3813 4271 3968 4363 plus
4011 4269 4303 4359 elonga·

2737 4390 2852 4449 tur
2888 4403 3099 4474 quam
3156 4401 3299 4449 non
3350 4387 3770 4449 castratum:
3830 4386 3901 4446 et
3937 4377 4100 4470 quia
4136 4384 4300 4444 ωηο

2739 4487 3174 4581 elongantur,
3207 4486 3596 4579 longiorem
3623 4486 3882 4555 faciunt
3901 4505 4209 4578 passum,
4232 4491 4299 4552 et

2739 4594 3120 4666 velociores
3176 4595 3354 4664 liunt
3389 4595 3477 4665 ad
3509 4593 4009 4687 insequendum
4041 4592 4295 4671 hostes,

2742 4703 2851 4772 vel
2899 4703 2985 4772 ad
3035 4703 3443 4795 fugiendum
3483 4724 3626 4772 eos.
3697 4702 3783 4772 Et
3828 4699 3961 4771 hoc
3989 4700 4136 4792 jam
4173 4722 4295 4767 ex-

2738 4818 3010 4900 pertum
3048 4815 3196 4878 est:
3229 4808 3562 4901 quoniam
3601 4806 3881 4899 quidam
3928 4807 3999 4874 in
4043 4805 4300 4873 monti-

2737 4917 2867 4985 bus
2895 4915 3249 4985 altissimis
3277 4915 3611 4985 habentes
3651 4912 4051 5006 praesidium
4082 4933 4296 5004 prop-

2739 5033 2843 5093 ter
2871 5022 3131 5105 hostes,
3176 5023 3305 5093 tria
3327 5022 3546 5092 millia
3584 5018 3931 5091 habebant
3964 5028 4298 5089 castrato-

2736 5156 2892 5200 rum
2920 5130 3373 5211 camelorum,
3407 5138 3476 5200 et
3522 5150 3609 5198 ex
3646 5127 3782 5197 illis
3820 5126 4052 5197 hostes
4101 5149 4300 5196 com-

2736 5238 3249 5331 prehenderunt
3320 5238 3596 5329 saepius,
3640 5242 3707 5304 et
3760 5233 4189 5328 effugerunt:
4231 5244 4300 5302 et

2736 5355 2902 5416 tunc
2939 5346 3185 5415 cameli
3213 5366 3356 5415 non
3392 5350 3649 5414 curant·
3670 5342 3968 5434 amplius
4004 5344 4301 5422 coire,et

2739 5454 3126 5525 efficiuntur
3153 5462 3453 5525 vecturae
3499 5449 3701 5522 valde
3738 5451 3963 5520 utiles.

2817 5560 2988 5632 Post
3003 5562 3492 5631 castrationem
3510 5560 3719 5631 etiam
3733 5558 4059 5629 animalia
4074 5557 4295 5649 magis

2736 5668 3126 5739 efficiuntur
3152 5677 3513 5738 mansueta
3545 5675 3613 5739 et
3639 5663 4184 5757 disciplinabilis,
4207 5685 4291 5731 eo
