4919 6371
499 374 625 440 332

496 544 703 610 nimia
737 562 1025 609 ovorum
1059 538 1417 603 dilectione
1455 560 1468 602 :
1504 539 1674 604 sicut
1700 538 1903 604 etiam
1926 562 2048 629 pro

493 650 696 740 pullis
724 647 1050 715 ducendis
1083 655 1392 738 pugnant
1418 669 1579 738 grus
1613 647 1955 715 masculus
1985 656 2053 716 et

495 779 656 847 grus
687 756 965 820 foemina
1009 777 1025 821 ;
1069 756 1163 821 ita
1236 753 1421 843 quod
1478 754 1776 822 vidimus
1837 755 2049 822 oculis

495 863 743 928 nostris
791 884 1031 952 gruem
1081 885 1338 931 marem
1372 862 1656 952 dejicere
1697 862 2047 928 foeminam

494 992 758 1059 gruem,
793 980 858 1039 et
886 972 1190 1040 occidere
1221 980 1439 1040 rostro
1465 970 1780 1037 undecim
1811 967 2049 1032 vulne-

499 1076 680 1144 ribus
711 1077 837 1146 sibi
868 1079 1067 1156 datis,
1111 1101 1191 1146 eo
1224 1077 1406 1167 quod
1454 1074 1678 1164 pullos
1719 1071 2047 1138 abstraxit

498 1206 538 1250 a
569 1207 754 1252 mare
782 1209 868 1253 ne
899 1191 1343 1274 sequerentur
1390 1202 1547 1246 eum
1592 1200 1606 1243 :
1651 1186 1720 1244 et
1769 1176 1898 1244 lioc
1926 1201 2045 1243 ac-

496 1287 656 1355 cidit
694 1290 762 1354 in
794 1287 1104 1368 Colonia,
1136 1284 1251 1351 ubi
1291 1291 1449 1349 sunt
1478 1305 1678 1372 grues
1716 1281 2046 1348 domesti-

494 1415 585 1459 cae
619 1391 1089 1482 pulliticantes.

582 1498 940 1567 Generatio
990 1507 1219 1566 autem
1290 1498 1635 1588 pullorum
1705 1504 2039 1587 quantum

489 1604 573 1671 ad
613 1605 827 1695 ipsam
870 1605 982 1674 ovi
1058 1603 1707 1672 transmutationem
1768 1610 1833 1668 et
1872 1624 2041 1667 ana-

488 1712 771 1780 tomiam
804 1721 904 1781 est
934 1714 1073 1781 fere
1104 1711 1478 1780 secundum
1506 1731 1721 1777 unum
1754 1707 2036 1774 modum

485 1820 552 1885 in
584 1819 902 1885 omnibus
933 1818 1175 1886 avibus
1215 1817 1482 1906 magnis
1530 1824 1596 1882 et
1657 1816 1908 1905 parvis.
1958 1814 2038 1880 Et

480 1924 606 1991 hoc
637 1925 1082 1993 ostendemus
1113 1926 1183 1991 in
1223 1925 1373 1990 ovis
1415 1924 1633 2012 magis
1665 1923 1848 1988 notis
1879 1942 2029 2010 quae

479 2040 634 2099 sunt
685 2055 818 2101 ova
874 2032 1312 2125 gallinarum,
1383 2031 1463 2099 de
1513 2029 1763 2120 quibus
1811 2031 2037 2097 scien-

485 2140 644 2206 ‹lum
678 2148 802 2223 est,
828 2140 1011 2230 quod
1042 2138 1295 2207 habent
1324 2147 1461 2206 tres
1486 2136 1835 2226 pelliculas
1872 2137 2036 2204 uni-

482 2250 799 2327 versales,
844 2272 1135 2341 quarum
1183 2272 1320 2316 una
1376 2258 1474 2316 est
1531 2271 1681 2338 quae
1738 2250 2035 2316 exterius

479 2357 921 2447 conjungitur
948 2362 1162 2431 testae,
1196 2377 1347 2447 quae
1379 2355 1513 2422 fere
1564 2362 1664 2422 est
1703 2353 1877 2420 sicut
1905 2354 2037 2420 ‹lu-

477 2486 551 2529 ra
573 2471 789 2531 mater
819 2464 887 2530 in
918 2464 1137 2553 capite
1204 2461 1543 2530 hominis:
1601 2461 1906 2529 etaltera
1934 2467 2037 2528 est

484 2570 657 2638 intra
736 2571 936 2638 istam
1015 2592 1164 2661 quae
1240 2570 1541 2638 continet
1609 2568 2030 2657 albuginem,

488 2700 638 2767 qua·
674 2686 769 2744 est
811 2679 987 2745 sicut
1017 2677 1131 2767 pia
1162 2684 1380 2744 mater
1418 2676 1671 2744 cerebri
1706 2674 2030 2743 humani:

484 2792 549 2849 et
592 2781 719 2851 lioc
749 2792 1027 2874 apparet
1062 2785 1128 2849 in
1161 2783 1309 2849 ovis
1340 2783 1662 2872 antiquis,
1712 2804 1865 2872 quae
1936 2804 2037 2848 re-

484 2888 802 2956 sederunt
840 2886 1343 2979 aliquantulum
1385 2909 1422 2953 a
1465 2893 1634 2952 testa
1701 2891 2027 2953 retracta:

480 2994 546 3058 in
606 2991 711 3060 his
768 2995 951 3061 enim
1031 2992 1229 3061 oculo
1298 3000 1623 3081 apparent
1699 2989 2034 3080 praedictae

476 3100 828 3189 pelliculae.
863 3101 1086 3169 Tertia
1144 3124 1308 3168 vere
1366 3109 1489 3176 est,
1562 3122 1714 3189 quae
1748 3098 2031 3166 includit

484 3210 794 3277 vitellum
833 3212 974 3278 ovi.

569 3316 643 3383 ln
682 3316 957 3407 gallinis
996 3316 1205 3404 igitur
1242 3323 1604 3406 postquam
1646 3336 1777 3379 uva
1823 3313 2032 3380 cuba-

475 3432 719 3490 verunt
752 3445 875 3514 per
911 3433 1050 3491 tres
1086 3422 1256 3500 dies,
1317 3422 1542 3489 statim
1595 3431 1876 3511 apparet
1915 3423 2026 3488 ovi

475 3529 558 3597 ad
594 3530 886 3598 formam
918 3529 1086 3621 pulli
1115 3532 1444 3597 mutatio:
1487 3534 1821 3600 tamenin
1880 3556 2032 3602 ma-

466 3638 735 3726 joribus
773 3637 1016 3705 avibus
1043 3638 1170 3704 erit
1200 3634 1331 3705 hoc
1369 3644 1524 3728 post
1553 3638 1780 3729 plures
1839 3642 2022 3711 dies:

478 3752 540 3811 et
574 3744 640 3811 in
674 3744 1059 3812 minoribus
1089 3742 1331 3811 avibus
1369 3766 1576 3835 quam
1643 3747 1778 3814 sint
1838 3748 2031 3838 galli-

476 3872 607 3926 noe,
651 3852 776 3919 erit
814 3849 947 3920 hoc
984 3858 1138 3941 post
1162 3850 1515 3942 pauciores
1543 3851 1713 3926 dies,
1747 3876 2029 3943 propor-

477 3961 817 4028 tionaliter
887 3967 1169 4051 pensata
1225 3960 1623 4050 quantitate.
1691 3960 1764 4028 ln
1804 3964 2023 4053 spatio

470 4068 653 4133 enim
693 4066 956 4134 dierum
1010 4066 1215 4133 trium
1272 4068 1340 4133 iu
1389 4065 1661 4155 gallinis
1722 4070 2025 4138 ascendit

469 4175 786 4241 citrinum
818 4175 929 4241 ovi
954 4197 1189 4242 versus
1219 4196 1506 4242 acumen
1538 4176 1680 4255 ovi,
1713 4198 1796 4243 eo
1837 4178 2021 4267 quod

472 4282 564 4352 ibi
594 4290 697 4350 est
762 4283 985 4370 major
1019 4282 1209 4351 calor
1255 4291 1319 4349 et
1367 4282 1471 4349 vis
1509 4287 1909 4374 spermatis:
1953 4294 2020 4355 et

470 4388 670 4457 trahit
703 4389 785 4457 ad
817 4412 890 4456 se
930 4390 1282 4457 materiam
1312 4387 1598 4456 cibalem
1634 4391 1813 4456 unde
1851 4395 2019 4459 acci·

466 4497 561 4587 pit
617 4497 1169 4588 supplementum
1228 4498 1475 4567 carnis.
1548 4518 1758 4587 quam
1824 4502 2016 4588 ponit

465 4603 642 4669 inter
677 4624 926 4670 nervos
961 4610 1031 4669 et
1057 4624 1309 4671 venas:
1369 4605 1542 4671 sicut
1573 4603 2019 4693 supplemen-

466 4715 608 4777 tum
640 4709 888 4801 accipit
914 4709 1131 4778 virtus
1165 4708 1530 4778 formativa
1595 4732 1749 4801 quae
1806 4719 1903 4779 est
1946 4712 2014 4780 in

461 4814 915 4906 spermatibus
944 4814 1347 4883 animalium
1377 4819 1851 4905 generantium
1884 4819 2011 4893 sibi

462 4922 736 5001 similia,
770 4946 854 4992 ex
910 4920 1244 5014 sanguine
1275 4930 1671 4992 menstruo:
1737 4938 2016 5019 propter

459 5027 640 5119 quod
672 5030 881 5097 etiam
918 5051 1078 5097 caro
1111 5027 1480 5097 materialis
1511 5038 1637 5111 est,
1681 5051 1835 5120 quae
1902 5035 2014 5100 in-

460 5138 609 5203 lluit
645 5145 713 5203 et
740 5136 958 5205 eflluit
993 5160 1116 5228 per
1170 5145 1618 5228 augmentum
1685 5144 1750 5203 et
1804 5136 2012 5205 dimi-

460 5246 813 5313 nutionem
879 5253 945 5314 et
1021 5245 1504 5337 pinguedinem
1571 5254 1634 5313 et
1691 5248 2003 5315 maciem.

462 5352 573 5418 Sic
604 5361 831 5422 autem
862 5354 1266 5422 ascendente
1319 5354 1563 5420 citrino
1602 5352 1687 5421 ad
1717 5374 2006 5422 acumen

460 5462 597 5536 ovi,
632 5461 961 5528 continuo
1001 5459 1302 5529 ascendit
1348 5469 1637 5529 tractum
1686 5460 1770 5529 ad
1811 5461 2008 5531 illum

460 5564 689 5633 locum
718 5564 859 5645 ovi,
894 5562 1011 5633 ubi
1039 5575 1320 5654 apparet
1356 5564 1597 5634 fissura
1671 5567 1739 5634 in
1803 5575 2003 5649 testa,

458 5666 732 5760 quando
762 5666 1111 5756 egreditur
1129 5669 1357 5760 pullus
1383 5694 1400 5740 ε
1432 5670 1578 5741 baec
1605 5674 1791 5741 enim
1813 5672 2009 5742 lissu-

1506 368 1587 435 D.
1642 367 1843 435 ALB.
1897 366 2114 437 MAG.
2168 367 2373 435 ORD.
2427 369 2720 438 PRAED.

2160 562 2230 604 ra
2261 538 2430 606 sitin
2461 540 2785 628 superiori
2818 548 3006 628 parte
3071 542 3183 608 ovi
3242 564 3480 607 versus
3543 564 3709 607 acu-

2158 668 2312 712 men
2346 647 2458 713 ubi
2491 647 2817 713 formatur
2838 657 3041 738 caput
3081 657 3148 716 et
3188 657 3484 716 rostrum
3516 651 3700 717 avis:

2159 761 2225 818 et
2279 752 2390 818 ubi
2434 761 2789 841 postquam
2829 755 3129 820 ascendit
3187 758 3534 834 citrinuin‚
3588 779 3704 846 ap-

2156 865 2344 943 paret
2372 857 2438 921 in
2478 854 2629 921 albo
2661 858 2770 922 ovi
2818 859 3010 945 quasi
3060 869 3251 947 gutta
3293 865 3689 950 sanguinis:

2161 969 2225 1028 et
2278 961 2390 1028 illa
2445 972 2634 1051 gutta
2706 965 3055 1052 sanguinis
3129 968 3447 1054 primitus
3526 971 3700 1036 inter

2162 1067 2465 1134 membra
2490 1067 2813 1134 formatur
2850 1071 3067 1137 incer
3107 1073 3275 1147 avis,
3347 1074 3529 1163 quod
3570 1084 3704 1142 sta·

2154 1174 2272 1240 tim
2313 1184 2384 1242 ut
2436 1177 2783 1256 formatur,
2843 1180 3086 1268 spiritu
3145 1180 3432 1269 plenum
3474 1193 3576 1251 est
3619 1206 3701 1250 ex

2150 1280 2371 1349 calore
2408 1283 2747 1374 digerente
2789 1295 2852 1352 et
2907 1285 3252 1353 formante
3302 1287 3683 1363 humidum,

2150 1388 2219 1452 in
2250 1410 2385 1477 quo
2415 1392 2651 1479 spiritu
2689 1390 2875 1459 vehit
2931 1415 3002 1458 se
3070 1393 3288 1460 virtus
3341 1394 3700 1460 formative

2148 1500 2217 1564 iu
2253 1497 2724 1565 formationem
2775 1500 3070 1567 aliorum
3106 1503 3574 1570 membrorum
3608 1527 3689 1571 ex

2144 1602 2368 1680 corde,
2420 1605 2534 1693 qui
2591 1608 2808 1672 exitus
2871 1608 3149 1695 spiritus
3214 1631 3254 1673 a
3293 1611 3495 1677 corde
3550 1633 3688 1678 non

2146 1707 2219 1773 tit
2249 1709 2374 1774 nisi
2406 1732 2525 1799 per
2556 1721 2820 1780 motum
2873 1714 3094 1781 cordis
3158 1716 3533 1783 seeundum
3566 1741 3686 1807 sy-

2142 1813 2383 1881 stolem
2407 1826 2468 1883 et
2502 1817 2886 1900 diastolem:
2912 1828 2975 1885 et
3000 1820 3148 1889 ideo
3193 1830 3355 1889 tunc
3384 1845 3499 1890 cor
3541 1845 3687 1890 mo-

2144 1929 2381 1987 vetur:
2452 1925 2571 1992 sed
2635 1948 2671 1992 a
2735 1927 3065 2015 principio
3124 1936 3286 1996 tuuc
3325 1939 3425 1996 est
3465 1928 3687 1997 lentus

2145 2033 2370 2091 motus
2428 2028 2898 2119 ejus-propter
2962 2031 3254 2098 multum
3321 2031 3679 2101 humidum

2143 2132 2324 2220 quod
2365 2137 2551 2202 estin
2594 2137 2761 2226 ipsu,
2798 2139 2980 2228 quod
3009 2141 3139 2205 cito
3172 2163 3210 2206 a
3241 2139 3464 2208 calore
3497 2141 3676 2210 vinci

2143 2261 2281 2308 nou
2320 2251 2560 2331 potest.
2615 2244 2837 2312 Metus
2901 2255 3128 2313 autem
3167 2246 3294 2313 ‘hic
3353 2247 3676 2338 relinquit

2142 2369 2532 2438 supponens
2605 2353 2898 2420 animam
2992 2353 3382 2421 sensibilem
3418 2376 3433 2420 z
3525 2355 3679 2422 licet

2141 2476 2278 2521 non
2309 2462 2467 2523 tunc
2501 2458 2655 2525 insit
2695 2467 2763 2524 ut
2805 2467 2992 2527 actus
3022 2461 3324 2550 eorporis
3374 2464 3674 2552 organici

2141 2562 2517 2650 praehabiti,
2561 2565 2674 2634 sed
2713 2567 2882 2633 sicut
2905 2567 3142 2634 artifex
3199 2570 3267 2635 in
3328 2570 3683 2636 artilieiato

2143 2668 2390 2738 faciens
2446 2682 2514 2740 et
2566 2675 2916 2742 instituens
2990 2699 3269 2765 organa,
3318 2679 3386 2742 in
3434 2676 3682 2766 quibus

2099 2778 2401 2868 ‘expleat
2433 2783 2587 2847 vita:
2618 2782 2973 2870 potentias,
3025 2782 3117 2849 l)e
3151 2783 3281 2850 hoc
3321 2791 3551 2850 tamen
3619 2786 3685 2850 in

2141 2887 2580 2975 sequentibus
2608 2911 2759 2955 cuni
2792 2888 2872 2956 de
2913 2891 3350 2979 qeneratione
3378 2890 3679 2956 leominis-

2140 3001 2400 3082 agetur,
2445 2997 2569 3063 erit
2597 2997 2816 3085 aptior
2835 2995 3024 3064 locus
3049 2996 3458 3087 inquirendi.

2229 3106 2283 3171 A
2316 3111 2499 3192 gutta
2543 3112 2766 3171 autem
2796 3104 3143 3194 sanguinis
3205 3127 3289 3170 ex
3356 3127 3490 3195 qua
3566 3129 3683 3170 eor

2141 3212 2490 3283 formatur,
2525 3217 2769 3278 exeunt
2797 3209 2947 3277 duoe
2972 3210 3099 3277 viae
3148 3212 3342 3301 quasi
3400 3211 3680 3279 venales

2139 3327 2207 3387 et
2243 3315 2627 3409 pulsatiles:
2653 3324 2718 3384 et
2744 3324 2845 3382 est
2871 3317 2940 3383 in
2971 3318 3067 3382 eis
3096 3318 3377 3406 sanguis
3416 3321 3672 3408 purior,

2138 3447 2224 3492 ex
2262 3448 2396 3515 quo
2429 3422 2778 3491 formando
2810 3433 2966 3491 sunt
2997 3423 3300 3490 membra
3336 3425 3675 3516 principu-

2138 3532 2253 3608 lia,
2295 3532 2468 3599 sicut
2530 3527 2759 3620 hepar.
2802 3536 2868 3597 et
2913 3529 3173 3620 pulmo.
3225 3538 3296 3598 et
3332 3531 3537 3599 talia:
3608 3543 3675 3601 et

2139 3638 2271 3706 illae
2309 3641 2439 3706 vize
2469 3639 2686 3729 primo
2715 3644 2874 3706 sunt
2900 3637 3098 3706 valde
3126 3662 3379 3730 parvae,
3425 3649 3495 3708 et
3529 3665 3675 3710 cre-

2135 3755 2329 3814 scunt
2357 3747 2702 3825 continue,
2736 3748 2829 3813 ita
2857 3746 3040 3837 quod
3079 3748 3534 3817 extendentur
3588 3750 3671 3817 ad

2133 3853 2300 3921 telas
2324 3853 2472 3921 illas
2493 3855 2884 3931 exteriores,
2905 3876 3059 3944 qua·
3087 3863 3297 3922 totam
3325 3855 3670 3923 includunt

2133 3960 2246 4027 ovi
2277 3959 2651 4028 materiam.
2694 3968 2760 4026 et
2790 3957 2878 4025 ibi
2922 3960 3252 4047 incipiunt
3307 3961 3669 4028 ramilicaii

2130 4066 2464 4133 divisione
2508 4064 2757 4132 multa:
2789 4065 2909 4133 sed
2946 4088 3080 4132 una
3150 4066 3370 4153 major
3433 4090 3668 4134 earum

2128 4179 2406 4262 apparet
2435 4171 2502 4237 in
2544 4170 2672 4238 tela
2729 4193 2880 4262 quae
2945 4170 3224 4238 includit
3256 4173 3367 4239 ovi
3409 4172 3673 4261 albugi-

2128 4299 2285 4344 nem
2319 4297 2337 4343 :
2382 4275 2496 4343 illa
2527 4279 2705 4345 enim
2729 4275 2978 4367 albugo
3009 4277 3204 4343 valde
3234 4287 3337 4344 est
3375 4278 3554 4360 alba,
3605 4291 3669 4348 et

2126 4408 2248 4476 per
2270 4407 2462 4453 venoe
2491 4382 2667 4451 illius
2695 4386 3011 4451 virtutem
3045 4394 3350 4452 mutatur
3375 4388 3567 4477 quasi
3604 4389 3668 4454 in

2126 4491 2465 4583 palearem
2505 4491 2837 4560 colorem:
2905 4501 2972 4558 et
3016 4501 3175 4559 tunc
3240 4495 3355 4559 via
3391 4492 3474 4560 de
3535 4515 3669 4583 qua

2125 4599 2446 4679 diximus,
2483 4600 2776 4690 procedit
2808 4599 2892 4666 ad
2961 4599 3185 4667 locum
3242 4600 3311 4667 in
3352 4621 3490 4690 quo
3522 4599 3668 4668 sor-

2124 4714 2352 4774 matur
2376 4715 2577 4798 caput
2612 4704 2802 4798 pulli,
2836 4713 3113 4796 portans
3143 4703 3302 4773 illuc
3337 4706 3663 4775 virtutem

2123 4822 2191 4883 et
2219 4814 2561 4905 puriorem
2601 4811 2980 4889 materiam,
3049 4832 3132 4878 ex
3172 4811 3422 4902 quibus
3459 4824 3664 4906 caput

2122 4924 2476 4999 formatur,
2528 4929 2593 4989 et
2621 4918 2972 4989 cerebrum
3013 4918 3197 5009 quod
3226 4927 3327 4986 est
3358 4919 3658 4987 medulla

2120 5031 2381 5120 capitis,
2412 5038 2480 5097 et
2519 5030 2586 5095 in
2623 5027 3026 5096 formatione
3055 5027 3295 5116 capitis
3357 5025 3661 5094 terinan-

2121 5146 2231 5205 tur
2277 5138 2479 5205 etiam
2508 5136 2824 5205 oculizet
2853 5138 3012 5226 quia
3063 5144 3220 5204 sunt
3241 5158 3325 5202 ex
3378 5135 3662 5207 hunnido

2120 5265 2339 5333 aqueo
2386 5241 2568 5333 quod
2596 5244 2710 5308 vix
2740 5241 3120 5332 completur
3145 5240 3371 5310 calore
3411 5243 3659 5332 primo,

2120 5361 2278 5419 sunt
2341 5349 2533 5418 valde
2573 5351 2798 5440 magni
2867 5359 3211 5438 turgentes
3258 5358 3415 5418 ante
3461 5363 3657 5443 caput

2118 5457 2313 5549 pulli,
2366 5467 2429 5525 et
2487 5465 2718 5546 postea
2765 5479 2805 5525 a
2852 5458 3122 5526 modico
3146 5467 3456 5549 tempore
3489 5462 3662 5527 resi-

2118 5567 2282 5636 dent
2313 5564 2805 5657 aliquautulum
2844 5576 2913 5636 et
2950 5567 3313 5658 deturgent
3339 5569 3656 5636 diminuti

2119 5681 2397 5771 propter
2409 5671 2656 5742 caloris
2674 5672 3123 5766 digestionem
3150 5696 3165 5742 ε
3201 5684 3270 5743 et
3287 5674 3416 5745 boc
3435 5684 3656 5745 totum
