4919 6371
527 459 658 526 584

528 629 1070 716 conjecturamus
1103 622 1181 689 de
1225 624 1387 712 ipsis
1418 646 1539 713 per
1579 626 1868 694 effectus
1908 629 2099 716 ipso-

528 756 679 801 rum
715 755 729 798 :
767 740 831 799 et
861 731 985 798 hoc
1018 739 1117 797 051
1140 730 1483 797 modicum
1517 731 2102 823 comprehendere

528 843 834 931 deipsis.
895 840 1251 920 Quantitas
1309 843 1492 907 enim
1553 846 1763 908 011105
1820 841 2102 908 rationis

526 958 625 1015 est
677 951 745 1015 in
787 951 947 1039 ipsis
998 960 1062 1017 et
1102 953 1171 1017 in
1211 949 1533 1015 omnibus
1581 949 1738 1015 aliis
1792 949 2104 1038 corpori-

524 1057 651 1125 bus
681 1061 951 1148 quantis
995 1082 1008 1126 :
1046 1068 1113 1127 et
1153 1058 1301 1124 ideo
1346 1054 1512 1121 nihil
1548 1058 1841 1122 omnino
1870 1064 2105 1123 osten-

526 1165 623 1232 dit
651 1165 733 1235 de
786 1191 929 1234 esse
987 1168 1288 1256 ipsorum
1352 1162 1650 1228 naturali
1694 1187 1707 1228 :
1754 1162 1871 1229 sed
1911 1184 2104 1229 amor

526 1275 820 1341 scientiae
860 1273 1233 1341 coelestium
1266 1268 1421 1333 facit
1453 1267 1550 1331 uti
1576 1279 1639 1332 et
1677 1270 1930 1335 excitat
1970 1274 2107 1333 stu-

527 1384 714 1452 dium
755 1383 839 1451 ad
879 1381 945 1449 id
986 1384 1206 1470 ipsum
1248 1377 1598 1443 modicum
1644 1377 2105 1468 eomprehen-

526 1488 823 1559 dendum
892 1487 1075 1578 quod
1138 1485 1392 1575 percipi
1461 1478 1699 1572 potest
1762 1486 1845 1553 de
1912 1486 2098 1575 ipsis·

523 1599 740 1666 Amor
770 1600 953 1664 enim
1002 1596 1287 1683 alicujus
1322 1594 1417 1660 rei
1470 1596 1756 1683 quando
1809 1595 2104 1662 multum

525 1713 708 1772 amat
748 1703 939 1783 illud,
973 1702 1403 1794 angustiatur
1430 1706 1496 1766 01
1527 1703 1763 1770 studet
1802 1711 1878 1769 ut
1914 1725 2109 1769 com-

525 1811 895 1903 prehendat
972 1809 1687 1901 quantulumcumque
1758 1810 2103 1877 modicum

527 1923 673 2011 ejus
712 1920 895 2013 quod
933 1928 1116 1988 amat
1150 1942 1165 1985 ε
1201 1917 1332 1985 1100
1361 1916 1547 1983 00110
1601 1921 1961 2007 proprium
2009 1927 2110 1985 est

530 2032 878 2109 amatoris,
937 2037 1003 2096 et
1058 2023 1583 2116 comprehensio
1648 2026 1834 2093 illius
1900 2029 2108 2117 partis

530 2160 755 2229 parvm
819 2135 971 2226 plus
1029 2134 1334 2223 diligitur
1371 2129 1455 2197 ab
1489 2143 1831 2214 amatore,
1904 2156 2109 2224 quam

531 2243 1048 2335 comprehensio
1104 2240 1390 2308 aliarum
1450 2243 1756 2328 partium
1819 2264 2112 2331 magna-

1524 450 1612 517 D.
1672 453 1875 521 ALB.
1930 452 2146 521 MAG.
2204 450 2408 520 ORD.
2465 453 2759 521 PRAED.

2206 626 2483 693 malium
2523 627 2757 695 vilium
2800 638 2866 696 et
2918 626 3320 718 ignobilium
3359 652 3372 694 :
3428 632 3751 717 quoniam

2202 732 2424 799 vilitas
2465 736 2763 822 ipsorum
2803 759 2942 803 000
2979 743 3079 802 051
3110 760 3192 803 ex
3221 735 3498 814 artifice,
3525 735 3641 803 sed
3672 759 3757 803 ex

2206 842 2488 906 materia
2532 865 2545 907 :
2590 850 2656 908 et
2693 843 2843 910 ideo
2902 845 3106 911 etiam
3157 852 3448 934 oportet,
3493 853 3568 912 ut
3606 868 3747 911 non

2205 949 2292 1013 sit
2318 948 2512 1014 nobis
2542 951 2764 1038 gravis
2805 952 3254 1020 consideratio
3286 954 3527 1021 vilium
3564 963 3759 1021 natu-

2206 1078 2453 1131 rarum,
2485 1056 2654 1123 sicut
2690 1079 2773 1124 ex
2820 1061 3254 1147 generatione
3298 1064 3490 1149 pravi
3529 1061 3763 1128 homi-

2205 1185 2323 1230 nes
2345 1164 2457 1253 qui
2490 1186 2571 1230 ex
2601 1162 2718 1228 vili
2748 1172 2990 1231 natura
3018 1164 3296 1232 affectus
3325 1190 3573 1256 pravos
3603 1190 3763 1235 con-

2206 1270 2483 1358 cipiunt.
2520 1269 2596 1335 ln
2636 1270 2952 1337 omnibus
3004 1272 3185 1339 enim
3238 1271 3440 1338 rebus
3480 1281 3761 1339 natura-

2205 1375 2381 1444 libus
2411 1378 2746 1445 mirabilia
2776 1387 2875 1445 est
2904 1378 3262 1469 speculari,
3290 1388 3355 1447 et
3374 1381 3762 1448 veriticatur

2208 1487 2276 1552 in
2306 1488 2399 1553 015
2426 1487 2677 1554 dictum
2711 1487 3009 1556 Eradicis
3036 1495 3281 1577 poetae,
3327 1490 3440 1578 qui
3483 1488 3757 1556 sedebat

2206 1601 2359 1660 ante
2389 1592 2718 1683 templum
2747 1594 2938 1662 Jovis
2964 1594 3142 1661 Delii
3188 1618 3202 1661 :
3246 1602 3312 1662 et
3342 1594 3513 1662 dixit
3566 1617 3763 1685 pere-

2209 1702 2418 1791 grinis
2448 1699 2988 1769 desiderantibus
3011 1703 3300 1792 jungere
3330 1725 3402 1770 se
3434 1705 3769 1771 sermoni-

2211 1807 2335 1875 bus
2365 1809 2534 1896 ejuS,
2570 1808 2839 1898 quando
2870 1808 3187 1877 viderunt
3216 1832 3374 1877 eum
3396 1811 3762 1878 intrantem

2209 1918 2280 1983 in
2317 1916 2671 2005 templum,
2710 1924 2774 1983 et
2804 1939 2942 1984 non
2982 1927 3351 2008 potuerunt
3393 1919 3767 2008 appropin-

2211 2044 2416 2113 quare
2472 2021 2556 2089 ad
2613 2025 2832 2111 ipsum
2878 2045 2893 2089 :
2939 2024 3254 2114 praecepit
3310 2025 3491 2092 enim
3540 2027 3636 2091 eis
3695 2027 3762 2091 in

2210 2130 2537 2220 templum
2571 2132 2816 2200 intrare
2853 2132 2973 2199 ubi
3012 2132 3103 2199 dii
3152 2140 3368 2213 erant,
3413 2141 3481 2200 et
3513 2133 3605 2201 ibi
3636 2157 3764 2201 au-

2212 2240 2351 2307 dire
2403 2262 2749 2308 sermones
2797 2242 2966 2331 0105,
3001 2265 3304 2310 asserens
3363 2243 3555 2310 Jovis
3617 2265 3762 2310 esse

520 2380 670 2425 rum
764 2364 826 2423 et
912 2353 1279 2421 multarum
1387 2373 1538 2439 quae
1619 2376 1763 2419 1100
1836 2361 2100 2420 tantum

525 2470 842 2533 amantur
896 2461 980 2529 ab
1022 2463 1192 2551 ipso.
1242 2458 1372 2524 1105
1411 2480 1578 2524 vero
1641 2482 1798 2548 quae
1854 2460 2095 2526 vicinae

519 2581 678 2640 sunt
710 2579 966 2637 naturae
1009 2577 1281 2642 nostrae,
1330 2587 1481 2655 quae
1520 2566 1850 2635 videlicet
1893 2589 2109 2656 gene-

2213 2350 2439 2416 omnia
2470 2347 2690 2439 plena,
2725 2357 2792 2417 et
2821 2350 3043 2440 ipsum
3085 2374 3229 2418 esse
3261 2350 3591 2442 quidquid
3642 2374 3766 2418 na-

2214 2454 2533 2524 turalium
2574 2464 2695 2540 051,
2747 2465 2810 2524 01
2849 2457 3180 2549 quidquid
3228 2468 3396 2535 erat,
3451 2469 3517 2527 et
3567 2460 3770 2550 quid-

2216 2562 2374 2654 quid
2423 2564 2597 2631 erit:
2667 2571 2732 2631 et
2769 2586 3120 2633 sermones
3171 2565 3253 2633 de
3307 2567 3470 2656 ipsis
3520 2568 3767 2658 suscipi

527 2687 761 2747 rantur
800 2687 858 2743 et
901 2682 1456 2763 corrumpuntur,
1500 2676 1728 2762 magis
1779 2683 1937 2741 50111
1980 2673 2114 2739 501-

528 2798 612 2855 ta·
656 2810 694 2853 a
732 2783 931 2852 nobis
960 2793 1022 2850 01
1066 2780 1425 2873 perfectius
1482 2804 1494 2846 :
1544 2782 1706 2848 ideo
1753 2783 1939 2873 quod
1990 2806 2113 2849 ua-

530 2904 697 2961 101·εο
720 2916 980 2974 earum,
1007 2892 1177 2958 sicut
1201 2888 1529 2971 diximuS,
1554 2893 2110 2982 appropinquant

534 3003 796 3069 naturis
835 3000 1107 3067 0051015.

626 3109 999 3198 Postquam
1052 3106 1259 3197 igitur
1299 3105 1364 3170 in
1416 3104 1750 3172 omnibus
1812 3105 2115 3198 physicis

542 3217 731 3285 libris
756 3216 1053 3284 diximus
1075 3237 1224 3306 quae
1256 3220 1355 3280 est
1387 3220 1638 3280 natura
1682 3215 2117 3306 animalium,

543 3333 608 3392 et
651 3327 716 3391 in
778 3325 905 3390 isto
954 3322 1127 3388 libro
1166 3320 1697 3389 declaravimus.
1744 3322 2119 3389 secundum

537 3433 719 3524 quod
765 3435 989 3498 visum
1030 3431 1156 3498 fuit
1205 3428 1426 3502 001115,
1482 3430 1675 3517 quud
1739 3431 2125 3520 proceden-

537 3541 701 3608 dum
731 3551 833 3608 051
865 3541 931 3606 10
969 3538 1429 3628 assignatione
1470 3559 1878 3607 causarum:
1912 3562 2127 3606 rema·

541 3650 724 3717 nebit
775 3649 1060 3715 nuncin
1119 3643 1567 3737 sequentibus
1629 3646 1826 3714 libris
1875 3649 1959 3714 ad
2019 3648 2128 3714 di-

542 3756 832 3825 cendum
891 3763 1165 3822 naturas
1224 3756 1531 3844 ipsorum
1573 3776 1705 3843 per
1760 3778 2126 3823 causarum

544 3866 1103 3954 assignationem,
1166 3861 1280 3928 sed
1339 3859 1915 3950 perfectissimam
1977 3863 2131 3953 opi-

547 3976 825 4041 nionem
859 3994 1064 4062 quam
1125 3967 1458 4035 habemus
1514 3967 1597 4034 de
1641 3972 1836 4060 ipsis,
1870 3971 2012 4036 sive
2045 3973 2130 4037 sit

546 4078 796 4147 animal
832 4077 1336 4145 nobilissimum
1375 4074 1460 4141 «le
1501 4098 1646 4164 quo
1680 4076 2126 4154 intendimus,

546 4188 846 4252 51001051
881 4183 1208 4251 rationale
1242 4189 1307 4247 ct
1343 4180 1836 4260 intellectuale,
1873 4185 2018 4251 sive
2048 4185 2132 4251 sit

549 4292 871 4383 ignobile.
917 4290 1175 4358 Natura
1215 4290 1402 4355 enim
1436 4287 1551 4354 illa
1579 4314 1740 4379 qua?
1773 4293 1947 4359 51001
1978 4314 2128 4358 cau·

548 4425 622 4468 sa
657 4422 1014 4468 causarum
1045 4406 1110 4465 et
1138 4397 1311 4464 51001
1338 4395 1715 4465 formativa
1758 4409 1945 4468 creat
1984 4401 2138 4467 ani-

548 4510 752 4578 malia
784 4509 948 4577 scita
973 4509 1100 4576 erit
1132 4528 1398 4596 magnae
1438 4505 1925 4575 delectationis
1970 4508 2141 4600 phy·

548 4619 705 4685 sicis
737 4616 892 4693 11115,
935 4616 1049 4705 qui
1104 4622 1389 4705 possunt
1428 4637 1859 4702 cognoscere
1898 4639 2136 4686 causas

550 4749 746 4794 veras
783 4733 845 4793 et
873 4724 1182 4816 proprias
1207 4730 1467 4789 natura·
1491 4721 1810 4811 ipsorum
1847 4746 1861 4790 ε
1895 4747 2141 4815 quam-

551 4837 655 4901 vis
687 4833 1011 4901 [00101100
1068 4833 1133 4898 in
1200 4828 1479 4896 animali
1543 4830 1666 4897 vili
1724 4841 1789 4899 01
1854 4832 2135 4920 ignobili

551 4940 996 5011 considerent.
1066 4938 1144 5005 lit
1206 4940 1357 5005 ideo
1411 4935 1677 5003 formas
1731 4938 2135 5007 animalium

553 5048 976 5118 considerare
1026 5045 1380 5118 (1011001115,
1425 5051 1492 5110 01
1541 5043 1877 5113 delectari
1937 5048 2003 5113 in
2055 5070 2137 5114 00

555 5160 668 5249 qui
699 5165 797 5225 est
828 5154 1065 5222 artifex
1097 5155 1211 5244 qni
1245 5152 1397 5219 l'eeit
1441 5173 1521 5217 ea
1559 5175 1574 5217 ε
1612 5177 1699 5219 eo
1734 5154 1920 5245 quod
1969 5156 2140 5221 arfi-

554 5267 781 5333 ficium
821 5265 1164 5355 operantis
1218 5260 1707 5329 manifestatur
1766 5262 1836 5329 in
1888 5285 2140 5352 opera-

556 5376 739 5441 tione
775 5394 791 5438 :
822 5372 995 5438 51001
1044 5369 1250 5436 etiam
1308 5369 1376 5435 in
1422 5371 1834 5455 operatione
1887 5370 2140 5459 imagi-

554 5502 719 5549 num
750 5477 1221 5546 manit'estatur
1248 5474 1533 5542 scientia
1567 5477 1858 5544 artificis
1892 5476 2144 5545 sacien-

557 5594 644 5659 115
671 5595 927 5656 statuas
984 5587 1366 5676 imaginum
1424 5584 1571 5651 sive
1616 5583 1994 5654 idolorum.
2058 5586 2141 5654 Et

556 5701 833 5788 propter
859 5689 989 5759 hoc
1019 5691 1224 5758 etiam
1255 5698 1634 5781 oportet,ut
1668 5713 1813 5760 non
1842 5692 2141 5762 vitemus

561 5824 781 5891 neque
828 5798 1243 5868 declinemus
1296 5799 1928 5870 considerationem
1986 5801 2141 5870 ani-

2218 2696 2351 2740 000
2383 2695 2604 2763 posse,
2646 2674 2775 2739 nisi
2816 2673 2899 2741 ab
2941 2696 3021 2742 eo
3054 2678 3169 2766 qui
3212 2677 3281 2742 in
3313 2676 3577 2743 divinas
3616 2700 3771 2743 cau-

2217 2799 2324 2844 sas
2363 2778 2662 2865 ipsorum
2703 2779 2892 2867 quasi
2944 2778 3011 2845 10
3054 2779 3396 2869 quoddam
3438 2781 3769 2871 templum

2221 2884 2587 2951 intraverit.

2308 2998 2592 3089 Propter
2620 2996 2748 3066 hoc
2788 3000 3015 3090 itaque
3056 3000 3380 3069 debemus
3429 3003 3769 3093 inquirere

2223 3117 2496 3175 naturas
2526 3107 2879 3198 cujuslibet
2918 3093 3254 3188 animalis,
3292 3118 3356 3178 01
3386 3113 3555 3178 scire
3586 3110 3769 3204 quod

2226 3218 2291 3283 in
2318 3215 2634 3282 omnibus
2662 3214 3068 3283 animalibus
3098 3216 3411 3307 quaedam
3440 3227 3541 3286 est
3569 3241 3773 3286 causa

2224 3322 2548 3392 naturalis
2578 3321 2823 3390 nobilis
2852 3332 2916 3391 et
2946 3323 3175 3391 divina
3212 3347 3226 3392 :
3262 3349 3343 3392 eo
3376 3327 3556 3416 quod
3605 3326 3769 3394 nul-

2226 3431 2369 3500 lum
2417 3433 2699 3499 omnino
2739 3432 3150 3500 naturalium
3201 3433 3324 3501 suit
3377 3444 3772 3502 naturatum

2226 3540 2606 3619 casualiter,
2672 3549 2788 3608 aut
2824 3541 3042 3608 otiose
3081 3541 3221 3607 sive
3279 3540 3527 3610 frustra
3593 3567 3608 3609 z
3656 3542 3775 3608 sed

2230 3670 2671 3740 quaecumque
2701 3655 2764 3714 et
2796 3655 3256 3738 quotcumque
3300 3656 3367 3717 et
3398 3659 3781 3739 quantum-

2230 3776 2519 3843 cumque
2558 3753 2927 3845 procedunt
2957 3753 3041 3822 de
3072 3779 3275 3844 opere
3316 3765 3600 3835 00111010,
3635 3779 3774 3823 1100

2234 3872 2430 3931 erunt
2461 3863 2585 3929 nisi
2619 3870 2896 3953 propter
2934 3861 3065 3930 hoc
3096 3863 3273 3953 quod
3306 3871 3406 3930 051
3445 3865 3597 3931 11015
3641 3887 3656 3931 :
3711 3873 3776 3932 et

2237 3995 2435 4040 omne
2470 3971 2647 4059 quod
2688 3969 2836 4040 suit.
2871 3978 2996 4047 est,
3029 3979 3092 4038 01
3126 3972 3273 4047 erit,
3309 3995 3448 4040 000
3486 3971 3608 4040 suit
3650 3995 3779 4040 ne-

2238 4103 2367 4170 que
2422 4086 2520 4145 051
2579 4100 2797 4168 neque
2837 4081 2989 4160 erit,
3024 4079 3154 4144 0151
3210 4089 3486 4170 propter
3523 4080 3777 4171 aliquid

2237 4185 2422 4278 quod
2468 4194 2567 4252 051
2619 4185 3193 4276 complementum
3258 4209 3273 4252 :
3316 4196 3593 4277 propter
3649 4187 3780 4256 1100

2238 4293 2438 4362 habet
2480 4293 2699 4361 locum
2759 4296 2827 4361 10
2884 4294 3311 4362 naturalibus
3358 4304 3424 4363 01
3471 4296 3779 4364 ordinem

2239 4401 2619 4469 mirabilem
2676 4409 2741 4468 et
2797 4400 3120 4468 nobilem.
3186 4401 3256 4469 Si
3317 4425 3482 4493 ergo
3537 4405 3783 4495 aliquis

2241 4513 2555 4603 opinetur
2590 4512 3046 4603 cognitionem
3086 4511 3473 4603 aliquorum
3508 4514 3784 4604 ignobi-

2240 4618 2373 4687 lem
2413 4642 2582 4696 0550,
2615 4617 2833 4709 culpet
2865 4621 3162 4710 seipsum
3192 4621 3443 4711 potius,
3488 4644 3568 4690 eo
3600 4622 3780 4711 quod

2242 4750 2360 4793 sua
2393 4726 2698 4793 allectiva
2738 4727 3037 4816 cognitio
3076 4725 3394 4815 ignobilis
3431 4735 3526 4793 051
3571 4737 3635 4795 et
3673 4729 3783 4794 vi-

2242 4833 2439 4914 tiosa,
2493 4855 2574 4899 eo
2614 4831 2793 4922 quod
2845 4835 2987 4922 ipse
3027 4854 3162 4900 non
3209 4834 3500 4923 concipit
3552 4857 3657 4901 res
3696 4857 3779 4901 ex

2242 4940 2487 5031 quibus·
2518 4937 2724 5006 homo
2761 4942 3214 5029 componitur,
3249 4942 3394 5010 sine
3425 4941 3784 5032 turpitudi-

2243 5070 2325 5115 uc
2355 5046 2629 5114 affectus
2658 5069 2672 5112 :
2699 5048 2867 5114 51001
2898 5047 3169 5138 quando
3199 5051 3448 5138 cogitat
3480 5072 3778 5127 carnem,

2241 5178 2347 5234 os;
2378 5164 2442 5223 et
2471 5155 2897 5245 sanguinem,
2930 5165 2995 5223 et
3026 5179 3300 5235 venam,
3333 5164 3400 5224 et
3438 5155 3546 5224 1115
3585 5157 3786 5224 51101-

2241 5264 2331 5332 lia
2367 5284 2381 5330 :
2415 5262 2780 5330 accidentia
2809 5263 2990 5330 enim
3022 5265 3267 5330 anima·
3299 5272 3457 5330 sunt
3499 5264 3685 5343 vilia,
3718 5272 3785 5331 01

2243 5394 2379 5438 000
2410 5372 2553 5462 ipsa
2577 5371 2901 5460 cognitio.

2332 5480 2641 5570 Amplius
2670 5486 2895 5546 autem
2928 5485 3191 5568 oportet
3214 5479 3408 5558 scire,
3445 5482 3627 5571 quod
3659 5482 3782 5550 sic-

2243 5596 2317 5655 ut
2357 5588 2640 5680 loquens
2697 5589 2778 5657 de
2836 5588 3067 5679 aliquo
3125 5588 3579 5660 instrumento
3643 5616 3781 5660 0011

2243 5693 2648 5765 sufficienter
2685 5694 2899 5763 reddit
2928 5697 3285 5765 materiam
3317 5706 3579 5767 tantum
3617 5722 3632 5766 ε
3669 5722 3785 5767 ne·

2247 5827 2377 5895 que
2407 5826 2627 5870 sermo
2667 5804 2810 5892 ejus
2840 5811 2940 5870 est
2979 5825 3098 5894 per
3124 5806 3476 5872 materiam
3516 5814 3780 5873 tantum
