4919 6371
1795 366 1973 437 LIB.
2033 362 2101 433 X
2150 360 2277 431 DE
2327 353 2952 439 ANIMALIBUS,
3004 355 3328 427 TRACT.
3384 355 3449 425 II

1484 1458 1794 1532 CAPUT
1852 1456 1944 1527 11.

899 2246 993 2315 Et
1026 2254 1126 2315 est
1195 2267 1546 2315 nionnssio
1616 2240 1997 2313 declarans
2037 2239 2125 2310 de
2180 2262 2403 2310 causa
2469 2247 2535 2308 et

990 2358 1202 2429 modo
1224 2357 1439 2429 mola·
1467 2356 1818 2440 matricis,
1845 2365 1912 2425 et
1940 2354 2027 2425 de
2064 2377 2287 2425 causa
2317 2351 2536 2423 abor-

990 2480 1130 2541 tus.

988 3370 1092 3442 De
1139 3369 1335 3441 mola
1402 3370 1620 3441 etiam
1684 3368 1997 3440 matricis
2040 3376 2111 3439 et
2141 3366 2228 3438 de
2260 3389 2532 3461 provo·

893 3486 1221 3557 cantibus
1280 3492 1352 3555 et
1427 3480 1855 3554 facientibus
1924 3480 2287 3563 abortum,
2372 3502 2531 3574 quae

894 3596 1277 3694 quamdam
1318 3596 1669 3668 inducunt
1727 3593 2205 3677 sterilitatem,
2249 3591 2336 3665 de
2368 3592 2533 3687 qui-

893 3711 1027 3784 bus
1088 3713 1161 3783 in
1219 3708 1793 3807 praecedentibus
1852 3708 2152 3780 fecimus
2218 3707 2535 3778 mentio-

894 3851 1086 3913 nem,
1159 3833 1445 3921 oportet
1525 3822 1797 3920 aliquid
1867 3821 2258 3919 adjungere
2329 3821 2532 3892 dictis

892 3951 1184 4038 propter
1288 3940 1681 4011 faciliorem
1780 3937 2134 4010 dictorum
2250 3935 2537 4008 intelle-

894 4066 1115 4129 ctum.

986 4169 1308 4241 Dicimus
1340 4168 1586 4264 igitur,
1632 4166 1827 4263 quod
1882 4164 2314 4262 quandoque
2345 4164 2535 4237 acci-

893 4283 1069 4357 dunt
1111 4282 1396 4354 mulieri
1467 4281 1798 4378 quaedam
1839 4278 2344 4376 dispositiones
2374 4301 2533 4374 quae

891 4406 1058 4470 sunt
1123 4396 1397 4470 similes
1476 4394 2071 4493 dispositionibus
2161 4417 2537 4492 praegnan-

894 4514 1101 4601 tium,
1173 4520 1325 4583 tam
1380 4510 1456 4582 in
1536 4512 1937 4583 retentione
1998 4517 2534 4582 menstruorum

893 4651 1109 4724 quam
1152 4628 1226 4697 in
1277 4625 1704 4698 alteratione
1756 4625 2018 4697 coloris
2060 4623 2407 4713 mulieris,
2464 4632 2535 4695 et

892 4742 1277 4816 amissione
1308 4740 1696 4837 appetitus,
1743 4747 1814 4812 et
1842 4738 2349 4811 constrictione
2382 4737 2534 4810 ori-

894 4858 1033 4931 ficii
1065 4856 1427 4929 matricis:
1484 4864 1555 4928 et
1617 4878 1782 4928 cum
1833 4852 2250 4948 hujusmodi
2296 4862 2537 4925 reten-

896 4976 1092 5046 tione
1114 4970 1507 5067 aliquando
1538 4970 1793 5043 accidit
1824 4969 2123 5042 durities
2153 4967 2529 5065 quaedam:

896 5097 966 5162 et
1003 5084 1392 5184 aliquando
1422 5086 1647 5159 etiam
1682 5093 1792 5158 est
1819 5083 2090 5181 aliquid
2120 5083 2405 5156 duritiei
2459 5085 2535 5154 in

894 5204 1189 5276 matrice
1214 5208 1413 5275 tota:
1450 5209 1522 5272 et
1542 5209 1718 5273 tunc
1745 5201 1961 5274 etiam
1992 5197 2383 5296 aliquando
2423 5221 2537 5270 ac·

895 5318 1064 5391 cidit
1104 5317 1382 5389 inflatio
1462 5312 1841 5387 ambarum
1903 5312 2418 5395 mamillarum,
2463 5322 2537 5385 et

894 5430 1190 5526 repletio
1223 5451 1476 5501 earum
1512 5450 1531 5498 ε
1580 5435 1652 5500 et
1705 5425 2140 5524 quandoque
2180 5426 2399 5498 etiam
2455 5425 2538 5498 lit

895 5543 1368 5641 apostematio
1398 5542 1749 5639 ipsarum,
1783 5548 1855 5613 et
1883 5540 2132 5636 incipit
2162 5538 2423 5611 mulier
2461 5539 2537 5612 in

892 5667 1142 5731 ventre
1178 5679 1311 5727 suo
1353 5655 1619 5729 sentire
1661 5661 1969 5738 motum,
2023 5652 2148 5749 qui
2188 5658 2298 5725 est
2353 5652 2539 5726 sicut

897 5779 1137 5844 motus
1176 5766 1643 5864 embryonis:
1697 5775 1767 5841 et
1816 5766 2073 5862 accipit
2109 5762 2307 5861 quod
2352 5788 2537 5837 con-

900 5887 1235 5982 gregatur
1274 5877 1373 5952 ibi
1417 5881 1783 5977 quantitas
1841 5877 2098 5953 similis
2156 5877 2538 5974 quantitati

903 5989 1360 6090 embryonis:
1398 5997 1474 6062 et
1500 5989 1790 6088 quando
1814 5986 2344 6087 comprimitur,
2373 6009 2537 6061 mo—

4148 354 4284 424 553

2642 540 2851 603 vetur
2927 533 3018 604 ad
3087 534 3455 604 dexteram
3497 542 3565 603 et
3614 532 3704 603 ad
3771 533 4285 603 sinistramzet

2652 645 3086 740 quandoque
3128 645 3333 715 durat
3373 643 3706 729 multum,
3744 645 3925 714 sicut
3966 647 4038 713 in
4081 652 4286 714 ante-

2649 754 2916 826 habitis
2987 754 3253 825 dictum
3333 763 3461 824 est.
3546 752 3995 848 Quandoque
4066 756 4281 823 etiam

2651 868 2906 938 crescit
2933 868 3115 937 sicut
3145 866 3415 937 inflatio
3447 864 3900 961 hydropisis:
3973 864 4096 937 sed
4139 887 4284 934 non

2649 987 2860 1049 sonat
2917 986 2997 1049 ut
3035 986 3483 1074 tympanum,
3530 978 3653 1049 sed
3705 977 3887 1049 redit
3942 977 4032 1048 ad
4080 976 4284 1048 duri-

2647 1092 2866 1161 tiem:
2906 1099 2976 1163 et
3025 1091 3409 1187 aliquando
3444 1091 3623 1161 liunt
3664 1091 3956 1185 quidam
3998 1089 4281 1162 dolores

2648 1204 2833 1274 sicut
2852 1205 3316 1298 parturientis
3349 1211 3417 1274 et
3449 1204 3777 1299 angustia
3809 1201 4133 1297 quaedam
4165 1226 4180 1274 :
4217 1211 4286 1273 et

2647 1322 2892 1389 tamen
2923 1340 3069 1388 non
3103 1318 3288 1410 parit
3327 1315 3485 1386 talis
3527 1316 3828 1388 mulier:
3883 1339 4031 1387 non
4090 1317 4281 1387 enim

2648 1430 2730 1500 fit
2759 1432 2832 1500 in
2874 1454 2958 1501 ea
3006 1430 3142 1500 nisi
3172 1432 3404 1501 tensio
3473 1437 3544 1501 et
3613 1429 3886 1500 inflatio
3939 1430 4014 1500 in
4079 1430 4282 1500 venis

2647 1544 3005 1614 menstrui
3046 1543 3462 1638 sanguinis:
3508 1552 3578 1614 et
3607 1541 3768 1614 ideo
3801 1566 3951 1614 non
3991 1540 4284 1637 deponit

2650 1655 2946 1752 aliquid.
2999 1654 3444 1752 Quandoque
3512 1657 3729 1728 etiam
3790 1655 4085 1751 deponit
4127 1655 4284 1726 fru-

2649 1778 2843 1841 stum
2884 1769 3114 1840 carnis
3163 1791 3322 1864 quae
3380 1769 3645 1839 nullius
3696 1768 4027 1840 animalis
4096 1791 4283 1864 prae-

2648 1882 2875 1953 tendit
2907 1880 3210 1977 figuram
3248 1905 3264 1954 ε
3302 1889 3371 1954 et
3398 1881 3780 1978 aliquando
3815 1906 3961 1954 non
4013 1890 4119 1953 est
4149 1883 4285 1952 nisi

2647 1996 3041 2068 ventositas
3072 1996 3468 2092 egrediens.
3522 1996 3613 2068 Et
3659 1995 3747 2068 de
3799 1994 3912 2067 his
3965 1996 4280 2067 diximus

2647 2111 2724 2180 in
2754 2108 3338 2205 praecedentibus.

2741 2221 3151 2317 Aliquando
3215 2229 3452 2292 autem
3514 2245 3661 2293 non
3721 2230 3828 2293 est
3887 2220 4108 2305 mola,
4158 2217 4282 2290 sed

2648 2343 2817 2406 sunt
2884 2336 3040 2407 aliae
3101 2334 3622 2431 superfluitates
3691 2344 4137 2432 aggregata:
4203 2344 4271 2407 et

2649 2449 2937 2546 quando
2997 2449 3140 2521 illae
3199 2448 3683 2546 egrediuntur,
3737 2451 4051 2522 evadunt
4108 2474 4273 2523 cum

2647 2563 2959 2660 plurimo
3057 2566 3405 2660 sanguine
3495 2566 3618 2660 qui
3715 2573 4033 2636 retentus
4117 2564 4279 2635 fue-

2648 2685 2784 2748 rat.

2744 2800 2976 2872 Causa
3058 2808 3299 2871 autem
3356 2800 3843 2896 generationis
3903 2800 4113 2873 molae
4174 2809 4278 2872 est

2648 2911 2915 3008 duplex
2954 2911 3346 2985 secundum
3376 2912 3781 2984 Aristotelis
3831 2913 4271 3008 opinionem,

2648 3027 2916 3099 scilicet
2958 3028 3126 3123 quia
3155 3035 3279 3097 aut
3327 3027 3662 3121 recipitur
3690 3050 3973 3122 sperma
4014 3026 4278 3098 mulie-

2650 3142 2748 3213 ris
2777 3140 2932 3212 siue
2973 3147 3326 3234 spermate
3376 3140 3510 3210 viri
3561 3139 3634 3210 in
3685 3139 3997 3224 somnio,
4034 3147 4157 3211 aut
4206 3141 4280 3211 in

2647 3253 2942 3350 vigilia:
2990 3263 3115 3325 aut
3143 3277 3182 3325 e
3222 3277 3565 3325 converso
3609 3277 3895 3348 sperma
3941 3253 4078 3324 viri
4126 3255 4277 3325 sinc

2649 3379 3006 3466 spermate
3039 3368 3379 3441 mulieris.
3417 3367 3802 3440 Materialis
3830 3377 4073 3441 autem
4104 3392 4281 3441 cau-

2648 3509 2729 3557 sa
2768 3493 2873 3557 est
2919 3482 3302 3556 multitudo
3370 3484 3739 3577 sanguinis
3793 3484 4163 3568 menstrui,
4210 3494 4279 3555 et

2647 3598 2909 3670 alirum
2940 3595 3325 3669 humorum
3360 3595 3479 3691 qui
3507 3595 3971 3667 effunduntur
3999 3596 4088 3667 ad
4120 3621 4281 3668 ma-

2647 3715 2930 3786 tricem.
2982 3711 3130 3809 Ego
3160 3720 3400 3783 autem
3441 3719 3774 3806 expertus
3806 3736 3967 3784 sum
4019 3712 4281 3784 multa·

2650 3849 2811 3897 rum
2874 3823 3257 3896 mulierum
3323 3825 3765 3914 testimonio,
3831 3823 4026 3922 quod
4085 3825 4280 3898 mola

2649 3938 2966 4011 nascitur
2996 3940 3069 4009 in
3112 3939 3574 4034 impraegnata
3628 3948 3949 4034 tempore
3991 3941 4282 4035 improe-

2648 4053 3038 4150 gnationis,
3082 4050 3369 4148 quando
3418 4052 3745 4126 videlicet
3818 4053 4059 4150 aliqua
4116 4078 4280 4150 pars

2648 4169 3027 4264 spermatis
3053 4169 3188 4240 viri
3223 4176 3487 4249 manet,
3533 4190 3693 4263 quae
3722 4191 3871 4241 non
3940 4177 4046 4241 est
4076 4191 4281 4241 com-

2649 4281 2878 4355 mixta
2916 4305 3081 4355 cum
3112 4288 3466 4377 spermate
3497 4281 3863 4354 mulieris:
3890 4290 4015 4355 aut
4043 4305 4082 4356 e
4112 4305 4280 4355 con·

2647 4418 2860 4468 verso
2901 4402 3143 4468 manet
3170 4393 3409 4490 aliqua
3465 4417 3630 4490 pars
3677 4396 4057 4491 spermatis
4123 4419 4281 4467 mu·

2651 4509 2870 4594 lieris,
2903 4535 3065 4608 quae
3107 4533 3257 4582 non
3299 4518 3406 4580 est
3445 4511 3839 4581 commixta
3877 4534 4044 4582 cum
4091 4533 4284 4606 sper·

2651 4632 2844 4696 mate
2872 4624 3007 4695 viri
3057 4647 3075 4696 :
3119 4630 3193 4696 et
3227 4630 3548 4694 remanet
3579 4621 3698 4694 illa
3753 4646 3902 4695 non
3952 4624 4283 4721 copulata

2652 4735 3052 4832 conceptui.
3121 4732 3198 4805 Si
3256 4732 3449 4805 enim
3505 4741 3678 4805 tunc
3736 4734 3811 4804 in
3862 4732 4162 4807 muliere
4193 4736 4286 4806 sit

2652 4857 3065 4921 menstruus
3095 4846 3388 4930 multus,
3418 4843 3799 4942 plusquam
3830 4846 4135 4918 sufficiat
4193 4847 4284 4918 ad

2651 4960 3173 5034 nutrimentum
3214 4966 3599 5054 conceptus
3639 4967 3710 5030 et
3770 4957 3883 5030 lac
3920 4958 4285 5030 mamilla-

2651 5097 2844 5158 rum,
2916 5068 3094 5143 illud
3147 5068 3457 5143 attrahet
3511 5093 3677 5166 pars
3733 5072 4142 5166 spermatis,
4195 5071 4283 5143 de

2653 5210 2799 5284 qua
2829 5184 3098 5259 dictum
3130 5192 3262 5269 est,
3325 5191 3396 5255 et
3460 5183 3873 5280 coagulabit
3921 5185 4157 5280 ipsum
4212 5187 4284 5257 in

2649 5298 2959 5372 frustum
2989 5298 3246 5383 carnis,
3273 5305 3343 5369 et
3363 5305 3819 5371 convertetur
3847 5297 3923 5369 in
3954 5296 4223 5371 molam
4259 5324 4276 5371 :

2653 5423 2727 5487 et
2754 5423 3018 5488 vocant
3043 5411 3181 5485 hoc
3210 5411 3543 5484 mulieres
3581 5421 3806 5508 caput
3842 5413 3993 5484 ovis
4022 5412 4137 5485 vel
4171 5416 4285 5486 υἰ-

2654 5530 2826 5614 tuli,
2864 5536 2934 5602 et
2962 5526 3323 5626 egreditur
3349 5549 3517 5599 cum
3545 5534 3803 5623 partu:
3838 5533 3908 5599 et
3943 5527 4091 5601 fere
4131 5551 4287 5601 om-

2654 5670 2783 5719 nes
2843 5644 3250 5718 moriuntur
3316 5640 3576 5737 quibus
3649 5641 3928 5733 accidit,
3995 5653 4285 5741 propter

2652 5759 2954 5833 nimiam
2974 5757 3341 5854 sauguinis
3370 5754 3458 5829 de
3498 5755 3920 5853 corporibus
3949 5760 4098 5830 suis
4118 5758 4285 5830 edu-

2653 5874 2995 5947 ctionem.

2747 5985 3170 6062 Differentia
3196 5991 3441 6060 autem
3482 5986 3673 6060 inter
3703 5985 3975 6060 molam
4022 5992 4096 6059 et
4138 5986 4288 6061 im-
