4919 6371
2053 405 2225 475 LlB.
2279 405 2372 473 lll
2420 406 2541 473 DE
2589 404 3177 484 ANIMALlBUS,
3229 409 3538 477 TRACT.
3591 410 3656 476 ΙΙ

1232 586 1594 666 postquam
1627 578 2005 644 eonstiterit
2058 586 2123 645 et
2168 579 2606 667 inspissatum
2650 577 2798 641 sue-

1233 687 1339 758 rit,
1386 706 1520 748 non
1557 683 1803 752 dieitur
1841 687 2057 777 gelat-i
2092 684 2199 752 vel
2242 684 2612 773 coagulari.

1317 790 1562 857 Adhuc
1593 800 1822 860 autem
1873 795 1942 860 in
1974 794 2128 861 loco
2179 802 2244 859 et
2283 792 2413 857 situ
2456 790 2795 855 diversifi-

1229 904 1468 962 cantur
1510 917 1525 964 :
1563 899 1891 988 quoniam
1925 896 2272 988 pinguedo
2306 896 2657 983 sagiminis
2693 904 2793 963 est

1228 1001 1403 1067 inter
1429 1024 1705 1072 carnem
1745 1014 1812 1072 et
1850 1006 2145 1079 corium,
2193 1000 2362 1066 sicut
2405 1009 2680 1090 apparet
2721 1002 2789 1067 in

1223 1108 1424 1177 dorso
1483 1114 1670 1201 porci
1714 1120 1779 1179 et
1818 1120 2082 1178 ventre.
2123 1107 2405 1175 Girbum
2465 1117 2692 1176 autem
2724 1120 2791 1178 et

1217 1237 1458 1304 sepum
1498 1238 1635 1283 non
1696 1224 1855 1281 sunt
1914 1216 2045 1280 nisi
2098 1214 2406 1280 immixta
2467 1216 2676 1292 carni,
2722 1226 2787 1282 et

1215 1322 1390 1389 circa
1450 1323 1771 1389 intestina
1829 1329 1897 1388 et
1936 1343 2157 1397 renes,
2204 1330 2269 1389 et
2319 1322 2471 1388 ideo
2511 1321 2780 1412 girbum

1211 1437 1276 1495 et
1304 1450 1544 1516 sepum
1577 1436 1737 1494 sunt
1775 1451 2019 1518 grossa
2050 1429 2121 1495 in
2153 1428 2553 1517 corporibus
2592 1451 2781 1518 gros-

1210 1536 1302 1600 sis
1324 1532 1696 1602 multarum
1739 1538 2077 1613 carnium,
2105 1537 2224 1602 sed
2254 1535 2485 1603 tenuia
2514 1543 2669 1602 sunt
2713 1535 2780 1601 in

1215 1640 1617 1730 corporibus
1648 1644 2060 1712 macilentis.

1306 1747 1550 1817 Adhuc
1608 1760 1839 1819 autem
1889 1751 2239 1842 pinguedo
2287 1750 2641 1840 sagiminis
2681 1760 2779 1817 cst

1216 1858 1285 1923 in
1341 1855 1447 1924 his
1523 1882 1677 1949 quze
1737 1859 1995 1927 habent
2062 1859 2298 1928 dentes
2365 1858 2432 1924 in
2495 1868 2777 1949 utraque

1211 1963 1632 2042 mandibula,
1705 1965 1881 2033 sicut
1938 1975 2041 2034 est
2122 1963 2359 2042 home,
2423 1987 2665 2056 equuS,
2713 1973 2776 2032 et

1207 2073 1419 2150 canis,
1481 2079 1546 2140 et
1601 2095 1851 2162 porcus
1897 2073 2224 2166 :girbum
2283 2080 2512 2140 autem
2561 2084 2620 2142 et
2663 2097 2776 2143 se-

1205 2202 1370 2268 pum
1402 2187 1562 2246 sunt
1624 2182 1694 2247 in
1751 2180 1857 2249 his
1920 2205 2077 2272 quie
2130 2181 2364 2248 dentes
2404 2184 2775 2250 anteriores

1206 2309 1345 2354 non
1377 2285 1630 2356 liabent
1660 2290 1728 2356 in
1770 2291 2108 2380 superiori
2152 2289 2568 2356 mandibula.

1293 2414 1613 2506 Amplius
1652 2426 1883 2485 autem
1923 2415 2141 2507 hepar
2169 2417 2351 2507 quod
2387 2425 2490 2484 est
2530 2418 2609 2485 de
2643 2441 2776 2485 nu-

1210 2545 1400 2591 mero
1433 2523 1907 2592 membrorum
1939 2525 2375 2602 interiorum,
2412 2525 2480 2591 in
2498 2526 2777 2616 quibus-

1207 2628 1363 2695 dam
1404 2629 1819 2698 animalibus
1847 2631 2086 2700 multae
2125 2632 2561 2722 pinguedinis
2591 2632 2777 2699 inve-

1208 2737 1416 2814 nitur,
1451 2737 1625 2804 sicut
1656 2739 1724 2805 in
1754 2760 1835 2805 eo
1878 2737 2065 2828 quod
2112 2747 2397 2806 vocatur
2443 2738 2661 2816 celeli,
2691 2739 2772 2805 ‹le

1208 2864 1344 2931 quo
1390 2842 1460 2908 in
1517 2842 1932 2911 antehabitis
1985 2844 2202 2911 multa
2241 2844 2563 2912 ‹liximuS.
2600 2847 2773 2924 Qui-

1204 2948 1361 3017 dam
1411 2952 1594 3018 enim
1663 2950 2027 3019 hominum
2089 2953 2509 3019 marinorum
2551 2953 2774 3043 lique-

1203 3059 1459 3127 faciunt
1517 3083 1758 3128 eorum
1809 3059 2061 3152 hepata
2100 3070 2168 3129 et
2210 3060 2621 3130 contrahunt
2688 3089 2768 3131 ex

1203 3170 1301 3236 eis
1377 3168 1665 3238 multam
1724 3170 2218 3264 pinguedinem
2274 3171 2702 3263 oleagineam
2749 3198 2764 3242 ε

1202 3277 1357 3344 etin
1398 3299 1684 3368 corpore
1722 3279 2034 3367 ejusdem
2093 3279 2408 3347 animalis
2465 3304 2604 3349 non
2669 3292 2770 3350 est

1202 3383 1548 3475 pinguedo
1585 3408 1821 3475 sparsa
1853 3408 1976 3476 per
2005 3409 2281 3455 carnem
2310 3387 2419 3454 vel
2447 3411 2570 3478 per
2598 3412 2770 3456 ven-

1204 3501 1403 3576 trem,
1436 3492 1553 3560 sed
1586 3493 1654 3561 in
1686 3490 1934 3584 hepate
1972 3493 2126 3562 solo
2158 3515 2176 3561 ε
2211 3500 2278 3560 et
2324 3492 2527 3582 liujus
2564 3518 2768 3563 causa

1205 3607 1333 3677 est,
1365 3607 1443 3667 ut
1480 3598 1667 3669 calor
1731 3597 2001 3691 hepatis
2054 3599 2171 3691 qui
2211 3599 2280 3667 in
2330 3600 2445 3668 tali
2481 3602 2762 3669 animali

1206 3707 1516 3777 modicus
1559 3716 1689 3789 est,
1724 3708 1975 3777 melius
2019 3709 2504 3800 circumposita
2554 3710 2767 3778 multa

1190 3814 1609 3906 pinguedine
1649 3816 2053 3884 retineatur.

1279 3921 1596 4013 Amplius
1625 3930 1859 3991 autem
1908 3923 2069 3991 licet
2119 3922 2500 4014 gressibilia
2530 3933 2597 3992 et
2634 3948 2765 3994 vo-

1187 4028 1403 4097 latilia
1477 4027 1690 4120 hepar
1735 4027 2035 4097 habeant
2087 4030 2157 4097 in
2196 4028 2432 4098 dextro
2484 4040 2552 4099 et
2579 4031 2763 4122 sple-

1184 4161 1342 4206 nem
1377 4139 1445 4207 in
1474 4140 1756 4207 sinistro
1793 4162 1811 4208 ε
1845 4148 2079 4210 tamen
2118 4164 2156 4209 e
2185 4163 2518 4208 converso
2561 4142 2755 4209 multi

1186 4248 1402 4337 pisces
1460 4248 1933 4327 inveniuntur,
1977 4247 2096 4339 qui
2138 4245 2352 4339 hepar
2391 4246 2644 4316 habent
2686 4252 2756 4318 in

1182 4354 1487 4433 sinistro,
1547 4363 1615 4422 et
1689 4353 2004 4446 splenem
2070 4352 2327 4423 habent
2358 4357 2426 4423 in
2485 4355 2752 4438 dextre,

1184 4464 1360 4530 sieut
1415 4460 1485 4530 hi
1554 4464 1670 4553 qui
1728 4461 1863 4530 kile·
1932 4471 2275 4531 vocantur
2327 4461 2411 4529 de
2465 4485 2753 4531 numero

1181 4569 1472 4658 piscium
1520 4569 1977 4639 marinorum.
2040 4567 2238 4637 Multi
2286 4571 2492 4637 etiam
2541 4572 2754 4661 pisces

1175 4673 1431 4743 liabent
1477 4675 1787 4767 splenem
1838 4700 2052 4770 super
2089 4678 2433 4755 intestina,
2468 4687 2537 4744 et
2574 4700 2754 4769 qua>-

1173 4782 1330 4851 ‹lam
1360 4804 1614 4874 genera
1662 4782 1923 4854 habent
1974 4784 2277 4853 divisum
2325 4785 2630 4876 splenem
2664 4785 2750 4853 ad

1174 4899 1536 4983 utramque
1632 4899 1902 4981 partem
1995 4890 2305 4981 splenem
2392 4890 2745 4970 hala-ntes,

1173 4999 1349 5065 sicut
1403 4996 1725 5089 quoedam
1771 4998 1975 5090 nigra
2003 5019 2259 5090 genera
2293 5000 2743 5077 marinorum,

1177 5128 1332 5194 quae
1361 5106 1643 5172 corvina
1673 5112 2040 5173 vocantur.
2074 5104 2404 5184 Quaedam
2441 5108 2644 5175 etiam
2676 5112 2747 5176 in

1169 5210 1390 5278 tribus
1410 5208 1720 5301 partibus
1758 5210 2045 5289 habent,
2079 5212 2166 5279 ab
2207 5221 2498 5304 utroque
2548 5215 2748 5281 vide-

1170 5317 1327 5387 licet
1393 5317 1629 5401 latere,
1690 5326 1759 5386 et
1801 5328 1962 5387 ante
2020 5328 2330 5387 ventrem
2383 5321 2453 5387 in
2513 5320 2742 5390 medio

1166 5423 1486 5502 laterum,
1545 5424 1721 5494 sicut
1795 5424 1865 5493 id
1921 5425 2114 5517 quod
2176 5426 2373 5494 caleti
2427 5435 2736 5495 vocatur.

1171 5528 1460 5597 Girbum
1490 5538 1721 5599 autem
1763 5532 2060 5622 piscium
2105 5530 2563 5623 quorumdam
2605 5556 2740 5603 nun

1173 5644 1277 5704 est
1312 5645 1731 5726 separatum,
1763 5639 1885 5708 sed
1924 5641 2222 5708 mixtum
2261 5661 2419 5707 cum
2451 5642 2745 5730 pingue-

1172 5744 1330 5814 dine
1367 5768 1581 5838 quam
1643 5750 1958 5840 sagimen
2017 5772 2393 5818 vocamus:
2466 5757 2532 5817 et
2589 5750 2741 5817 ideo

4328 417 4456 482 245

2913 597 3066 640 cum
3108 585 3399 659 constat,
3461 600 3596 643 non
3638 579 4054 668 coagulatur,
4090 579 4204 647 sed
4255 580 4459 647 molle

2913 689 3238 745 remanet.

3000 785 3135 854 Sed
3204 812 3341 855 non
3392 800 3655 878 oportet
3698 792 3927 872 latere,
3972 797 4155 885 quod
4184 796 4457 887 gii-bum

2908 898 3337 985 {equivocum
3379 908 3501 965 est.
3568 900 3717 967 Uno
3749 903 4024 990 quidem
4066 906 4271 972 modo
4334 928 4461 972 vo-

2904 1012 3094 1071 catur
3136 1005 3416 1096 qirbum
3482 1009 3823 1099 pinguedo
3879 1012 4307 1100 particularis
4348 1017 4458 1080 in-

2901 1112 3148 1180 testina
3180 1115 3538 1183 involvens
3572 1139 3585 1182 z
3623 1126 3688 1184 et
3727 1119 3822 1185 sic
3851 1118 4054 1186 locuti
4105 1142 4342 1188 sumus
4373 1121 4453 1187 de

2900 1222 3094 1310 girho
3127 1225 3194 1290 in
3228 1226 3573 1291 anatomia
3601 1229 3803 1314 primi
3843 1227 4020 1294 libri.
4055 1229 4212 1296 Alio
4245 1231 4451 1297 modo

2899 1337 3127 1396 autem
3185 1329 3459 1420 girbum
3522 1341 3722 1399 vocat
3785 1333 4185 1403 Aristoteles
4270 1336 4451 1403 idem

2897 1435 3081 1523 quod
3120 1458 3243 1502 nos
3263 1459 3504 1527 sepum
3536 1443 4018 1509 consuevimus
4056 1442 4397 1533 appellare
4430 1466 4447 1511 ε

2896 1549 2962 1608 et
3025 1545 3122 1611 sic
3195 1543 3544 1635 loquimur
3590 1550 3673 1617 de
3738 1572 3818 1617 eo
3867 1549 3977 1619 hic
4034 1553 4104 1619 in
4151 1554 4450 1643 capitulo

2893 1649 3049 1718 isto.

2980 1757 3223 1828 Adhuc
3253 1771 3480 1830 autem
3510 1766 3580 1830 in
3611 1764 3805 1853 girbo
3856 1768 4310 1856 quorumdam
4352 1770 4451 1858 pi-

2890 1867 3106 1934 scium
3139 1876 3243 1935 est
3296 1870 3641 1959 pinguedo
3673 1873 3992 1962 saginosa
4039 1875 4251 1942 mixta
4290 1898 4446 1942 cum

2888 1997 3112 2053 carne,
3150 1984 3216 2043 et
3246 1976 3317 2043 in
3348 1978 3755 2068 quibusdam
3796 1989 3896 2049 est
3935 1981 4081 2049 sola
4135 1993 4445 2073 separata

2886 2081 3262 2149 secundum
3293 2106 3387 2151 se.
3427 2083 3561 2152 Sed
3588 2086 3902 2176 generale
3933 2096 4058 2166 est,
4086 2088 4269 2179 quod
4299 2112 4442 2157 om·

2886 2210 2971 2255 ne
3000 2189 3254 2257 animal
3293 2187 3552 2257 habens
3607 2194 4091 2283 pinguedinem
4141 2218 4278 2263 non
4326 2219 4443 2264 se-

2887 2305 3192 2386 paratam
3232 2322 3271 2365 a
3308 2321 3532 2376 carne,
3568 2309 3669 2368 est
3701 2303 4037 2390 paucioris
4077 2304 4443 2395 pinguedi-

2886 2407 2988 2472 nis
3049 2407 3117 2472 in
3162 2416 3421 2485 ventre,
3457 2417 3524 2476 et
3577 2409 3751 2500 girbi
3803 2411 4025 2499 pauci,
4070 2412 4249 2479 sicut
4285 2413 4443 2480 ani-

2884 2514 3018 2582 mal
3050 2515 3235 2606 quod
3275 2515 3507 2585 Graece
3545 2519 3846 2586 enchelir
3896 2528 4203 2601 vocatur,
4237 2529 4304 2588 et
4340 2529 4442 2589 est

2883 2623 3227 2713 quoddam
3307 2649 3524 2716 genus
3607 2629 3897 2717 piscium
3983 2629 4433 2697 marinorum.

2884 2729 3094 2797 Multa
3162 2740 3388 2799 autem
3447 2733 3767 2801 animalia
3832 2735 4303 2824 ingrossantur
4369 2737 4438 2802 in

2880 2848 3114 2905 ventre
3156 2863 3237 2906 ex
3272 2840 3484 2907 multa
3526 2840 3614 2907 ibi
3637 2849 3958 2932 congesta
3989 2843 4432 2933 pinguedine,

2881 2957 2946 3015 et
3019 2948 3354 3038 praecipue
3412 2948 3865 3040 phlegmatica
3926 2950 4120 3040 pauci
4208 2961 4437 3019 motus

2881 3057 3262 3132 existentia,
3315 3078 3396 3124 eo
3454 3057 3637 3147 quod
3696 3058 3882 3125 calor
3930 3056 4140 3126 hebes
4181 3059 4248 3127 in
4280 3057 4440 3126 tali-

2879 3162 3004 3232 bus
3040 3165 3373 3233 convertit
3415 3165 3689 3256 quidem
3750 3169 4272 3248 nutrimentum,
4315 3171 4435 3239 sed

2879 3298 3012 3342 non
3088 3275 3430 3343 consumit
3485 3276 3937 3366 aquositatem
3988 3277 4157 3366 ejuS,
4212 3301 4433 3369 neque

2878 3382 3164 3449 multum
3218 3382 3439 3450 elevat
3498 3384 3719 3473 ipsum
3778 3383 4244 3452 distribuendo
4311 3409 4435 3476 per

2879 3490 3180 3557 membra
3238 3514 3253 3557 ε
3315 3500 3379 3557 et
3439 3491 3587 3557 iden
3655 3514 4059 3582 spumosum
4128 3494 4427 3562 existens

2873 3597 3113 3688 caytus
3141 3598 3541 3688 coagulatur
3567 3610 3723 3666 ante.
3757 3600 4095 3667 intestina.

2962 3704 3203 3773 Adhuc
3241 3716 3469 3773 autem
3518 3706 3869 3774 cerebrum
3929 3707 4245 3776 animalis
4303 3708 4431 3777 lia-

2873 3815 3089 3883 bentis
3137 3814 3625 3905 pinguedinem
3677 3818 4095 3905 saginosam,
4131 3825 4232 3883 est
4292 3840 4428 3884 un-

2869 3930 3209 3999 ctuosum,
3243 3923 3413 3990 sicut
3442 3933 3544 3991 est
3570 3922 3925 3990 cerebrum
3966 3925 4181 4014 porci.
4217 3924 4426 3991 Cere-

2869 4027 3063 4096 brum
3124 4038 3350 4098 autem
3408 4030 3722 4097 animalis
3778 4026 4092 4098 habentis
4148 4030 4420 4122 girbum

2864 4137 3006 4203 sive
3044 4160 3311 4227 sepum,
3344 4147 3441 4206 est
3500 4139 3781 4213 siccum.
3815 4147 3881 4206 et
3909 4138 4146 4206 durius
4213 4162 4419 4231 quam

2862 4242 3162 4310 alterius.

2952 4351 3263 4442 Amplius
3293 4360 3523 4419 autem
3572 4376 3780 4442 prope
3813 4376 4011 4420 renes
4080 4361 4179 4419 est
4239 4352 4423 4420 mul-

2860 4467 3003 4524 tum
3061 4481 3302 4548 sepum
3361 4458 3427 4524 in
3486 4457 3896 4526 habentibus
3934 4459 4420 4550 sepuni,plus-

2859 4588 3063 4655 quam
3098 4566 3164 4632 in
3197 4565 3427 4656 aliquo
3467 4565 3601 4633 alio
3635 4567 3783 4634 loco
3818 4578 4095 4658 propter
4136 4570 4420 4658 sagino-

2857 4695 3003 4739 sam
3034 4672 3516 4764 aquositatem,
3560 4696 3714 4764 qua·
3784 4675 3940 4742 illuc
4000 4675 4292 4744 declinat
4328 4677 4415 4744 ab

2861 4781 3126 4872 hepate.
3164 4781 3414 4849 Dexter
3451 4791 3680 4851 autem
3740 4808 3857 4851 ren
3933 4793 4209 4875 propter
4263 4810 4417 4854 ina-

2846 4891 2971 4976 j·n··
3007 4916 3065 4954 :xi
3142 4889 3431 4953 mlum-m
3500 4891 3724 4957 minus
3801 4889 4004 4958 habet.
4065 4890 4148 4956 «le
4215 4916 4408 4982 sept».

2854 5020 3058 5088 quam
3127 4999 3421 5064 sinister.
3488 4997 3875 5088 Aliquoties
3929 5006 4156 5065 autem
4223 5005 4411 5067 tanta

2853 5107 2921 5172 tit
2953 5106 3125 5172 circa
3185 5128 3379 5172 renes
3408 5107 3547 5195 sepi
3605 5128 3851 5182 massa,
3892 5104 4075 5195 qued
4122 5104 4408 5172 fortasse

2850 5213 3088 5280 accidit
3139 5213 3470 5302 aegritudo
3518 5212 3820 5290 animali,
3880 5211 4061 5302 quod
4112 5213 4402 5281 nimium

2851 5322 3052 5389 habet
3077 5345 3317 5411 sepum
3348 5324 3524 5390 circa
3566 5345 3758 5389 renes
3804 5344 3818 5388 ε
3852 5330 3917 5388 et
3953 5318 4085 5389 hoo
4130 5324 4407 5390 contin-

2847 5429 2942 5518 git
2986 5430 3284 5494 maxime
3333 5426 3612 5494 animali
3654 5428 3833 5518 quod
3867 5428 4265 5494 naturaliter
4301 5436 4403 5495 est

2849 5536 3038 5603 multi
3073 5538 3244 5626 sepi,
3278 5537 3449 5604 sicut
3506 5536 3748 5603 accidit
3784 5558 3962 5626 agno
4006 5558 4022 5603 z
4068 5536 4398 5627 quoniam

2846 5644 2901 5710 si
2942 5667 3136 5711 renes
3164 5643 3323 5735 agni
3353 5642 3882 5733 circumquaque
3919 5642 4398 5731 cooperiantur

2846 5776 3033 5841 sepo,
3071 5751 3425 5829 morietur,
3466 5770 3548 5815 eo
3579 5749 3761 5840 quod
3788 5748 4152 5840 impeditur
4187 5754 4401 5814 attra-
