4919 6371
990 3006 999 3013 ’
1107 3008 1394 3079 luminis
1474 3011 1869 3089 reflexione,

1980 367 2148 433 Llss.
2202 365 2229 430 1
2273 363 2393 430 DE
2439 361 3029 445 ANIMALIBUS,
3080 365 3389 435 TRACT.
3445 367 3505 433 ll
4256 372 4340 439 37

1134 552 1275 612 erat
1304 549 1502 632 capta
1536 536 1745 627 talpa,
1785 537 1880 603 ita
1903 537 2087 627 quod
2114 536 2334 605 adhuc
2380 535 2676 627 palpita-

1132 649 1267 717 bat.
1311 647 1493 714 Dicit
1556 652 1784 712 autem
1841 644 2262 724 AristoteleS,
2308 646 2491 735 quod
2521 667 2674 713 cum

1130 755 1451 823 inciditur
1480 752 1674 845 pellis
1703 754 1774 820 in
1812 754 1961 822 loco
2004 755 2383 832 oculorum,
2417 753 2678 820 inveni-

1127 873 1237 932 tur
1255 862 1508 931 humor
1546 864 1739 955 niger
1766 872 1833 931 et
1851 887 1990 932 non
2021 863 2279 941 oculuS‚
2321 871 2672 949 tamquam

1127 970 1442 1040 acciderit
1512 972 1709 1040 oculo
1785 974 1932 1063 ejus
1988 973 2234 1039 occisio
2282 967 2511 1059 aliqua
2555 991 2676 1058 per

1128 1101 1334 1169 quam
1390 1078 1767 1148 destructus
1812 1079 1903 1147 sit
1940 1079 2008 1145 in
2053 1075 2384 1168 principio
2439 1084 2673 1166 partus

1123 1187 1251 1265 sui,
1279 1187 1555 1279 quando
1578 1188 1799 1255 defixa
1819 1186 1945 1253 fuit
1962 1184 2158 1276 pellis
2177 1205 2379 1273 super
2407 1183 2666 1261 oculOS,

1123 1314 1206 1361 ex
1253 1295 1448 1384 cujus
1513 1293 1849 1363 defixione
1906 1290 2224 1359 destructi
2281 1299 2439 1359 sunt
2489 1289 2670 1358 oculi

1120 1401 1290 1491 ejus.
1361 1400 1511 1470 Hoc
1564 1406 1793 1467 autem
1832 1399 2085 1467 mirum
2141 1404 2243 1468 est
2282 1420 2297 1464 :
2343 1397 2669 1487 quoniam

1118 1509 1366 1576 occisio
1424 1529 1565 1574 non
1637 1505 1716 1574 fit
1769 1508 1838 1573 in
1884 1512 2029 1574 tota
2054 1528 2190 1572 una
2221 1503 2467 1594 specie,
2510 1502 2670 1592 quia

1117 1612 1320 1681 aliter
1382 1621 1629 1681 natura
1684 1634 1951 1703 semper
2004 1617 2321 1702 'peccaret
2367 1617 2487 1676 :et
2513 1608 2666 1676 ideo

1115 1718 1388 1788 videtur
1416 1718 1776 1789 dicendum
1815 1739 1985 1800 esse,
2029 1716 2210 1808 quod
2239 1739 2379 1783 non
2424 1715 2669 1783 accidit

1126 1826 1187 1892 ei
1231 1826 1483 1895 occisio
1511 1825 1887 1895 secundum
1914 1846 2149 1892 veram
2199 1831 2262 1891 et
2299 1821 2666 1913 perfectam

1118 1934 1456 2001 rationem
1504 1932 1887 2011 occisionis,
1948 1931 2067 1999 sed
2122 1931 2349 2022 potius
2405 1929 2665 2020 aliquid

1118 2039 1341 2108 simile
1362 2041 1696 2108 ‘occisioni
1726 2061 1743 2106 ε
1779 2047 2028 2108 etcum
2067 2040 2153 2106 sit
2181 2037 2434 2104 animal
2481 2036 2667 2127 quod

1120 2170 1262 2215 non
1308 2147 1515 2215 habet
1542 2157 1732 2215 extra
1778 2155 2025 2216 terram
2083 2145 2569 2214 habitationem
2600 2153 2667 2213 et

1111 2255 1553 2337 victum,·sed
1579 2263 1869 2324 venatur
1895 2256 1966 2322 in
1992 2263 2175 2323 terra
2197 2252 2569 2322 lumbricos
2598 2264 2664 2323 et

1107 2366 1431 2445 vermes,·
1471 2385 1611 2430 non
1660 2369 1854 2430 erant
1916 2363 1979 2431 ei
2032 2360 2390 2429 necessarii
2452 2358 2659 2439 oculi,

1106 2468 1229 2538 sed
1256 2476 1494 2539 essent
1549 2468 1613 2536 ei
1665 2467 2000 2558 superflui
2052 2468 2112 2535 si
2166 2465 2443 2536 haberet
2489 2489 2658 2535 eos:

1106 2580 1268 2668 quia
1319 2600 1478 2646 cum
1522 2577 1936 2667 plerumque
2005 2584 2108 2645 est
2162 2577 2233 2644 in
2304 2575 2661 2666 superficie

1111 2670 1311 2755 terroe
1340 2686 1457 2754 ubi
1485 2686 1679 2755 cibus
1709 2686 1855 2776 ejus
1883 2685 2207 2762 abundat,
2238 2684 2392 2752 ideo
2420 2692 2663 2752 natura

1111 2792 1307 2862 dedit
1334 2795 1397 2864 ei
1418 2794 1491 2861 in
1520 2793 1670 2862 loco
1701 2792 2057 2862 oculorum
2085 2791 2331 2885 pellem
2353 2799 2655 2869 tenuem,

1111 2900 1417 2992 planam,
1448 2901 1842 2993 depilatam,
1882 2899 1970 2970 ad
2012 2923 2216 2991 quam
2263 2899 2437 2968 facta
2477 2900 2660 2967 tenui

1988 3031 2267 3078 sensum
2347 3009 2655 3098 accipiat,

1111 3116 1387 3210 quando
1419 3126 1524 3188 est
1549 3117 1677 3185 sub
1707 3126 1907 3204 terra,
1950 3124 2021 3185 et
2057 3116 2326 3209 quando
2373 3139 2514 3183 non
2560 3121 2661 3183 est

1103 3228 1234 3297 sub
1268 3229 1418 3319 ipsa
1473 3250 1491 3298 t
1535 3228 1862 3319 quoniam
1917 3227 2060 3297 vita
2104 3227 2249 3317 ejus
2285 3248 2424 3294 non
2464 3225 2663 3294 durat

1098 3357 1305 3426 super
1319 3343 1597 3413 terram,
1625 3334 1756 3403 nisi
1775 3334 1947 3402 forte
1975 3335 2195 3424 spatio
2217 3335 2422 3402 unius
2443 3331 2654 3414 horae,

1100 3441 1213 3512 vel
1232 3442 1321 3511 ad
1346 3441 1500 3533 plus
1528 3438 1855 3510 horarum
1884 3439 2199 3509 duarum.

1191 3559 1273 3629 In
1298 3557 1520 3630 'oculis
1548 3568 1780 3629 autem
1824 3557 2287 3651 principaliter
2342 3560 2655 3629 consistit

1102 3664 1335 3735 omnis
1423 3664 1745 3757 perfectio
1825 3660 2390 3758 physiognomia.
2470 3663 2656 3732 Dixit

1109 3774 1295 3840 enim
1326 3771 1655 3843 Palemon
1692 3771 1932 3841 oculos
1967 3794 2115 3841 esse
2137 3780 2490 3863 tamquam
2520 3772 2654 3838 sso-

1110 3901 1219 3948 res
1254 3880 1525 3959 animm,
1558 3888 1625 3950 et
1661 3881 1963 3948 animam
2000 3880 2289 3948 emicare
2328 3901 2452 3969 per
2479 3900 2653 3946 ocu-

1105 3983 1237 4064 los,
1264 3994 1338 4056 et
1355 3986 1577 4056 solam
1592 3985 1952 4055 oculorum
1972 3985 2484 4077 dispositionem
2505 4006 2651 4054 esse

1109 4091 1524 4185 aditum'per
1548 4115 1754 4184 quem
1800 4091 2069 4162 animus
2095 4093 2437 4184 introspici
2487 4115 2652 4184 pos-

1110 4200 1225 4286 sit,
1262 4205 1333 4268 et
1384 4198 1743 4268 oculorum
1805 4198 2055 4268 indicia
2116 4220 2261 4268 esse
2321 4198 2653 4290 principia

1110 4328 1265 4399 quae
1300 4306 1615 4377 omnium
1652 4305 1941 4375 aliorum
1978 4306 2443 4375 membrorum
2481 4306 2656 4373 indi-

1110 4412 1214 4482 cia
1241 4412 1775 4504 subsequuntur,
1815 4433 1970 4504 quae
1994 4412 2065 4480 in
2092 4411 2287 4480 vultu
2315 4413 2653 4482 constitu-

1110 4529 1182 4590 ta
1205 4527 1370 4591 sunt
1404 4542 1449 4590 :·
1493 4521 1563 4591 et
1613 4522 1672 4590 si
1725 4521 2082 4591 oculorum
2118 4520 2365 4591 indicia
2398 4520 2655 4589 contir-

1110 4623 1328 4698 mant·
1365 4626 1616 4698 indicia
1694 4636 2091 4698 caeterorum
2155 4624 2647 4706 membrorum,

1109 4745 1275 4806 tunc
1300 4743 1446 4805 rata
1472 4757 1621 4806 esse
1648 4735 1822 4806 dixit
1838 4734 2112 4804 Loxus:
2153 4737 2211 4805 si
2239 4743 2468 4804 autem
2497 4758 2654 4805 con·

1109 4844 1479 4912 trariantur
1517 4842 1641 4922 eis,
1674 4849 1836 4911 tunc
1870 4841 2218 4911 infirmant
2244 4865 2347 4926 ea,
2390 4851 2459 4911 et
2505 4841 2654 4934 ipsa

1111 4951 1470 5021 oculorum
1551 4950 1801 5020 indicia
1879 4950 2269 5044 praevalent.
2362 4949 2654 5043 Propter

1111 5059 1299 5150 quod
1348 5059 1555 5128 etiam
1611 5057 1891 5128 oculum
1942 5081 2182 5129 verum
2236 5058 2457 5127 cordis
2504 5078 2650 5127 esse

1109 5166 1428 5233 nuntium
1449 5164 1960 5234 affirmaverunt
1986 5187 2224 5235 omnes
2250 5163 2454 5233 simul
2482 5164 2653 5256 phy-

1109 5270 1482 5363 siognomi.

1151 5377 1398 5449 --Oculi
1433 5388 1663 5449 autem
1698 5380 2024 5451 indicium
2051 5383 2159 5451 est
2192 5378 2388 5449 valde
2416 5378 2657 5449 multi-

1108 5487 1269 5578 plex
1301 5510 1393 5558 ex
1413 5487 1797 5557 substantia
1830 5497 1900 5558 et
1942 5486 2279 5558 coloribus
2309 5495 2378 5557 et
2430 5484 2654 5579 figura

1110 5604 1177 5665 et
1241 5597 1582 5689 positione
1645 5602 1977 5666 etmotu‘
2026 5598 2214 5667 visus
2272 5603 2649 5686 sumptum.

1111 5702 1306 5776 Oculi
1340 5707 1554 5800 igitur
1578 5705 1699 5797 qui
1721 5711 2073 5796 tamquam
2109 5704 2388 5797 guttulae
2413 5704 2655 5774 nitoris

2783 534 2978 601 nitidi
3037 536 3362 614 relucent,
3416 559 3641 604 mores
3691 541 3950 627 positos
4006 547 4071 607 et
4109 546 4341 630 gratos

2783 641 3106 708 indicant.
3167 641 3456 731 Pupillae
3496 652 3613 710 aut
3659 646 3963 732 jacentes
4012 632 4338 736 porrectae

2781 756 2937 815 ante
2993 749 3268 816 oculum
3333 749 3861 840 aliquantulum,
3905 755 4278 821 vanitatem
4318 778 4333 821 ε

2781 853 3020 923 breves
3058 865 3286 923 autem
3338 859 3531 947 quasi
3575 866 3903 938 retractae,
3938 860 4338 950 malignita-

2778 967 2915 1027 tem
2948 962 3170 1031 cordis
3203 962 3549 1055 detegunt.
3583 964 3830 1033 Adhuc
3857 973 4085 1033 autem
4115 965 4333 1033 sicubi

2778 1070 3111 1139 moderati
3170 1081 3328 1139 sunt
3383 1072 3584 1141 orbes
3637 1074 4079 1164 pupillarum,
4130 1073 4334 1142 fortia

2777 1178 3135 1270 designant
3192 1202 3337 1247 esse
3403 1182 3729 1249 animalia
3795 1204 4085 1273 quorum
4144 1191 4327 1252 sunt.

2779 1284 3141 1376 Serpentes
3198 1298 3266 1357 et
3311 1286 3553 1380 hyenae
3610 1297 3678 1357 et
3749 1291 3989 1370 simiae,
4041 1291 4333 1359 uniones

2774 1394 2918 1461 sive
2956 1397 3331 1465 testudines
3375 1419 3527 1488 quae
3583 1400 3985 1490 margaritas
4040 1398 4328 1493 habent,

2776 1508 2841 1567 et
2869 1500 3130 1591 vulpes,
3159 1503 3455 1593 pupillas
3477 1503 3730 1572 habent
3757 1528 4001 1596 parvas
4035 1527 4051 1572 ε
4088 1512 4156 1574 et
4175 1505 4331 1573 talis

2774 1609 3045 1677 animus
3095 1610 3467 1679 bestiarum
3543 1600 3855 1704 signatur
3910 1617 3981 1682 in
4018 1613 4327 1698 homine,

2773 1718 2967 1805 cujus
3015 1726 3192 1787 sunt
3245 1742 3497 1810 parvae.
3569 1719 3742 1789 Cum
3799 1722 4012 1791 altera
4062 1721 4329 1813 pupilla

2771 1827 2993 1914 maj0r
3029 1829 3117 1895 sit
3162 1828 3397 1905 altera,
3457 1829 3685 1897 minor
3715 1830 4146 1921 iniquitatem
4194 1835 4332 1921 sig·

2770 1933 3022 2003 nificat.
3084 1935 3393 2014 Quorum
3460 1945 3688 2004 autem
3726 1939 4003 2030 pupillae
4045 1942 4116 2009 in
4154 1942 4325 2034 gyro

2770 2050 3089 2132 aguntur,
3158 2052 3511 2136 tamquam
3567 2051 3718 2112 rota
3791 2048 3888 2115 sic
3965 2069 4322 2139 suspensa,

2770 2150 3275 2219 observandum
3314 2160 3416 2221 est
3445 2161 3677 2221 utrum
3715 2155 3938 2223 amboe
3970 2156 4331 2226 uniformi-⁴

2768 2265 2872 2326 ter
2899 2259 3460 2329 circumferantur
3487 2285 3578 2330 an
3606 2263 3794 2353 varie
3829 2286 3845 2331 :
3879 2262 3937 2331 si
3965 2264 4150 2332 enim
4179 2267 4329 2334 uni-

2766 2366 3078 2436 formiter
3119 2377 3440 2460 aguntur,
3493 2369 3862 2439 sceleribus
3898 2378 3964 2440 et
3998 2372 4330 2442 facinori-‘-

2767 2472 2895 2541 bus
2953 2473 3315 2555 detinetur,
3351 2477 3544 2566 cujus
3582 2476 3763 2545 oculi
3804 2480 3901 2546 sic
3931 2488 4323 2560 moventur,

2767 2591 2843 2650 ut
2870 2580 3255 2651 homicidiis
3286 2583 3704 2663 domesticis»,
3739 2592 3858 2653 aut
3896 2586 4193 2655 infandis
4222 2588 4329 2656 ci·-

2767 2687 2873 2756 bis
2903 2697 2971 2756 et
3034 2690 3370 2758 conviviis
3434 2697 3537 2758 est
3570 2689 3900 2781 pullutus‚
3943 2692 4179 2783 quales
4219 2694 4330 2763 di-

2767 2804 3014 2864 cuntur
3069 2817 3215 2866 esse
3278 2796 3606 2889 Thyestii,
3666 2796 3893 2877 Ethei,
3934 2808 4000 2867 et
4039 2800 4321 2882 Medeae,

2767 2912 2835 2973 et
2862 2926 3105 2973 eorum
3136 2906 3253 2996 qui
3300 2903 3664 2974 hominum
3711 2907 3978 2976 viscera
4022 2917 4091 2978 et
4115 2918 4326 2978 nato-

2767 3032 2922 3077 rum
2950 3009 3496 3081 devoraverunt:
3531 3019 3600 3080 et
3625 3011 3852 3103 qualia
3881 3021 4042 3083 sunt
4076 3014 4321 3107 cclipia

2766 3119 3135 3200 connubia,
3201 3122 3320 3213 qui
3375 3144 3532 3192 cum
3571 3121 3903 3192 matribus
3930 3132 3996 3193 et
4045 3122 4323 3195 filiabus

2765 3230 2992 3319 turpia
3017 3232 3429 3299 commercia
3447 3229 3854 3304 hahuerunt.
3889 3231 4060 3301 Cum
4091 3242 4323 3304 autem

2763 3336 2954 3402 varie
2986 3344 3352 3404 moventur
3387 3334 3592 3415 oculi,
3626 3345 3703 3405 ut
3731 3337 3937 3408 modo
3966 3339 4329 3409 involvan-

2764 3450 2900 3525 tur,
2925 3452 2994 3512 et
3023 3444 3230 3513 modo
3252 3453 3550 3523 currant,
3585 3450 3653 3513 et
3681 3445 3887 3514 modo
3919 3445 4322 3541 interquies-

2761 3558 2944 3631 cant,
2985 3550 3376 3643 significant
3408 3552 3574 3621 talia
3617 3554 3765 3643 jam
3806 3554 3877 3622 in
3931 3556 4164 3625 animo
4201 3577 4320 3626 re·-

2761 3658 3061 3728 volvisse
3105 3667 3176 3728 et
3235 3660 3544 3729 nondum
3600 3683 3749 3730 esse
3784 3671 4188 3754 perpetrata.
4238 3663 4318 3734 Si

2761 3774 2992 3836 autem
3047 3789 3205 3836 cum
3244 3766 3363 3836 tali
3403 3776 3594 3837 motu
3638 3769 4052 3861 pupillarum
4100 3771 4314 3841 etiam

2762 3875 3141 3944 obscuritas
3170 3875 3483 3966 quaedam
3521 3876 3697 3945 adsit
3723 3877 3898 3946 ciliis
3924 3888 3993 3948 et
4019 3880 4320 3971 superci-

2762 3981 2895 4062 liis,
2927 3991 2995 4050 et
3023 3983 3377 4052 immineat
3398 3981 3613 4052 oculis
3639 3992 3719 4052 ut
3732 3982 3952 4054 nubes
3971 3986 4311 4077 quiedam,

2760 4087 2832 4157 hi
2870 4089 3110 4182 gravia
3144 4089 3402 4159 scelera
3445 4097 3747 4171 versant,
3786 4099 3864 4162 ut
3904 4101 4006 4162 est
4058 4115 4320 4186 praesa-

2761 4198 2952 4290 gium
2991 4197 3176 4288 quod
3222 4198 3293 4265 in
3342 4197 3544 4266 rebus
3579 4197 3967 4269 domesticis
4006 4202 4177 4270 iram
4209 4201 4319 4273 di·-

2759 4305 2995 4374 vinam
3060 4305 3195 4374 cito
3253 4304 3546 4374 debeant
3608 4307 3974 4376 incurrere.
4041 4307 4316 4380 Defixio

2760 4420 2991 4481 autem
3030 4412 3446 4505 pupillarum
3489 4412 4044 4504 ingratitudinem
4084 4414 4319 4486 homi-

2761 4520 2870 4587 nis
2942 4518 3388 4589 demonstrat.
3460 4517 3655 4591 Oculi
3709 4528 3941 4590 autem
3988 4523 4107 4615 qui
4151 4545 4314 4594 cum

2761 4624 3055 4696 humore
3118 4625 3350 4719 aliquo
3407 4634 3613 4708 stant,
3678 4628 4060 4700 timiditatis
4114 4652 4134 4699 :
4193 4635 4314 4725 qui

2766 4741 2996 4804 autem
3035 4755 3193 4803 cum
3224 4733 3438 4803 nimia
3476 4734 3803 4820 siccitate,
3835 4735 4117 4808 insaniae
4153 4748 4319 4809 sunt

2766 4842 3043 4912 indicia.
3093 4840 3171 4910 Si
3225 4850 3454 4910 autem
3507 4842 3665 4912 sicci
3720 4853 3883 4913 sunt
3924 4852 3994 4915 et
4029 4845 4310 4937 pallent,

2762 4957 3066 5019 mentem
3104 4950 3462 5019 attonitam
3493 4973 3580 5019 ex
3622 4952 3889 5021 insania
3926 4952 4311 5047 designant.

2765 5057 2900 5140 Qui
2928 5067 3160 5128 autem
3178 5081 3340 5127 cum
3367 5059 3734 5130 stabilitate
3771 5069 3839 5129 et
3855 5061 4115 5154 pallore
4142 5086 4318 5135 ocu-

2763 5166 2992 5235 lorum
3082 5165 3442 5257 supercilia
3534 5167 3807 5258 erigunt
3877 5177 3946 5238 et
3996 5171 4316 5262 spiritum

2763 5269 3104 5340 violenter
3146 5270 3563 5341 contrahunt
3626 5279 3692 5340 et
3744 5274 4161 5366 concipiunt,
4198 5278 4316 5345 in-

2766 5376 3090 5458 consulti,
3148 5377 3475 5460 immites,
3515 5377 3829 5450 maledici
3872 5390 4034 5451 sunt
4069 5391 4138 5453 et
4169 5384 4318 5455 ira-

2714 5539 2720 5544 .
2764 5485 2995 5556 cundi.
3042 5483 3316 5555 Stantes
3343 5494 3573 5555 autem
3607 5485 3728 5554 diu
3755 5495 3826 5556 et
3866 5485 4319 5563 subrubentes

2766 5594 3616 5688 libidinosumsignificant
3643 5603 3711 5664 et
3735 5617 4079 5669 voracem.
4117 5599 4322 5671 Stan-

2766 5711 2870 5774 tes
2925 5712 3154 5774 autem
3207 5713 3277 5775 et
3339 5702 3583 5776 breves
3643 5704 3868 5788 valde,
3929 5701 4318 5802 significant
