4919 6371
1959 469 2129 536 Ltss.
2185 467 2279 535 1v
2326 468 2445 536 DE
2496 466 3085 550 ANIMAIABUS,
3136 472 3446 540 TRACT.
3502 472 3526 538 l

1150 652 1283 711 tem
1326 641 1661 729 superiori
1703 645 1863 704 sunt
1913 641 2217 730 quinque
2265 650 2489 731 partes
2545 662 2718 707 ven-

1147 755 1267 817 tris
1297 751 1442 837 ejus
1493 746 1852 837 applicata·
1892 748 2242 839 principiis
2282 750 2612 826 dentium,
2653 755 2718 813 et

1148 858 1279 925 illa¹
1312 863 1473 923 sunt
1509 864 1734 945 partes
1761 879 1992 946 parvm
2024 858 2247 936 valde,
2284 866 2349 924 et
2385 880 2525 923 non
2558 861 2717 921 sunt

1149 965 1442 1041 esibile&
1477 972 1543 1032 et
1575 963 1671 1031 sie
1702 972 1862 1032 sunt
1895 967 2203 1056 quinque
2234 964 2470 1030 dentes
2502 985 2540 1028 a
2570 962 2716 1051 qui-

1148 1072 1274 1139 hus
1321 1072 1622 1162 pendent
1680 1074 1986 1164 quinque
2047 1079 2341 1147 ventres,
2384 1069 2508 1134 sub
2560 1069 2716 1158 qui-

1147 1179 1275 1246 bus
1320 1189 1480 1248 sunt
1541 1181 1850 1272 quiaque
1911 1180 2168 1270 sypbae
2223 1177 2571 1245 tendentia
2629 1176 2714 1243 ad

1146 1310 1353 1355 auum
1399 1310 1413 1355 ε
1461 1297 1527 1357 et
1563 1289 1696 1356 hoe
1735 1287 2058 1356 convenit
2101 1285 2405 1376 pluribus
2444 1286 2714 1352 anima-

1145 1398 1319 1464 libus
1359 1401 1534 1465 sieut
1563 1396 1825 1464 hin-iniis
1872 1418 1885 1460 z
1924 1396 2250 1462 convenit
2281 1396 2464 1462 enim
2497 1394 2712 1461 omni·

1144 1509 1267 1574 bus
1318 1505 1686 1596 generibus
1733 1511 2121 1572 ostreorum
2182 1526 2335 1594 quae
2387 1504 2554 1570 lalta
2603 1501 2713 1568 di-

1145 1625 1412 1693 cuntur,
1447 1638 1603 1706 quae
1632 1622 1793 1681 sunt
1841 1613 2092 1682 blaeeae
2143 1612 2487 1703 quaedam.
2526 1611 2714 1679 Con-

1143 1723 1330 1788 venit
1355 1721 1563 1788 etiam
1595 1722 1825 1812 generi
1860 1719 1956 1788 illi
1994 1741 2312 1786 ranarum
2339 1741 2491 1808 qua·
2522 1718 2712 1785 attri-

1144 1833 1449 1899 buantur
1483 1833 1717 1922 generi
1758 1831 1946 1922 quod
1985 1838 2271 1898 vocatur
2290 1830 2703 1896 assaturim:

1147 1948 1211 2006 et
1275 1940 1345 2005 in
1411 1938 1733 2005 omnibus
1808 1935 2224 2003 animalibus
2297 1934 2708 2023 imperfectis

1147 2049 1372 2116 mollis
1429 2047 1734 2138 corporis
1792 2047 1929 2113 fer«-
1988 2046 2114 2113 iste
2171 2045 2417 2112 modus
2454 2052 2579 2120 est,
2642 2053 2707 2110 et

1138 2178 1277 2223 non
1331 2156 1715 2223 diversatur
1781 2155 1912 2221 nisi
1974 2157 2042 2219 in
2100 2152 2350 2228 colore,
2414 2165 2471 2217 et
2549 2153 2708 2240 quia

1134 2262 1445 2355 quaedam
1478 2285 1721 2328 eorum
1752 2260 2019 2328 esibilia
2047 2266 2232 2343 sunt,
2277 2266 2342 2325 et
2382 2257 2700 2348 quiedam

1136 2395 1299 2439 min.

1223 2478 1465 2546 Adbuc
1503 2487 1734 2545 autem
1773 2499 1996 2567 genus
2035 2475 2253 2543 liirieii
2313 2496 2693 2541 concavum

1137 2596 1236 2654 est
1275 2587 1345 2653 in
1385 2594 1576 2676 parte
1625 2584 1928 2652 inferiori
1989 2591 2051 2651 et
2102 2584 2571 2671 conjunctum,
2628 2583 2697 2648 in

1134 2702 1319 2784 parte
1358 2716 1523 2761 vero
1562 2693 1899 2782 superiori
1942 2700 2044 2758 est
2089 2699 2478 2780 separatum
2529 2692 2700 2757 sieut

1141 2802 1304 2869 rami
1345 2801 1627 2891 quidam
1670 2800 1920 2891 plantae
1955 2821 1970 2865 :
2008 2806 2074 2865 et
2124 2798 2265 2888 ipse
2309 2797 2522 2864 utitur
2558 2798 2705 2887 spi-

1137 2910 1240 2976 nis
1292 2907 1724 2976 mollioribus
1756 2929 1929 2996 quas
1982 2903 2185 2970 babet
2226 2903 2515 2970 mobiles
2552 2901 2702 2968 loro

1141 3019 1419 3110 pedum.

1226 3123 1499 3193 Animal
1557 3145 1721 3190 vero
1776 3120 2067 3190 ostreale
2118 3119 2304 3211 quod
2342 3145 2376 3185 a
2411 3117 2703 3210 quibus-

1134 3234 1289 3301 dam
1329 3233 1503 3299 tillio
1542 3238 1853 3310 vocatur,
1898 3237 1996 3296 est
2055 3226 2290 3296 mnam
2331 3227 2701 3316 superflui-

1135 3342 1288 3406 tatis
1335 3338 1556 3427 magis
1597 3359 1808 3427 quam
1871 3334 2151 3425 aliquod
2208 3332 2503 3400 aliorum
2561 3334 2705 3399 ani-

1135 3448 1415 3515 malium
1446 3446 1550 3513 sui
1591 3445 1888 3535 generis,
1946 3441 2248 3533 eoquod
2293 3450 2516 3508 totum
2559 3463 2707 3507 ror·

1131 3580 1256 3646 pus
1286 3555 1434 3642 ejus
1463 3551 1948 3621 absconditum
1987 3559 2090 3619 est
2121 3550 2190 3617 in
2222 3557 2424 3625 testa,
2461 3549 2529 3616 in
2568 3572 2702 3638 qua

1130 3664 1244 3730 «liu
1275 3660 1480 3730 simul
1504 3668 1977 3751 congeruntur
2005 3659 2156 3747 ejus
2176 3655 2699 3748 superfluitates.

1130 3771 1396 3838 (Ireatio
1436 3777 1667 3837 autem
1710 3775 1905 3835 testae
1957 3766 2107 3855 ejus
2146 3773 2250 3834 eat
2306 3766 2484 3832 inter
2511 3786 2705 3832 crea-

1130 3881 1387 3948 tionem
1420 3886 1606 3945 testae
1636 3884 1702 3942 et
1741 3874 1907 3942 rorii
1960 3874 2156 3966 quasi
2187 3871 2437 3951 media,
2481 3881 2548 3940 et
2595 3880 2702 3938 te·-

1132 3997 1229 4054 sta
1278 3986 1425 4073 ejas
1472 3991 1573 4052 est
1611 3982 1950 4073 applicata
2010 3980 2351 4071 lapidibus
2412 4001 2427 4046 :
2505 3988 2570 4047 et
2629 3981 2697 4046 ia

1132 4118 1415 4185 corpore
1473 4092 1622 4181 ejus
1678 4098 1838 4158 suat
1876 4088 2030 4156 dua·
2075 4089 2200 4156 vioe
2258 4109 2488 4178 parva¹
2546 4108 2696 4177 qum

1128 4201 1397 4270 distin-ile
1434 4198 1781 4275 videntur,
1834 4221 1958 4288 per
1985 4218 2157 4288 quas
2187 4195 2422 4285 ret-ipit
2466 4194 2698 4262 bumi-

1127 4311 1391 4387 «litates‚
1427 4317 1489 4374 et
1525 4329 1685 4374 eum
1718 4304 2001 4373 [inditur
2029 4327 2277 4393 corpus
2305 4304 2477 4392 ejus,
2512 4303 2697 4371 iave-

1130 4422 1310 4486 nitur
1349 4417 1418 4485 ln
1452 4438 1588 4482 una
1627 4413 1926 4504 quadam
1969 4410 2102 4481 tela
2133 4410 2546 4488 involutum,
2581 4434 2695 4478 cu·

1118 4528 1230 4617 jus
1272 4525 1419 4595 telae
1466 4525 1722 4592 creatio
1771 4544 2064 4589 nervosa
2103 4519 2373 4588 videtur
2414 4542 2431 4586 ε
2487 4528 2555 4588 et
2591 4527 2695 4587 est

1129 4636 1250 4700 ista
1284 4630 1417 4699 tela
1446 4628 1731 4697 interius
1772 4630 1842 4696 in
1884 4627 2170 4696 circuitu
2218 4634 2406 4694 testae
2446 4625 2686 4716 ipsius,

1130 4751 1188 4807 et
1224 4741 1289 4807 in
1323 4747 1492 4806 testa
1533 4734 1668 4802 tela
1724 4743 1827 4804 est
1876 4756 2065 4813 caro,
2097 4742 2161 4801 et
2192 4754 2349 4801 earo
2380 4731 2493 4799 illa
2549 4754 2687 4799 non

1130 4844 1545 4913 assimilatur
1571 4842 1756 4909 carni
1800 4839 2090 4927 alicujus
2129 4838 2443 4906 animalis
2483 4839 2694 4905 mari-

1133 4956 1224 5021 ai.
1270 4952 1407 5020 Sed
1447 4950 1583 5017 tela
1612 4957 1717 5017 est
1755 4956 2041 5016 extensa
2069 4970 2154 5016 ex
2185 4955 2473 5037 utraque
2504 4955 2691 5038 parte

1129 5084 1342 5153 usque
1383 5059 1469 5127 ad
1497 5058 1646 5125 vias
1684 5057 2128 5134 extrinsecas,
2162 5059 2346 5124 viam
2378 5054 2691 5123 videlieet

1130 5194 1247 5261 per
1284 5191 1490 5260 quam
1522 5166 1765 5256 accipit
1797 5162 2280 5234 humiditatem
2310 5164 2695 5232 nutrimen-

1128 5278 1356 5359 talem,
1390 5284 1455 5344 et
1486 5275 1671 5343 viam
1711 5295 1835 5364 per
1864 5295 2075 5363 quam
2106 5272 2290 5363 ejicit
2328 5274 2694 5362 superlini-

1126 5394 1330 5451 tatem
1362 5379 1681 5451 stercoris
1716 5401 1731 5446 ε
1769 5401 1893 5468 per
1932 5401 2139 5446 unam
2189 5378 2369 5447 enim
2422 5377 2687 5445 illarum

1127 5492 1358 5582 recipit
1396 5489 1655 5559 cibum,
1692 5494 1756 5554 et
1790 5485 2157 5576 paralium
2193 5486 2371 5574 ejicit
2412 5486 2633 5576 ipsum
2670 5507 2685 5553 t

1128 5611 1193 5669 et
1221 5623 1353 5667 ana
1393 5619 1631 5665 earam
1681 5603 1785 5663 est
1822 5595 2069 5686 spissa,
2116 5603 2185 5662 et
2221 5594 2351 5663 alia
2391 5593 2686 5662 subtilis.

1133 5711 1366 5800 ⁸<pissa
1392 5705 1671 5798 quidem
1703 5727 1825 5795 per
1863 5725 2076 5795 quam
2104 5704 2337 5780 satuit,
2370 5710 2435 5772 et
2473 5701 2697 5772 subti-

1134 5821 1215 5887 lis
1247 5841 1367 5908 per
1395 5836 1605 5907 quam
1645 5812 1853 5900 ejicit.
1900 5811 2193 5880 interius
2221 5832 2386 5879 vero
2413 5820 2514 5878 est
2546 5832 2692 5899 pro·

4249 473 4378 539 279

2826 639 3132 716 fundum,
3171 649 3237 705 et
3267 641 3338 705 in
3369 641 3485 706 illo
3518 642 3854 730 profundo
3887 649 3989 708 est
4015 639 4377 706 humidum

2822 746 3302 813 nutrimentale
3343 747 3554 836 ipsius
3589 771 3603 813 :
3641 758 3706 815 et
3748 747 3878 814 boe
3908 748 4183 837 quidem
4224 747 4379 814 ani-

2822 853 2956 918 mal
3016 854 3187 919 titleo
3244 853 3556 922 videlieet
3603 863 3945 931 vocatum,
3995 877 4132 921 non
4171 853 4379 922 habet

2820 960 3022 1026 aliam
3054 969 3344 1050 partem,
3371 984 3590 1052 neque
3612 984 3911 1038 sensum,
3938 983 4160 1051 neque
4191 961 4378 1028 aliud

2819 1073 3349 1141 instrumentum
3396 1095 3411 1141 ε
3473 1081 3539 1141 et
3579 1072 3762 1140 color
3811 1073 3956 1159 ejus
4006 1070 4373 1161 aliquando

2819 1190 2917 1248 est
2946 1181 3188 1271 pallor,
3224 1189 3290 1249 et
3321 1181 3685 1273 aliquando
3708 1180 3880 1247 forte
3915 1178 4144 1246 rubor.

3357 2153 3647 2219 uxt‘t‘t‘
3700 2153 3812 2221 vl.

2813 2895 2910 2960 De
2945 2901 3201 2960 aalma
3243 2894 3476 2960 urticae
3514 2894 3726 2960 maris
3762 2915 3776 2960 :
3821 2904 3886 2960 et
3914 2904 4009 2959 es!
4041 2895 4109 2960 in
4151 2920 4225 2960 eo
4259 2916 4366 2961 m-

2896 3023 3159 3067 oni-:ssia
3214 3001 3567 3067 asle-ndens
3621 3027 3899 3070 (πωπω
3941 3005 4359 3071 concliorum

2896 3118 2960 3175 e!
2991 3118 3318 3175 testarum
3351 3110 3685 3176 omnium.

2896 3970 3010 4040 list
3048 3981 3277 4040 autem
3317 3995 3536 4060 genus
3560 3970 3778 4039 adhuc
3820 3969 4139 4040 animalis
4178 3971 4362 4062 quod

2802 4090 3084 4149 vocatur
3142 4083 3356 4149 maris
3394 4084 3644 4161 urtica,
3704 4089 3772 4150 et.
3825 4080 3954 4150 lioc
4011 4082 4363 4149 Avireana

2802 4200 2997 4258 voc-at
3083 4201 3373 4269 masiae,
3461 4190 3861 4259 Aristoteles
3924 4214 4090 4258 vero
4163 4198 4362 4259 vocat

2799 4300 3072 4368 ake-[ahi
3115 4322 3130 4367 ε
3174 4300 3291 4368 sed
3348 4301 3526 4391 apud
3587 4323 3710 4368 aos
3770 4302 3993 4368 urtica
4050 4310 4358 4376 voratur,

2799 4408 2959 4498 quia
2987 4408 3184 4497 quasi
3215 4407 3564 4475 adurendo
3594 4409 3773 4498 capit
3796 4432 4002 4475 (nane
4025 4407 4207 4499 qaod
4245 4431 4364 4496 ap·

2801 4516 3206 4606 propinquat
3248 4514 3496 4582 eidem.
3544 4514 3653 4581 list
3695 4523 3926 4581 autem
3970 4514 4099 4580 bor
4140 4537 4360 4604 genus

2797 4619 3112 4690 animalis
3152 4645 3272 4712 per
3307 4645 3380 4689 se
3422 4644 3558 4689 non
3607 4630 4006 4690 contentum
4059 4622 4128 4689 in
4181 4645 4364 4713 prm-

2802 4729 3051 4799 liabitis
3107 4729 3473 4820 generibus
3520 4738 4080 4803 ostri-oru1n‚aut
4132 4728 4360 4797 mollis

2802 4850 3009 4914 testae,
3054 4845 3168 4907 aut
3208 4837 3540 4907 malachie·
3593 4862 3608 4906 :
3670 4838 3785 4907 sed
3827 4839 4148 4905 ronvenit
4203 4861 4360 4907 rum

2800 4947 3040 5015 ostreis
3068 4947 3136 5014 in
3187 4947 3320 5016 lioe
3367 4946 3550 5038 quod
3600 4949 3980 5037 applicatur
4018 4944 4360 5037 lapidibus

2799 5058 2971 5124 sieut
3001 5053 3255 5123 animal
3305 5077 3563 5144 aspera·
3611 5063 3827 5138 testie,
3863 5077 4013 5147 qum
4046 5063 4215 5123 testa
4259 5063 4357 5122 est

2801 5163 3042 5231 similis
3072 5163 3215 5231 vasi
3253 5186 3267 5229 ε
3312 5163 3430 5230 sed
3463 5163 3638 5231 istud
3670 5188 3807 5231 nou
3839 5162 4040 5231 hala-t
4087 5172 4353 5243 testam,

2800 5273 2916 5340 sed
2967 5273 3219 5341 creatio
3267 5273 3371 5340 sui
3404 5274 3708 5363 corporis
3743 5282 3841 5341 est
3882 5272 4128 5340 similis
4166 5293 4360 5339 erea-

2802 5382 2969 5450 tioai
3017 5381 3241 5449 earnis
3282 5380 3494 5459 durae,
3545 5382 3718 5448 sicut
3773 5381 3931 5448 dirit
3976 5380 4350 5448 Avicenna.

2805 5489 2883 5556 tii
2923 5488 3050 5555 bor
3090 5489 3343 5556 animal
3375 5489 3579 5558 sentit
3618 5510 3822 5555 omne
3863 5487 4047 5577 quod
4097 5512 4356 5579 appro-

2799 5600 3082 5689 pinquat
3122 5599 3209 5677 ei,
3245 5608 3308 5667 et
3346 5598 3527 5688 capit
3572 5599 3822 5688 ipsum,
3856 5605 3921 5664 et
3969 5605 4158 5665 tenet
4199 5598 4359 5687 qui-

2797 5703 3084 5772 basdam
3131 5705 3450 5773 manibus
3488 5704 3654 5784 suis,
3705 5703 3825 5770 sed
3877 5702 4165 5795 pedibus
4216 5701 4358 5769 suis

2799 5811 3179 5903 applicatur
3208 5811 3544 5904 lapidibus
3588 5812 3761 5880 sicut
3800 5810 4052 5879 animal
4101 5810 4359 5879 multo-
