4919 6371
1940 361 2107 427 LIB.
2159 356 2287 422 VII
2334 355 2454 421 DE
2502 355 3095 439 ANlMALlBUS,
3148 359 3459 428 TRACT.
3514 359 3540 424 1

1126 555 1278 622 quae
1309 535 1592 603 vocatur
1646 554 1850 622 caper
1899 526 2114 618 ni'qer,
2150 551 2355 619 quam
2388 527 2675 595 libenter

1121 643 1488 710 comedunt
1515 643 1731 730 pisces
1777 660 1791 703 :
1839 646 1904 704 et
1942 635 2074 703 hoc
2101 636 2372 727 signant
2413 635 2530 727 qui
2572 637 2672 703 sa-

1121 751 1307 817 ciunt
1345 749 1621 814 lacunas
1655 768 1669 810 :
1707 738 1786 811 lii'
1808 747 1989 810 enim
2043 742 2406 836 aliquando
2444 740 2675 814 remo-

1119 866 1556 946 ventaquam
1580 854 1646 919 et
1674 845 2013 921 seminant
2042 849 2325 922 fundum
2356 855 2613 922 hordeo
2650 878 2663 920 ε

1122 962 1307 1052 quod
1343 984 1498 1028 cum
1557 959 1871 1028 exortum
1929 960 2149 1039 fuerit,
2197 964 2553 1030 inveniunt
2601 963 2669 1026 in

1121 1091 1200 1136 eo
1241 1070 1455 1159 pisces
1493 1075 1788 1159 pastum.
1843 1068 2022 1138 Loca
2069 1072 2272 1138 etiam
2321 1091 2533 1160 prope
2577 1067 2674 1133 ri-

1118 1199 1274 1266 pam
1321 1178 1702 1257 existentia,
1748 1180 1966 1269 magis
2014 1185 2173 1245 sunt
2219 1183 2593 1266 temperata
2651 1198 2665 1242 :

1118 1292 1185 1352 et
1212 1285 1363 1353 ideo
1405 1308 1640 1353 carnes
1690 1286 1977 1375 piscium
2024 1286 2310 1351 istorum
2359 1282 2667 1351 locorum

1116 1400 1275 1460 sunt
1313 1393 1651 1461 fortiores.
1687 1390 1939 1458 Carnes
1971 1401 2198 1458 autem
2228 1391 2520 1480 piscium
2553 1393 2668 1480 qui

1118 1510 1275 1568 sunt
1305 1502 1373 1567 in
1421 1498 1783 1589 profundo,
1838 1505 1997 1564 sunt
2043 1497 2341 1567 humidae
2385 1509 2450 1567 et
2492 1498 2672 1567 mol-

1115 1607 1343 1675 liores.
1391 1606 1612 1696 Prope
1657 1606 1877 1697 ripam
1925 1615 2151 1675 autem
2196 1609 2415 1699 magis
2475 1609 2670 1674 inve-

1117 1715 1398 1780 niuntur
1443 1713 1660 1802 pisces
1701 1712 1860 1780 dicti
1901 1712 2269 1802 elzeydoon,
2307 1715 2660 1804 plna-alm,

1114 1821 1406 1898 hortem,
1449 1819 1877 1911 leorosop0m‚
1920 1821 2279 1909 fastorom,
2313 1821 2665 1909 tleare‘qqia

1116 1929 1498 2009 damulam,
1530 1928 1758 2006 calba,
1817 1929 2144 2007 leontiom,
2204 1952 2510 1996 comeum
2549 1953 2564 1995 :
2601 1938 2665 1997 et

1112 2035 1183 2104 hi
1223 2045 1380 2104 sunt
1427 2038 1643 2125 pisces
1683 2035 1809 2103 sub
1858 2034 1964 2103 his
2007 2037 2405 2104 'nominibus
2448 2039 2659 2128 ignoti

1115 2143 1294 2234 apud
1333 2166 1458 2211 nos
1501 2166 1515 2209 :
1557 2144 1675 2211 sed
1704 2143 1902 2230 juxta
1940 2143 2156 2234 ripam
2198 2145 2404 2211 nostri
2456 2147 2662 2212 maris

1115 2253 1184 2320 in
1217 2253 1499 2321 diversis
1529 2252 1950 2342 temporibus
1982 2254 2419 2323 inveniuntur
2448 2257 2662 2345 pisces

1116 2358 1181 2425 in
1223 2359 1538 2427 Flandria
1580 2368 1646 2427 et
1686 2360 1753 2426 in
1795 2360 2095 2428 inferiori
2143 2362 2509 2430 Germania
2556 2363 2663 2430 di-

1112 2470 1200 2536 cti
1240 2467 1441 2547 allec,
1478 2476 1544 2536 et
1589 2468 1913 2559 pedinum
1963 2492 2236 2560 genera,
2283 2480 2346 2540 et
2388 2473 2503 2562 qui
2555 2473 2661 2539 di-

1111 2585 1358 2645 cuntur
1390 2576 1646 2668 linquae
1669 2578 1809 2646 sive
1837 2577 2060 2657 soleae,
2105 2588 2168 2647 et
2216 2582 2328 2670 qui
2379 2591 2662 2650 vocatur

1100 2685 1435 2752 leat-deren
1474 2686 1586 2776 qui
1638 2685 1873 2755 Latine
1929 2687 2128 2753 molli
2183 2699 2535 2768 vocantur,
2593 2702 2659 2758 et

1098 2792 1315 2859 multa
1343 2791 1474 2859 alia
1522 2816 1796 2882 genera,
1852 2795 2022 2862 sicut
2072 2819 2376 2873 murm-a,
2415 2799 2659 2865 malza-

1097 2898 1328 2979 rellus,
1390 2899 1587 2990 lepus
1646 2900 1878 2979 maris,
1941 2910 2008 2969 et
2063 2924 2261 2991 parca
2311 2905 2543 2980 maris,
2593 2914 2657 2971 et

1098 3026 1371 3096 gemma
1401 3007 1655 3073 maris:
1708 3014 1773 3073 et
1823 3004 1893 3074 hi
1936 3009 2049 3098 qui
2096 3018 2426 3078 vocantur
2472 3012 2658 3078 hose·

1101 3114 1424 3193 mandem,
1479 3123 1544 3182 et
1595 3115 1808 3182 multa
1848 3116 1979 3182 alia
2036 3117 2319 3208 piscium
2380 3144 2649 3210 genera.

1103 3246 1254 3314 qua·
1294 3224 1580 3291 diversis
1619 3225 2042 3315 temporibus
2073 3228 2229 3294 anni
2262 3229 2436 3296 circa
2469 3230 2658 3298 litto-

1107 3356 1178 3401 ra
1225 3336 1439 3401 nostri
1489 3334 1697 3401 maris
1750 3336 2208 3404 inveniuntur.
2253 3338 2482 3407 Pisces
2532 3365 2657 3409 au-

1103 3449 1236 3511 tem
1288 3443 1576 3534 lapidosi
1624 3446 1827 3513 etiam
1883 3445 1950 3513 in
1999 3447 2332 3537 profundo
2393 3452 2657 3519 (ira-co-

1104 3574 1252 3619 rum
1295 3551 1500 3620 maris
1555 3553 1921 3621 existentes
1960 3562 2141 3635 sunt,
2185 3558 2300 3646 qui
2341 3556 2656 3626 dicuntm·

1102 3660 1279 3751 apud
1310 3683 1428 3729 eos
1456 3661 1823 3753 tlearaqon,
1866 3662 2118 3741 cclcc-lei,
2160 3688 2510 3756 ‹toroque-11,
2545 3668 2656 3735 nl-

1101 3767 1357 3847 licie-m,
1424 3767 1907 3851 humburnam,
1970 3770 2276 3852 evocle‘m,
2346 3773 2490 3844 liaec
2555 3787 2650 3844 est

1100 3875 1400 3968 anguilla
1437 3878 1669 3957 maris,
1703 3901 1911 3970 quam
1935 3879 2113 3969 apud
2145 3903 2269 3949 nos
2297 3885 2649 3974 cmc-(sarim

1101 4001 1452 4059 vocamuS,
1503 3985 1888 4073 sefforoam,
1950 3992 2014 4051 et
2062 3989 2366 4077 scorpius
2417 3991 2646 4067 maris,

1104 4096 1170 4158 et
1207 4088 1456 4157 asellus
1485 4091 1679 4180 niger
1707 4091 1939 4167 maris,
1992 4101 2055 4159 et
2104 4095 2545 4176 atis-morena,
2587 4106 2650 4166 ct

1108 4204 1207 4264 est
1272 4218 1554 4264 murena
1597 4197 1883 4275 marina,
1944 4206 2008 4266 et
2063 4198 2346 4268 ket-nam
2397 4203 2651 4271 faciunt

1103 4310 1493 4395 utrumque.
1545 4303 1934 4396 Aliquando
1982 4309 2163 4375 enim
2203 4320 2356 4377 sunt
2402 4314 2468 4380 in
2501 4335 2653 4402 pro·

1102 4408 1339 4489 funde,
1374 4418 1440 4478 ct
1487 4408 1853 4501 aliquando
1893 4412 1961 4478 in
2001 4412 2246 4482 littore.
2290 4417 2493 4507 Apud
2536 4442 2655 4485 no·-

1099 4524 1238 4584 stra
1287 4524 1513 4584 autem
1575 4521 1790 4587 maria
1840 4542 2080 4611 parum
2145 4536 2652 4613 cognoscuntur

1099 4626 1316 4716 pisces
1355 4647 1394 4693 a
1424 4648 1612 4694 mare
1659 4626 1978 4717 profundi
2036 4628 2281 4721 pelagi,
2332 4655 2415 4700 eo
2467 4635 2650 4725 quod

1097 4756 1252 4802 raro
1280 4734 1663 4825 capiuntur,
1698 4743 1765 4803 et
1796 4736 1918 4814 illi,
1951 4738 2122 4806 sicut
2173 4738 2403 4809 dicunt
2434 4745 2651 4833 pisca·

1098 4849 1278 4911 tores
1322 4842 1803 4932 expertissimi,
1846 4853 2001 4913 sunt
2051 4847 2384 4938 przecipue
2438 4848 2650 4916 box-vs

1101 4949 1370 5028 marini,
1406 4959 1472 5018 et
1503 4949 1753 5018 milites
1784 4952 2014 5032 maris,
2038 4955 2150 5045 qui
2181 4976 2376 5024 enses
2397 4955 2648 5026 habi-nt

1100 5052 1172 5123 in
1201 5055 1420 5124 fronte
1457 5063 1524 5123 et
1569 5056 1800 5146 galeas
1850 5059 1918 5125 in
1956 5062 2170 5151 capite
2208 5070 2271 5129 et
2315 5072 2504 5130 scuta
2543 5088 2653 5131 su·

1103 5186 1222 5253 per
1246 5161 1551 5245 dorsum,
1596 5171 1663 5230 et
1695 5164 1803 5231 isti
1842 5174 2000 5233 sunt
2030 5175 2283 5236 tortura
2316 5171 2549 5250 maris,
2583 5180 2649 5240 et

1099 5272 1317 5360 pisces
1362 5273 1763 5362 serpentini,
1826 5281 1889 5341 et
1919 5283 2090 5353 cete,
2139 5283 2204 5343 et
2263 5277 2477 5345 multa
2516 5278 2647 5346 alia

1099 5398 1348 5469 genera
1377 5379 1694 5468 piscium.

1188 5494 1526 5565 Ditl'erunt
1563 5505 1792 5567 autem
1843 5500 2058 5591 pisces
2123 5501 2492 5593 plurimum
2549 5527 2650 5572 se-

1095 5602 1400 5672 cundum
1449 5603 1601 5674 loca
1658 5607 1729 5674 in
1783 5607 2031 5699 quibus
2085 5618 2577 5679 conversantur
2628 5636 2643 5680 ε

1098 5732 1337 5781 omnes
1365 5711 1549 5781 enim
1580 5712 1866 5805 lapidosi
1903 5718 2121 5809 magis
2156 5725 2316 5788 sunt
2355 5718 2646 5810 pingues

4217 363 4343 430 387

2778 536 2847 596 et
2876 528 3211 607 sanioreS‚
3248 530 3421 595 sicut
3460 535 3663 606 truta,
3710 528 4012 595 timallus
4045 529 4160 620 qui
4214 552 4346 595 vo-

2777 645 2969 705 catur
3000 636 3272 712 umbra,
3309 644 3374 701 et
3404 635 3645 713 luciuS,
3689 645 3753 702 et
3786 636 3853 701 id
3884 636 4069 726 quod
4101 636 4346 704 dicitur

2775 744 3227 822 mov-bomem,
3264 742 3447 832 quod
3468 742 3711 808 dicitur
3741 765 3886 809 esse
3919 744 3989 807 in
4022 743 4173 810 loco
4208 745 4342 811 Ila-

2777 850 3057 928 meabit,
3094 857 3160 917 et
3186 848 3481 916 Izanicab
3528 857 3629 915 est
3677 872 4106 938 saporosum,
4151 860 4343 939 post-

2777 979 2983 1047 quam
3024 959 3244 1025 oritur
3279 956 3725 1048 Arctophilax
3764 965 4022 1025 astrum
4066 959 4134 1025 in
4186 967 4340 1027 ortu

2774 1066 3074 1133 cosmico
3108 1089 3265 1133 cum
3299 1065 3441 1133 sole
3477 1088 3491 1132 :
3529 1064 3660 1133 hoc
3690 1066 3873 1133 enim
3905 1073 4211 1156 tempore
4243 1067 4343 1133 di-

2775 1174 2982 1242 mittit
3009 1175 3291 1242 coitum.
3338 1173 3415 1240 In
3458 1182 3690 1241 {estate
3720 1182 3949 1241 autem
3982 1181 4081 1241 est
4120 1174 4340 1242 malus

2772 1291 3053 1372 propter
3089 1284 3375 1358 coitum,
3410 1289 3478 1348 et
3515 1281 3908 1349 ovationem
3943 1304 4146 1371 quam
4181 1291 4342 1349 tunc

2772 1388 2952 1458 facit.
3000 1389 3081 1456 In
3123 1389 3368 1481 pelago
3401 1396 3628 1457 autem
3659 1397 3817 1457 sunt
3867 1389 4064 1457 multi
4098 1390 4342 1479 pisceS,

2774 1499 2892 1588 qui
2923 1497 3303 1566 secundum
3338 1498 3487 1565 loca
3528 1519 3814 1588 magnas
3843 1496 4099 1565 habent
4149 1497 4348 1565 diffe-

2774 1606 3051 1684 rentias,
3112 1608 3288 1673 sicut
3336 1605 3490 1683 celi,
3535 1606 3817 1689 nartice,
3869 1628 4087 1686 erom,
4129 1607 4350 1673 tauri-

2771 1712 2908 1803 gla,
2953 1721 3018 1780 et
3048 1714 3254 1803 piscis
3296 1714 3413 1804 qui
3463 1712 3711 1780 dicitur
3739 1736 3925 1779 anna
3960 1734 3975 1778 :
4013 1719 4079 1780 et
4104 1713 4175 1779 in
4203 1737 4346 1781 ma·

2772 1822 2823 1887 ri
2887 1821 3073 1912 quod
3129 1821 3379 1889 dieitur
3432 1820 3829 1889 kabakaben
3885 1828 4045 1888 sunt
4103 1842 4344 1890 omnes

2770 1926 2953 1995 dieti.
2991 1927 3069 1994 In
3101 1928 3275 1995 mari
3308 1936 3537 1996 autem
3571 1927 3756 2019 quod
3787 1928 4035 1995 dicitur
4070 1932 4344 1997 Ges-loo-

2766 2037 2942 2117 nidi,
2995 2046 3160 2105 sunt
3206 2037 3421 2105 multa
3452 2038 3583 2104 alia
3623 2060 3877 2128 genera
3928 2036 4243 2127 piscium,
4277 2044 4343 2104 et

2768 2144 3069 2211 maxime
3136 2144 3390 2211 animal
3442 2151 3765 2212 vocatum
3821 2145 4094 2225 leot-ion,
4158 2142 4341 2235 quod

2769 2263 2871 2321 est
2908 2251 3166 2320 vitulus
3206 2255 3536 2330 marinuS,
3579 2259 3647 2320 et
3683 2251 3815 2320 hoc
3841 2274 3983 2320 non
4012 2253 4219 2319 intrat
4258 2252 4327 2318 in

2767 2383 2980 2442 mare,
3024 2360 3156 2428 hoc
3197 2368 3301 2428 est
3327 2359 3958 2439 Boll'oroscharom,
3994 2358 4180 2450 quod
4216 2381 4341 2426 nos
4372 2360 4381 2369 ’

2766 2492 2953 2537 mare
2982 2469 3421 2562 Bosphorum
3452 2491 3805 2548 vocamuS,
3850 2469 3969 2536 sed
4003 2477 4230 2537 manet
4262 2470 4332 2537 in

2764 2588 2993 2649 testate
3024 2583 3092 2648 in
3135 2579 3286 2649 loco
3321 2583 3438 2672 qui
3470 2579 3716 2649 dicitur
3760 2581 4183 2647 Frostoicom
4217 2580 4334 2646 ubi

2761 2688 3113 2778 pulliticat.
3185 2688 3240 2754 H
3253 2687 3505 2755 iemant
3537 2696 3766 2755 autem
3801 2688 3871 2753 in
3903 2686 4051 2754 luco
4085 2688 4203 2777 qui
4231 2673 4334 2753 di-

2762 2797 2938 2864 citur
2982 2799 3244 2887 Aqazo.
3293 2795 3602 2863 Bondem
3641 2817 3831 2878 vero,
3868 2800 3933 2861 et
3963 2794 4078 2885 qui
4113 2795 4333 2861 lama·

2762 2904 2944 2983 dem,
2990 2913 3054 2973 et
3104 2927 3309 2987 anna,
3365 2907 3620 2971 intrant
3662 2905 3731 2970 in
3789 2904 4013 2970 locum
4076 2904 4331 2970 dictum

2763 3010 3091 3102 Koykom
3124 3012 3196 3078 in
3224 3034 3411 3088 vere,
3447 3017 3511 3077 et
3555 3011 3644 3076 ibi
3679 3010 4017 3077 aestivant.
4075 3011 4333 3078 Omnes

2763 3130 2992 3191 autem
3025 3145 3270 3214 greges
3302 3124 3399 3191 sic
3428 3122 3657 3191 locum
3691 3129 4035 3190 mutantes
4075 3119 4331 3189 habent

2763 3241 3118 3301 rectorem.
3156 3232 3387 3300 Motus
3415 3241 3646 3300 tamen
3687 3232 3977 3322 piscium
4013 3230 4099 3298 ad
4139 3252 4328 3298 mare

2762 3341 3104 3432 Koycom,
3139 3339 3273 3408 hoc
3305 3349 3431 3416 est,
3471 3339 3932 3430 Bosphorum,
3985 3346 4085 3406 est
4132 3361 4335 3428 prop-

2761 3461 2863 3518 ter
2891 3448 3122 3518 cibum
3161 3473 3177 3517 :
3211 3457 3448 3540 pastus
3486 3450 3670 3517 enim
3712 3456 3812 3516 est
3861 3448 3953 3514 ibi
3997 3446 4222 3514 bonus
4268 3453 4331 3513 et

2760 3557 2946 3626 utilis
2992 3565 3275 3649 propter
3312 3555 3743 3624 dulcedinem
3783 3576 4005 3647 aquae,
4059 3563 4125 3622 et
4174 3554 4333 3645 quia

2760 3690 3009 3761 magna
3049 3664 3402 3746 animalia,
3445 3667 3619 3734 sicut
3668 3672 3883 3746 cetuS,
3938 3674 4005 3733 et
4063 3662 4330 3741 balena,

2759 3787 2822 3846 et
2852 3774 3278 3867 hujusmodi,
3322 3783 3482 3843 sunt
3511 3775 3603 3844 ibi
3646 3796 3795 3842 rara
3825 3797 3978 3865 qua·
4012 3771 4335 3840 insidian-

2756 3895 2869 3955 tur
2899 3886 3093 3953 dictis
3133 3883 3435 3976 piscibus
3489 3907 3505 3952 :
3557 3883 3652 3951 ibi
3695 3885 3880 3951 enim
3921 3884 4153 3972 magni
4195 3882 4333 3951 del-

2755 3992 3000 4085 phines
3031 4015 3171 4060 non
3207 3992 3678 4071 inveniuntur,
3721 4013 3847 4059 nec
3887 3991 4120 4082 magni
4166 3989 4333 4081 kay-

2760 4103 2948 4183 kom,
3005 4101 3135 4169 hoc
3186 4109 3313 4180 est,
3370 4109 3518 4169 cete
3577 4101 3888 4192 grandia,
3950 4099 4070 4168 sed
4136 4096 4328 4190 parvi

2758 4210 2926 4302 pulli
2969 4210 3310 4278 dictorum
3340 4209 3662 4299 piscium,
3696 4209 3857 4301 quia
3897 4230 4035 4275 non
4066 4208 4328 4275 vadunt

2757 4319 2921 4387 illuc
2961 4319 3090 4386 nisi
3124 4326 3405 4410 propter
3439 4326 3712 4408 pastum
3743 4323 3808 4384 et
3864 4337 4060 4406 aquae
4088 4313 4329 4382 dulce-

2756 4428 3014 4496 dinem.
3070 4424 3405 4516 Superius
3452 4432 3684 4493 autem
3731 4424 3888 4491 dicti
3934 4422 4024 4488 ibi
4067 4420 4331 4512 pulliti-

2757 4543 2937 4613 cant,
2963 4542 3202 4624 etpost
3226 4539 3650 4600 crementum
3671 4529 4019 4622 pullorum
4046 4538 4325 4610 exeunt,

2758 4653 2820 4711 et
2852 4648 3292 4710 revertuntur
3316 4638 3475 4709 illuc
3506 4638 3687 4708 unde
3718 4646 4078 4717 venerunt,
4116 4660 4331 4728 quan-

2756 4751 2844 4817 do
2899 4750 2967 4817 in
3018 4748 3155 4815 line
3214 4746 3468 4816 Arietis
3524 4746 3901 4815 ascendunt
3966 4767 4122 4812 cum
4182 4743 4325 4812 sole

2759 4855 3094 4926 Pleiades·
3131 4854 3368 4923 Genus
3395 4864 3625 4923 autem
3656 4853 4000 4921 dictorum
4036 4853 4327 4943 piscium

2760 4972 2920 5033 tunc
2954 4962 3230 5031 videtur
3266 4961 3501 5043 latere,
3546 4970 3612 5029 et
3650 4984 3690 5029 a
3721 4961 3896 5028 mari
3932 4982 4006 5026 se
4056 4959 4330 5026 subtra-

2757 5070 2942 5150 here,
2968 5069 3231 5136 intrans
3262 5068 3332 5135 in
3367 5067 3649 5136 flumina
3670 5065 3893 5136 dulcia
3926 5088 4077 5157 quae
4108 5065 4332 5135 ssuunt

2758 5178 2826 5243 in
2865 5197 3079 5244 mare.
3114 5172 3290 5240 Cum
3322 5180 3552 5239 autem
3588 5169 3883 5240 multum
3916 5167 4334 5238 meridionass

2755 5285 2838 5351 lis
2887 5283 3088 5350 fuerit
3126 5280 3375 5358 hiems,
3437 5281 3933 5372 posterioratur
3983 5277 4332 5347 adventus

2755 5416 2995 5461 eorum
3039 5414 3054 5460 ε
3100 5414 3259 5459 cum
3299 5397 3528 5458 autem
3569 5397 3668 5458 est
3708 5389 4002 5458 multum
4053 5387 4338 5479 septen⁴

2755 5501 3088 5579 trionalis‚
3132 5507 3296 5568 tunc
3335 5498 3668 5568 adventus
3698 5522 3938 5568 eorum
3978 5506 4043 5566 et
4094 5503 4335 5594 motus

2755 5600 3270 5679 interiorabitur
3318 5627 3337 5674 t
3389 5613 3458 5675 et
3502 5604 3650 5676 hoec
3697 5616 3801 5677 est
3855 5606 4092 5702 causa,
4139 5601 4332 5697 quod

2757 5741 2952 5789 mora
2979 5737 3221 5786 eorum
3248 5712 3617 5805 aliquando
3657 5714 4022 5809 elongatur
4060 5711 4149 5782 iii
4171 5704 4335 5779 locd
