4919 6371
2057 447 2229 517 LIB.
2279 446 2310 513 Ι
2357 444 2475 512 DE
2522 440 3108 520 ANIMALIBUS,
3159 440 3472 507 TRACT.
3528 439 3590 504 ΙΙ
4348 439 4435 509 53

1214 618 1495 708 glaucus
1527 618 1612 686 ad
1647 619 2028 686 suscitate-m
2059 616 2402 683 declinans
2441 619 2504 677 et
2543 611 2761 700 plum·
2867 609 3018 677 sicat
3060 612 3376 700 spiritum
3417 610 3717 677 visivum
3794 606 4023 673 minus
4083 607 4434 673 abund-ire

1216 724 1535 791 beitatem
1586 723 1979 814 quamdam.
2866 725 2932 786 et
2966 721 3373 808 perturbari.

1299 833 1514 921 Niqer
1551 839 1780 898 autem
1820 829 2008 896 color
2036 827 2110 893 fit
2139 834 2254 892 aut
2285 848 2366 892 ex
2404 824 2631 915 aliqua
2664 847 2764 892 se.-
2951 826 3028 894 ln
3060 819 3384 895 omnibus
3415 835 3644 895 autem
3684 824 3791 893 his
3842 821 4188 891 coloribus
4230 818 4429 885 multi

1208 943 1393 1027 ptem
1415 958 1802 1013 causarum,
1828 941 1945 1000 aut
1971 931 2380 1022 expluribus
2401 954 2631 1001 earum
2663 933 2760 1000 si-
2863 935 3048 1001 modi
3097 945 3281 1014 sunt,
3352 938 3529 1002 sicut
3594 933 3896 1001 diximus
3973 928 4286 1020 superius
4356 928 4427 992 in

1213 1044 1380 1111 mul.
1417 1042 1726 1124 Quarum
1773 1041 1997 1131 prima
2054 1047 2157 1108 est
2211 1040 2506 1109 defectus
2559 1040 2759 1108 visivi
2859 1039 3392 1131 physiognomia
3431 1040 3841 1109 oculorum:
3910 1046 3976 1107 et
4032 1060 4238 1126 super
4287 1044 4420 1113 ha-

1203 1150 1530 1239 spiritus:
1577 1168 1735 1213 eum
1765 1145 2084 1212 enimille
2114 1146 2203 1214 sit
2238 1146 2524 1223 lueiduS‚
2569 1146 2756 1213 defe-
2856 1170 3007 1214 rum
3074 1169 3439 1215 causarum
3522 1149 3820 1216 rationes
3885 1155 4032 1215 tota
4096 1147 4424 1220 fundatur

1201 1263 1347 1324 ctus
1380 1255 1528 1344 ejus
1566 1254 1637 1320 in
1668 1252 1868 1321 oculo
1927 1262 2158 1322 causat
2224 1244 2535 1322 tenebras
2600 1276 2750 1343 quae
2855 1241 3409 1359 physiognomia.

1197 1369 1495 1452 vergunt
1540 1360 1627 1428 ad
1657 1361 2111 1453 nigredinem.
2151 1360 2466 1430 Secunda
2522 1368 2750 1427 autem

1197 1471 1617 1564 perturbatio
1648 1475 1927 1563 spiritus
1948 1473 2276 1563 ejusdem,
2282 1493 2455 1561 qnae
2477 1476 2751 1559 propter
2850 1466 3143 1548 silentio,
3189 1472 3540 1575 quoniam
3549 1472 3607 1538 si
3635 1471 3825 1537 visus
3881 1473 4070 1540 videt
4122 1497 4414 1565 parvum

1195 1582 1507 1651 eamdem
1545 1605 1825 1651 causam
1857 1583 2153 1650 defectus
2222 1578 2489 1646 claritas
2544 1579 2751 1669 spiri-
2848 1576 3119 1669 alonge
3150 1586 3336 1679 etex
3379 1570 3770 1670 propinquo
3845 1579 4077 1659 simul,
4139 1590 4207 1650 et
4271 1608 4412 1653 non

1189 1699 1322 1770 tus,
1382 1714 1520 1759 non
1568 1690 1901 1783 permittit
1974 1687 2373 1758 candescere
2420 1709 2536 1777 cry
2539 1685 2746 1754 stalli·
2844 1684 3111 1754 laeditur
3147 1711 3236 1756 ex
3305 1688 3694 1757 visibilibus
3753 1710 3907 1791 quae
3968 1692 4257 1760 veniunt
4322 1694 4410 1762 ad

1187 1821 1353 1867 num
1391 1806 1460 1868 et
1487 1797 1775 1866 radiare.
1818 1796 2046 1864 Tertia
2086 1803 2316 1864 autem
2382 1816 2587 1862 causa
2642 1801 2744 1863 est
2840 1794 3092 1883 ipsum,
3144 1803 3310 1865 tunc
3357 1790 3487 1866 est
3505 1796 3698 1865 fortis
3752 1798 3942 1864 visus
4002 1805 4071 1865 et
4123 1800 4406 1889 aequalis

1183 1905 1469 1996 penuria
1529 1901 1904 1994 crystallini
1972 1900 2306 1979 humoris,
2378 1923 2529 1992 quae
2580 1924 2738 1969 cum
2840 1902 3362 1993 complexionis.
3410 1905 3487 1974 Si
3516 1890 3749 1974 autem
3779 1909 4124 1975 contrario
4193 1909 4405 1979 modo

1183 2012 1430 2090 delicit,
1490 2032 1634 2078 non
1681 2015 1785 2077 est
1866 2008 1952 2077 ad
2007 2008 2173 2077 satis
2229 2009 2488 2078 clarum
2554 2008 2737 2098 quod
2837 2030 2909 2074 se
2938 2007 3142 2079 habet
3178 2013 3265 2080 ad
3301 2011 3626 2091 visibilia,
3669 2020 3836 2080 tune
3887 2019 3991 2081 est
4054 2017 4402 2106 corruptio

1182 2116 1540 2186 candescat
1567 2118 1985 2187 sufficienter
2010 2140 2051 2185 a
2087 2117 2328 2208 spiritu
2365 2115 2730 2183 luminoso.
2839 2117 2906 2182 in
2937 2114 3169 2206 aliquo
3198 2107 3786 2210 componentium
3798 2119 3910 2186 vel
3977 2120 4403 2210 complexio-

2942 1360 3061 1428 Est
3087 1369 3318 1428 autem
3369 1360 3592 1430 adhuc
3658 1385 3797 1429 non
3864 1367 4415 1453 praetereundum

1185 2221 1442 2303 Quarta
1469 2247 1673 2294 eausa
1709 2230 1813 2292 est
1878 2224 2198 2292 distantia
2247 2222 2550 2311 ejusdem
2599 2220 2737 2288 hu-

1186 2331 1396 2400 moris
1433 2355 1742 2401 numism
1805 2331 2222 2423 profundum
2280 2329 2512 2399 oculi:
2573 2337 2734 2398 tunc

1184 2440 1366 2507 enim
1396 2440 1544 2530 ipsa
1568 2438 1999 2530 profunditas
2027 2459 2167 2506 non
2195 2437 2356 2504 sinit
2408 2457 2730 2528 apparere

1183 2544 1555 2614 claritatem
1587 2546 1823 2636 ipsius.
1868 2543 2122 2626 Quinta
2159 2566 2363 2614 causa
2415 2550 2541 2622 est,
2574 2546 2730 2635 quia

1177 2651 1347 2720 t'orte
1412 2652 1619 2720 nimis
1696 2651 1999 2720 abundat
2063 2650 2515 2741 albugineus:
2566 2658 2729 2719 tunc

1176 2761 1356 2828 enim
1385 2761 1514 2828 sub
1554 2761 1704 2850 ipso
1743 2760 2010 2850 positus
2048 2758 2501 2851 crystallinus,
2534 2758 2729 2827 clari·

1177 2874 1310 2936 tate
1340 2889 1467 2935 sua
1505 2888 1648 2934 non
1680 2872 2019 2957 penetrat,
2080 2872 2148 2934 et
2203 2867 2372 2932 liunt
2428 2863 2723 2932 tenebra*

1173 2974 1489 3065 superius
1531 2972 1603 3041 in
1651 2972 1945 3040 fenestra
1981 2973 2197 3050 visus,
2244 2978 2605 3062 vergentes
2639 2969 2722 3037 ad

1176 3080 1623 3173 nigredinem.
1660 3078 1873 3148 Sexta
1898 3101 2105 3148 causa
2150 3088 2274 3156 est,
2345 3080 2504 3169 quia
2552 3078 2723 3147 forte

1173 3185 1607 3279 perturbatus
1633 3195 1739 3256 est
1768 3185 1945 3255 idem
1978 3183 2230 3254 humor
2273 3184 2717 3275 albugineus:

1176 3302 1239 3360 et
1295 3300 1461 3361 tunc
1515 3293 1766 3362 iterum
1821 3292 2094 3361 claritas
2146 3290 2517 3383 crystallini
2581 3314 2720 3361 non

1173 3408 1536 3492 penetrans
1563 3421 1687 3491 per
1706 3399 1959 3490 ipsum,
1982 3398 2241 3467 inducit
2268 3396 2715 3490 nigredinem.

1173 3505 1480 3598 Septima
1505 3527 1715 3576 causa
1742 3513 1871 3586 est,
1903 3504 2065 3598 quia
2091 3503 2266 3573 torte
2292 3501 2543 3572 humor
2570 3527 2723 3572 me-

1169 3611 1591 3683 lancholicus
1619 3620 1745 3692 est,
1779 3611 1897 3704 qui
1925 3611 2140 3680 nutrit
2177 3632 2423 3680 uveam
2469 3633 2720 3680 corne-

1166 3742 1278 3790 am
1322 3726 1446 3788 :et
1481 3726 1651 3788 tunc
1713 3716 2122 3787 obscuratur
2182 3716 2331 3807 ejus
2380 3715 2595 3795 color,
2653 3726 2720 3785 et

1165 3824 1451 3918 impedit
1512 3824 1984 3918 crystallinum
2032 3823 2399 3893 candorem
2447 3831 2516 3892 et
2559 3821 2720 3892 illu-

1171 3933 1602 4002 strationem.

1253 4047 1462 4118 Color
1504 4056 1737 4119 autem
1797 4047 2135 4117 subalba:
2191 4049 2268 4115 fit
2323 4070 2409 4115 ex
2455 4056 2715 4139 septem

1166 4156 1387 4223 causis
1427 4155 1789 4247 oppositis,
1839 4176 1926 4223 ex
1982 4152 2397 4223 abundantia
2439 4152 2716 4245 spiritus

1165 4261 1479 4354 yidelicet
1503 4263 1738 4346 visivi,
1774 4261 1886 4332 vel
1934 4261 2240 4331 claritate
2294 4259 2533 4352 ipsius,
2597 4266 2714 4328 aut

1164 4371 1247 4439 ex
1292 4370 1717 4440 abundantia
1770 4368 2142 4463 crystallini
2193 4368 2527 4448 humoris,
2594 4376 2712 4438 aut

1163 4480 1321 4570 quia
1391 4479 1601 4549 exivit
1644 4476 1942 4547 multum
2024 4484 2217 4546 extra
2258 4499 2495 4545 versus
2540 4475 2715 4544 l'ora·

1161 4609 1316 4656 men
1347 4609 1541 4656 uveae
1570 4588 1716 4679 ipse
1770 4584 2024 4655 humor
2070 4583 2527 4677 crystallinus,
2593 4591 2709 4652 aut

1157 4695 1318 4787 quia
1355 4693 1766 4763 diminuitur
1811 4692 2065 4763 humor
2107 4691 2537 4784 albugineus,
2619 4697 2708 4763 ita

1157 4800 1342 4894 quod
1376 4800 1461 4870 de
1499 4800 1676 4869 facili
1709 4800 2009 4893 perlucet
2075 4797 2548 4892 crystallinus:
2591 4809 2709 4869 aut

1158 4910 1318 5001 quia
1377 4906 1577 4979 valde
1643 4907 1869 4978 clarus
1927 4917 2030 4978 est
2095 4907 2524 5000 albugineus,
2591 4917 2703 4977 aut

1158 5015 1319 5106 quia
1352 5013 1539 5083 claro
1569 5016 1992 5083 nutrimento
2024 5014 2303 5106 impleta
2347 5037 2521 5084 uvea
2546 5039 2708 5107 par-

1156 5122 1365 5191 vitate
1393 5143 1519 5189 sua
1554 5120 1977 5190 demonstrat
2030 5121 2399 5214 crystallini
2457 5121 2704 5192 humo-

1159 5232 1249 5299 ris
1275 5229 1643 5300 candorem
1674 5237 1744 5299 et
1778 5229 2178 5300 claritatem.

1244 5339 1525 5409 Colores
1551 5348 1784 5409 autem
1824 5338 2028 5408 medii
2062 5339 2236 5406 inter
2288 5338 2441 5426 hos,
2473 5339 2707 5408 videli-

1155 5459 1257 5516 cet
1294 5449 1547 5528 varius,
1599 5456 1670 5518 et
1713 5446 2021 5540 glaucus,
2091 5449 2265 5516 liunt
2320 5470 2403 5517 ex
2456 5448 2700 5517 harum

1154 5582 1511 5630 causarum
1540 5555 2023 5651 permixtione.
2067 5558 2312 5626 Varius
2355 5566 2585 5628 autem
2616 5560 2704 5627 si·

1155 5669 1433 5758 gnificat
1471 5665 1791 5759 spiritum
1853 5664 2157 5733 visivum
2208 5664 2429 5757 inagis
2490 5665 2703 5734 abun·

1157 5776 1310 5846 dare
1336 5783 1405 5845 et
1431 5773 1829 5844 clarescere.
1875 5770 2183 5844 Glaucus
2210 5780 2439 5841 autem
2485 5772 2702 5878 signi·-

2835 2233 3146 2300 nantium
3176 2231 3429 2321 ipsum.
3466 2225 3544 2294 Si
3582 2227 3770 2295 enim
3808 2233 4054 2317 potens
4083 2236 4186 2296 est
4215 2251 4401 2297 com-

2831 2337 3250 2430 prehendere
3269 2337 3739 2427 propinquum
3767 2333 4040 2402 visibile
4069 2357 4388 2426 parvum,

2832 2446 3016 2538 quod
3052 2454 3287 2514 tamen
3342 2466 3485 2512 non
3539 2439 4062 2533 comprehendit
4118 2444 4394 2534 quando

2830 2553 3187 2645 elongatur
3240 2550 3326 2620 ab
3381 2551 3586 2643 ipso:
3664 2559 3828 2618 tunc
3878 2551 4156 2642 spiritus
4212 2552 4392 2620 oculi

2829 2669 2928 2729 est
2965 2660 3187 2729 clarus
3214 2666 3282 2728 et
3310 2681 3545 2738 sanus,
3578 2656 3698 2725 sed
3734 2679 3995 2748 paucus
4041 2658 4263 2737 valde,
4300 2662 4396 2728 ita

2828 2779 3057 2838 tamen
3087 2769 3273 2860 quod
3309 2766 3616 2835 salvetur
3641 2766 3966 2835 distantia
3991 2787 4147 2857 quae
4186 2766 4390 2837 debe-

2827 2885 2938 2945 tur
2954 2878 3343 2955 visui,sicut
3364 2875 3665 2943 diximus
3688 2874 3761 2941 in
3779 2872 3955 2942 libro
3976 2874 4060 2943 de
4076 2875 4297 2943 sensu
4315 2886 4380 2944 et

2803 2997 3128 3054 sensato:
3169 2984 3288 3053 illa
3330 2984 3516 3053 enim
3566 3003 3691 3051 nec
3737 2981 4206 3074 longinquitas
4258 3006 4385 3052 nec

2824 3091 3298 3185 propinquitas
3339 3092 3530 3159 visus
3609 3096 3922 3157 vocatur.
4003 3086 4142 3157 Sed
4190 3090 4376 3180 quod

2823 3207 2923 3269 est
2952 3199 3128 3268 cirea
3157 3197 3374 3280 illam,
3413 3205 3703 3267 vocatur
3754 3195 4230 3287 propinquitas
4262 3218 4280 3264 ε
4315 3207 4384 3266 et

2824 3305 3003 3396 quod
3033 3312 3140 3374 est
3173 3304 3353 3372 ultra
3381 3302 3596 3382 illam,
3629 3311 3917 3370 vocatur
3968 3300 4380 3393 longinqui-

2821 3420 2950 3481 tas.

2907 3520 3242 3590 Platonici
3299 3527 3532 3590 autem
3594 3519 3918 3588 dixerunt
3980 3516 4380 3607 hujusmodi

2820 3650 3095 3699 causam
3133 3650 3309 3707 esse,
3352 3627 3681 3721 quoniam
3710 3623 3993 3717 spiritus
4029 3626 4147 3717 qui
4175 3625 4385 3696 vehi-

2820 3746 2931 3805 tur
2966 3734 3156 3803 radio
3185 3734 3436 3814 visivo,
3463 3754 3612 3802 non
3637 3738 3868 3824 potest
3929 3729 4199 3801 dilatari
4231 3753 4251 3800 ε
4310 3741 4382 3802 et

2816 3842 2972 3911 ideo
3025 3842 3414 3934 propinqua
3478 3838 3760 3932 quidem
3824 3836 4374 3931 comprehendit,

2815 3952 2885 4020 in
2926 3949 3307 4042 longinquo
3359 3955 3595 4017 autem
3660 3967 3802 4016 non
3852 3945 4202 4027 dilatatur,
4259 3955 4382 4015 aut

2817 4059 3020 4128 nimis
3046 4063 3460 4127 extenuatur
3499 4062 3621 4124 :et
3647 4054 3804 4124 ideo
3857 4061 4024 4123 tune
4089 4054 4382 4124 eflicitur

2817 4168 3155 4257 impotens
3192 4162 3280 4233 ad
3308 4159 4059 4255 comprehendendum.
4082 4159 4378 4240 Quando

2814 4284 3043 4343 autem
3073 4296 3159 4343 ex
3197 4272 3590 4366 propinquo
3645 4270 3929 4364 quidem
3982 4293 4125 4340 non
4172 4292 4377 4339 com-

2815 4379 3195 4475 prehendit,
3226 4378 3350 4449 sed
3402 4401 3489 4448 ex
3541 4376 3954 4471 longinquo,
4012 4374 4129 4445 ille
4182 4376 4376 4445 visus

2812 4489 3067 4582 patitur
3100 4509 3139 4557 e
3166 4507 3503 4556 converso
3539 4483 3820 4578 spiritus
3847 4482 4371 4568 abundantiam,

2812 4595 2930 4665 sed
2957 4594 3572 4688 perturbationem,
3605 4599 3671 4660 et
3705 4614 3847 4661 non
3875 4598 3981 4660 est
4006 4589 4231 4659 clarus
4260 4612 4380 4659 ne·

2814 4724 2946 4795 que
2993 4700 3289 4780 subtilis,
3352 4698 3475 4769 sed
3555 4701 3788 4791 potins
3841 4694 4193 4774 humidus,
4254 4701 4375 4790 qui

2810 4831 2966 4879 cum
2997 4805 3410 4901 expanditur
3436 4807 3509 4875 in
3537 4804 3757 4889 radio,
3787 4826 3913 4898 per
3939 4806 4380 4902 extenuatio-

2813 4939 2968 4985 nem
3014 4913 3450 4994 clariflcatur,
3508 4920 3578 4983 et
3624 4906 3873 5006 potens
3937 4910 4235 4981 eflicitur
4287 4913 4370 4982 ael

2807 5022 3204 5093 videndum.

2896 5126 3039 5195 Nos
3074 5134 3309 5196 antem
3328 5126 3479 5218 jam
3508 5127 3579 5194 iu
3618 5122 4036 5195 antehabitis
4064 5123 4375 5193 scientiis

2806 5236 3143 5305 librorum
3207 5234 3631 5304 naturalium
3710 5230 4142 5302 ostendimus
4193 5229 4377 5299 lianc

2805 5343 3212 5414 sententiam
3265 5339 3512 5412 falsam
3574 5363 3750 5411 esse.
3817 5339 3918 5409 Ex
3981 5339 4373 5431 propinquo

2805 5451 2986 5519 enim
3030 5470 3172 5518 non
3208 5446 3470 5529 videre,
3502 5446 3625 5519 sed
3651 5470 3740 5517 ex
3769 5445 4179 5538 longinquo,
4211 5467 4378 5514 con-

2804 5557 3004 5649 tingit
3024 5562 3308 5648 propter
3333 5555 3615 5648 spiritus
3643 5551 4012 5623 humorem
4036 5559 4107 5623 et
4130 5550 4378 5621 obscu-

2806 5666 3103 5742 ritatem,
3144 5677 3319 5755 quae·
3342 5661 3631 5755 requirit
3651 5660 3982 5730 'distantis
4044 5658 4372 5729 claritatis

2805 5791 3128 5862 magnam
3155 5761 3763 5838 illuminationem.
3797 5766 3884 5836 Et
3912 5765 4067 5834 ideo
4123 5766 4196 5834 in
4260 5773 4374 5834 ta-
