4919 6371
1912 425 2084 493 LIB.
2136 420 2301 490 vm
2346 419 2470 488 DE
2516 419 3106 504 ANIMALIBUS,
3157 422 3469 493 TRACT.
3521 423 3583 489 V

1103 599 1266 690 quia
1301 623 1420 692 per
1456 598 1634 668 hanc
1665 598 1948 686 inspirat
1982 616 1998 673 ;
2030 593 2151 662 sed
2181 593 2481 662 natando
2521 616 2658 661 non

1098 716 1322 798 potest
1359 705 1653 774 multum
1684 705 1927 772 durare
1966 711 2246 794 propter
2287 705 2395 771 sui
2425 726 2666 795 corpo-

1100 816 1193 881 ris
1221 813 1824 905 ponderositatem.
1868 810 2023 878 Alia
2052 819 2284 879 autem
2325 833 2476 902 quae
2507 817 2667 877 sunt

1106 921 1188 987 de
1224 918 1529 986 moribus
1577 916 2040 1009 elephantum,
2085 942 2173 987 ex
2209 917 2664 1008 praecedenti-

1103 1026 1231 1092 bus
1262 1031 1548 1115 possunt
1575 1025 2048 1115 conjecturari.
2084 1070 2089 1076 -

1192 1131 1506 1201 Notabile
1544 1141 1775 1202 autem
1812 1133 2010 1202 valde
2059 1140 2184 1208 est,
2230 1129 2416 1220 quod
2464 1128 2665 1218 inge-

1102 1240 1217 1307 nio
1250 1240 1541 1308 naturali
1580 1240 1822 1309 cameli
1853 1244 2276 1329 cognoscunt
2322 1257 2480 1303 suas
2511 1249 2664 1301 ma·-

1098 1357 1235 1415 tres
1267 1370 1352 1416 ex
1382 1348 1629 1438 quibus
1675 1354 1833 1413 sunt
1877 1347 2043 1423 nati,
2088 1354 2156 1411 et
2203 1339 2395 1412 nullo
2452 1343 2660 1410 modo

1099 1458 1539 1547 acquiescunt
1575 1455 1758 1522 coire
1789 1476 1945 1521 cum
1986 1453 2110 1521 eis.
2148 1451 2398 1521 Narrat
2431 1461 2661 1521 autem

1097 1561 1521 1640 Aristoteles,
1563 1559 1751 1652 quod
1778 1562 1847 1628 in
1887 1560 2186 1653 quadam
2212 1560 2486 1629 civitate
2515 1560 2663 1651 qui-

1102 1672 1258 1739 dam
1288 1693 1409 1761 per
1445 1671 1801 1761 ingenium
1829 1668 2102 1738 volebat
2141 1668 2431 1766 efficere,
2475 1668 2659 1774 quod

1099 1780 1282 1847 filius
1306 1778 1605 1847 camelus
1644 1786 2085 1870 cognosceret
2113 1761 2404 1845 matrem
2431 1799 2652 1876 suam,

1101 1897 1168 1956 et
1194 1887 1545 1978 cooperuit
1571 1895 1863 1955 matrem
1903 1885 2178 1977 quando
2206 1884 2389 1953 filius
2411 1886 2604 1953 erat
2588 1905 2656 1952 ιιι

1099 1996 1432 2066 desiderio
1462 1997 1733 2065 coitus:
1767 2002 1834 2062 et
1861 2004 2025 2062 tunc
2054 1992 2348 2061 elevavit
2388 1992 2654 2084 pullum

1098 2129 1303 2197 supra
1348 2115 1662 2184 matrem,
1717 2113 1784 2171 et
1840 2125 1997 2172 cum
2054 2103 2418 2194 incepisset
2473 2103 2653 2172 coire

1096 2237 1253 2282 cum
1291 2221 1528 2290 matre,
1582 2219 1951 2303 antequam
1999 2211 2461 2301 compleretur
2505 2211 2655 2277 coi-

1096 2331 1227 2401 tuS,
1264 2322 1646 2391 descendit:
1683 2330 1748 2389 et
1778 2327 2184 2389 convertens
2206 2343 2278 2388 se
2308 2320 2394 2387 ad
2423 2326 2656 2388 aucto-

1093 2455 1238 2500 rem
1285 2430 1487 2522 hujus
1538 2430 1837 2509 sceleriS,
1893 2428 2267 2497 mordendo
2322 2428 2656 2497 interfecit

1098 2561 1282 2607 eum.

1184 2647 1421 2715 Fertur
1486 2655 1741 2725 autem,
1815 2646 2001 2738 quod
2065 2645 2346 2737 quidam
2415 2667 2653 2736 regum

1094 2755 1614 2848 Aquilonarium
1663 2754 1958 2824 habebat
1996 2778 2242 2846 equam
2273 2753 2657 2846 pulcherri-

1095 2889 1302 2943 mam,
1329 2888 1477 2956 quae
1509 2867 1770 2956 peperit
1792 2888 2045 2956 equum
2068 2863 2605 2955 pulcherrimum
2632 2886 2646 2930 :

1092 2983 1342 3041 etcum
1373 2995 1492 3040 rex
1527 2995 1610 3040 ex
1647 2979 1860 3040 matre
1899 2980 1965 3039 et
1994 2971 2136 3038 filio
2175 2970 2381 3039 vellet
2423 2980 2653 3039 extra-

1091 3079 1251 3148 here
1300 3080 1507 3147 alium
1548 3077 1911 3170 pulchrum
1959 3087 2027 3148 et
2072 3078 2432 3170 ingeniari,
2498 3078 2652 3146 l'ecit

1090 3191 1272 3283 quod
1313 3199 1528 3257 mater
1565 3189 1928 3257 saltaretur
1958 3189 2198 3269 atilio,
2232 3197 2300 3257 et
2331 3197 2654 3280 cooperta

1088 3300 1211 3369 fuit
1250 3307 1467 3366 mater
1496 3305 1571 3365 ut
1611 3320 1752 3365 non
1790 3305 2275 3388 agnosceretur
2312 3319 2352 3364 a
2384 3297 2554 3378 mio,
2586 3304 2653 3364 et

1087 3416 1247 3476 tunc
1276 3406 1454 3473 lilius
1499 3406 1824 3495 cognovit
1877 3413 2190 3473 matrem.
2237 3404 2488 3473 Postea
2525 3428 2656 3472 au-

1088 3525 1227 3584 tem
1263 3512 1503 3582 videns
1551 3512 1759 3593 filius,
1803 3511 1990 3604 quod
2045 3521 2268 3581 mater
2313 3512 2462 3601 ejus
2509 3520 2653 3581 erat

1089 3646 1247 3692 cum
1296 3644 1431 3714 qua
1469 3622 1796 3700 coiverat,
1848 3621 2187 3690 currendo
2242 3619 2646 3713 vagabatur,

1092 3742 1158 3801 et
1213 3731 1406 3822 fugit,
1459 3738 1527 3798 et
1583 3728 1668 3798 ab
1726 3729 1865 3799 alto
1924 3754 1995 3798 se
2053 3730 2526 3821 praecipitavit,
2587 3737 2654 3798 et

1095 3850 1401 3909 mortuus
1429 3847 1532 3909 est
1555 3862 1693 3931 prae
1723 3838 1998 3907 sceleris
2026 3837 2436 3907 verecundia
2467 3837 2653 3932 quod

1093 3948 1479 4017 admiserat.
1524 3946 1816 4039 Propter
1843 3946 2029 4040 quod
2058 3947 2267 4015 etiam
2295 3944 2651 4014 Secundus

1092 4055 1564 4149 philosophus,
1609 4064 1973 4148 postquam
2031 4063 2319 4123 matrem
2359 4053 2654 4143 inclinas-

1090 4174 1279 4233 verat
1318 4164 1401 4232 ad
1439 4187 1876 4244 consensum,
1928 4187 2010 4232 eo
2058 4163 2243 4256 quod
2282 4163 2654 4255 transfigu-

1092 4281 1276 4341 ratus
1331 4280 1507 4340 esset
1568 4274 1842 4362 ignotus
1918 4272 2148 4351 matri,
2208 4270 2367 4339 licet
2421 4280 2649 4339 actum

1091 4388 1357 4470 turpem
1419 4399 1540 4445 nec
1574 4378 1899 4468 inciperet
1928 4401 2049 4445 nee
2089 4378 2443 4469 perficeret
2486 4400 2502 4445 :
2547 4386 2654 4444 ta-

1092 4510 1250 4554 men
1290 4486 1449 4578 quia
1481 4486 1645 4553 tanti
1688 4485 1959 4552 sceleris
1996 4506 2409 4553 eonsensum
2441 4508 2481 4550 a
2513 4506 2653 4551 ma-

1092 4602 1193 4662 tre
1231 4592 1585 4671 habuerat,
1619 4592 1703 4658 de
1732 4602 1974 4660 caetero
2018 4591 2205 4682 loqui
2257 4590 2316 4658 ei
2370 4589 2588 4658 noluit
2630 4612 2645 4656 :

1091 4701 1198 4769 cui
1230 4707 1458 4767 tamen
1490 4707 1707 4766 mater
1737 4700 2059 4789 ignorans
2078 4695 2265 4786 quod
2288 4697 2468 4765 lilius
2497 4698 2645 4785 ejus

1092 4817 1291 4884 esset,
1333 4813 1829 4875 consenserit:
1881 4813 1948 4873 et
1990 4828 2146 4872 eum
2199 4804 2317 4872 illo
2349 4803 2644 4880 dicente,

1097 4932 1130 4982 ιι
1175 4913 1369 4984 Absit
1407 4910 1590 5007 quod
1624 4936 1749 4982 vas
1787 4912 2091 5019 polluam
2122 4911 2309 5013 quod
2339 4933 2449 4981 me
2450 4906 2655 4980 ell'u-

1092 5022 1215 5101 dit,
1250 5047 1284 5089 ι
1317 5021 1751 5113 cognovisset
1809 5016 2040 5088 mater·
2065 5017 2261 5111 quod
2281 5017 2467 5087 lilius
2505 5014 2653 5111 ejus

1089 5138 1290 5207 esset,
1344 5135 1622 5219 stupore
1661 5124 1935 5195 sceleris
1982 5125 2169 5216 quod
2208 5145 2248 5193 a
2294 5123 2439 5193 fllio
2486 5146 2657 5257 cog-

1087 5237 1276 5306 nosci
1314 5232 1635 5313 deberet,
1653 5242 1872 5303 mater
1902 5235 2299 5325 exspiravit.

1181 5339 1383 5421 Quod
1411 5348 1642 5408 autem
1672 5337 2053 5407 mirabilius
2071 5345 2197 5418 est,
2231 5339 2417 5432 quod
2447 5340 2654 5408 etiam

1092 5447 1404 5541 quaedam
1442 5445 1769 5515 animalia
1816 5466 2045 5514 mores
2092 5447 2366 5537 pietatis
2402 5445 2659 5517 babent

1093 5555 1177 5627 ad
1205 5557 1311 5624 sui
1350 5555 1624 5648 generis
1659 5563 1993 5623 mortuos.
2048 5546 2369 5639 Narravit
2422 5564 2655 5624 autem

1091 5663 1440 5736 Aristoteli
1478 5660 1756 5757 quidam
1797 5664 1880 5733 de
1924 5662 2219 5734 multum
2258 5666 2555 5757 expertis
2584 5646 2656 5732 in

1093 5773 1501 5846 animalibus
1527 5772 1812 5841 marinis
1852 5773 1934 5842 de
1959 5775 2272 5844 moribus
2321 5769 2656 5868 delphini.

4190 422 4322 491 483

2766 593 2958 662 Dixit
2988 603 3242 673 autem,
3288 593 3470 685 quod
3504 595 3574 659 in
3605 593 3880 660 Perside
3913 602 4147 683 captus
4186 592 4326 660 del-

2766 699 3017 791 phinus
3057 701 3352 766 multum
3381 699 3779 766 vulneratus
3807 697 4199 765 trahebatur
4235 700 4322 766 ad

2765 817 3041 884 terram,
3087 828 3292 897 quem
3342 805 3618 896 plurimi
3660 804 3743 873 de
3781 804 4116 896 profundo
4165 828 4324 872 ma-

2763 915 2858 982 ris
2904 913 3210 1006 delphini
3266 915 3726 1005 sequebantur
3777 915 3915 982 fere
3967 937 4181 1006 usque
4236 915 4322 981 ad

2765 1020 2978 1104 littus,
3013 1022 3448 1091 ostendentes
3487 1023 3819 1113 gemitum
3868 1029 3933 1088 et
3970 1022 4313 1111 pietatem,

2767 1131 2960 1219 quasi
2987 1129 3449 1221 supplicarent
3477 1150 3602 1220 pro
3642 1129 3976 1195 vulnerati
4015 1126 4318 1219 delphini

2764 1237 3191 1316 liberatione,
3271 1240 3447 1307 sicut
3513 1238 3674 1307 dicit
3736 1237 4110 1306 Avicenna.
4184 1238 4321 1307 Sed

2766 1368 2922 1414 cum
2953 1346 3153 1434 juxta
3188 1343 3381 1411 littus
3429 1352 3676 1423 essent,
3738 1345 4053 1413 timentes
4097 1349 4324 1437 pisca-

2766 1459 2991 1520 torum
3023 1450 3561 1532 multitudinem,
3603 1453 3925 1544 l'ugerunt
3959 1475 4195 1522 omnes
4226 1455 4323 1522 si-

2761 1554 2909 1623 mul
2938 1564 3004 1623 et
3032 1555 3548 1647 dereliquerunt
3573 1556 4032 1626 vulneratum.
4061 1558 4179 1625 Est
4207 1581 4321 1626 au-

2764 1670 2900 1730 tem
2940 1663 3152 1730 moris
3181 1662 3513 1754 delphini,
3549 1663 3734 1755 quod
3762 1687 4033 1756 semper
4074 1663 4320 1756 aliquis

2763 1769 2845 1836 de
2892 1770 3161 1860 magnis
3209 1778 3314 1838 est
3359 1769 3443 1838 ad
3492 1771 3874 1839 custodiam
3919 1793 4311 1862 parvorum,

2761 1895 2847 1942 ne
2875 1874 3081 1944 stulte
3109 1877 3467 1966 capiantur
3498 1896 3516 1946 ε
3551 1884 3618 1946 et
3655 1899 3809 1945 cum
3865 1879 4002 1946 sint
4041 1877 4317 1969 plurimi

2760 1983 2976 2073 parvi,
3010 1983 3242 2075 plures
3281 1986 3624 2076 accipiunt
3656 1985 3972 2055 custodes
4007 1986 4092 2055 de
4121 2009 4320 2078 mag-

2762 2090 2890 2156 nis.
2935 2089 3328 2181 Aliquando
3386 2093 3571 2161 enim
3608 2094 3738 2160 visi
3784 2102 3944 2162 sunt
3987 2095 4322 2184 tempori-

2758 2195 2887 2264 bus
2914 2197 3302 2267 Aristotelis
3351 2199 3550 2268 multi
3605 2199 3909 2291 delphini
3964 2203 4197 2293 magni
4252 2209 4318 2269 et

2759 2308 2955 2397 parvi
2993 2308 3225 2389 simul,
3269 2317 3338 2378 et
3367 2309 3593 2400 plures
3622 2309 3965 2378 habebant
4003 2309 4318 2379 custodes

2757 2435 2962 2503 super
2997 2436 3070 2483 se
3105 2418 3369 2506 positos
3419 2437 3436 2485 ε
3472 2426 3552 2485 et
3595 2439 3756 2485 cum
3801 2415 3938 2486 hoc
3972 2426 4323 2508 spectacu-

2762 2521 2904 2589 lum
2935 2524 3216 2614 quidam
3254 2525 3704 2617 adspicerent,
3739 2526 3966 2594 subito
4005 2535 4317 2595 mortuus

2758 2629 2885 2697 fuit
2924 2653 3124 2710 unus,
3169 2631 3255 2701 ad
3283 2633 3478 2722 cujus
3516 2635 3873 2725 exsequias
3909 2634 4021 2702 alii
4060 2657 4320 2703 conve-

2757 2745 3021 2806 nerant.
3066 2737 3227 2806 Erat
3275 2748 3505 2807 autem
3554 2762 3805 2830 parvus
3852 2740 3909 2806 is
3957 2741 4069 2830 qui
4123 2762 4316 2807 mor-

2757 2852 2915 2913 tuus
2961 2845 3111 2925 fuit,
3165 2868 3373 2937 quem
3422 2846 3536 2916 alii
3577 2869 3783 2938 super
3828 2847 4126 2938 spatulas
4155 2870 4313 2915 suas

2756 2961 3106 3044 acceptum
3127 2954 3200 3022 in
3219 2955 3638 3045 profundum
3658 2955 3881 3046 pelagi
3899 2956 4308 3036 detulerunt,

2755 3070 2823 3130 et
2851 3083 3095 3152 corpus
3135 3063 3281 3152 ejus
3310 3063 3851 3143 custodiverunt,
3884 3086 3971 3132 ne
4010 3087 4050 3133 a
4103 3064 4317 3156 pisci-

2756 3168 2882 3237 bus
2918 3169 3024 3238 vel
3056 3169 3207 3238 aliis
3254 3170 3667 3241 animalibus
3726 3171 4189 3248 devoraretur,
4246 3179 4314 3242 et

2755 3300 2930 3369 saepe
2980 3278 3378 3347 rediverunt
3414 3280 3499 3348 ad
3547 3280 3928 3350 custodiam
3976 3284 4308 3373 corporis,

2755 3386 2813 3452 si
2865 3385 3234 3477 aliquando
3291 3386 3512 3478 gratia
3574 3398 3810 3479 pastus
3864 3389 3972 3456 vel
4039 3388 4316 3458 alterius

2755 3493 3066 3561 utilitatis
3102 3503 3550 3564 recesserant.

2845 3625 3226 3695 Narrantur
3254 3628 3463 3696 etiam
3501 3627 3586 3698 de
3631 3627 3905 3699 levitate
3944 3638 4008 3697 et
4048 3629 4312 3698 veloci-

2753 3740 2890 3802 tate
2920 3731 3102 3800 illius
3147 3733 3466 3802 animalis
3511 3733 3825 3828 quaedam
3864 3735 4307 3806 incredibilia.

2753 3839 3005 3909 Dicunt
3040 3841 3225 3908 enim
3274 3839 3459 3933 quod
3498 3841 3719 3910 levius
3756 3851 3824 3911 et
3868 3842 4172 3914 velocius
4211 3830 4313 3913 est

2754 3946 2886 4016 hoc
2926 3945 3182 4016 animal
3236 3948 3559 4017 omnibus
3614 3947 3766 4020 aliis
3820 3950 4228 4021 animalibus
4289 3973 4304 4019 :

2755 4064 2822 4125 et
2882 4077 3086 4124 causa
3152 4056 3565 4127 narrationis
3618 4058 3769 4137 l'uit,
3831 4057 4014 4153 quod
4084 4059 4311 4129 subito

2753 4162 3156 4255 mergebant
3190 4186 3264 4232 se
3313 4163 3617 4257 delphini
3659 4166 3729 4234 in
3777 4165 4189 4258 profundum
4228 4166 4315 4235 ad

2754 4269 3135 4339 custodiam
3184 4272 3491 4362 corporis
3550 4271 3855 4363 delphini
3904 4275 4183 4352 mortui,
4247 4282 4317 4342 et

2755 4381 2930 4447 sicut
2987 4377 3237 4470 sagitta
3273 4378 3715 4473 emergebant
3771 4380 4021 4451 iterum
4076 4381 4162 4451 ad
4200 4403 4320 4451 ca-

2754 4485 3079 4577 piendum
3118 4488 3462 4578 spiritum.
3510 4486 3845 4557 Dixerunt
3888 4498 4116 4560 autem
4156 4490 4320 4582 qui-

2754 4592 2912 4662 dam
2952 4601 3157 4663 tantae
3213 4593 3596 4665 velocitatis
3653 4621 3801 4666 esse
3841 4595 3986 4689 hoc·
4027 4595 4308 4678 animal,

2756 4701 2942 4795 quod
2978 4700 3178 4771 saltat
3233 4699 3605 4795 aliquando
3645 4702 3823 4775 ultra
3857 4703 4118 4775 malum
4167 4729 4320 4773 ma-

2754 4833 2908 4903 gnae
2945 4809 3164 4879 navis.
3208 4809 3403 4881 lianc
3432 4814 3638 4882 etiam
3667 4813 4099 4883 velocitatem
4132 4837 4323 4882 exer-

2758 4928 2866 4989 cet
2895 4921 2964 4988 in
3001 4920 3355 5012 sequendo
3395 4923 3615 5017 pisces
3644 4946 3820 5016 quos
3856 4922 3988 4992 sibi
4033 4932 4325 5011 venatur

2757 5030 2825 5097 in
2857 5026 3347 5099 cibum.11unc
3384 5031 3566 5100 enim
3628 5032 4011 5124 insequitur
4050 5034 4117 5101 in
4149 5054 4327 5124 pro-

2757 5133 3043 5203 fundum
3077 5137 3338 5204 maris.
3383 5139 3536 5206 etsi
3569 5138 3738 5207 forte
3779 5161 3917 5207 non
3960 5140 4094 5207 cito
4143 5138 4328 5263 capit

2759 5261 2916 5309 eum
2951 5242 3020 5309 in
3047 5228 3416 5333 profundo,
3442 5222 3813 5313 arctabitur
3840 5245 4116 5338 spiritus
4145 5245 4318 5334 ejus,

2759 5370 2841 5418 eo
2882 5346 3066 5440 quod
3102 5357 3203 5419 est
3235 5350 3541 5418 animal
3524 5353 3884 5442 inspirans,
3918 5361 3981 5418 et
4025 5359 4186 5420 tunc
4224 5374 4328 5420 se-

2758 5454 3060 5524 cundum
3086 5452 3524 5528 velocitatem
3572 5461 3836 5551 sagittae
3875 5458 4046 5528 redit
4090 5460 4235 5527 ads
4206 5482 4329 5525 «u-

2757 5562 3104 5653 perficiem
3154 5572 3219 5634 et
3259 5564 3470 5634 trahit
3507 5567 3882 5659 spiritum:
3936 5576 3999 5634 et
4049 5568 4105 5637 si
4155 5589 4330 5655 con-

2759 5667 2998 5761 tingat
3021 5670 3205 5761 quod
3236 5674 3617 5767 emergenti
3658 5671 3892 5742 obviet
3920 5674 4137 5745 navis.
4191 5648 4334 5741 sal·-

2758 5774 2931 5846 tabit
2965 5776 3145 5847 ultra
3169 5776 3431 5848 malum
3461 5779 3609 5871 ejus
3634 5784 3707 5849 et
3745 5803 3827 5850 ev
3832 5781 4009 5850 adet.
