4919 6371
587 374 713 440 462

583 551 826 631 partes.
868 540 1037 605 sicut
1083 536 1540 603 extenduntur
1579 538 1864 605 funiculi
1910 546 2129 606 tento-

578 648 653 711 rii
688 668 806 733 per
844 643 1054 731 palos,
1102 650 1167 710 et
1243 652 1478 731 postea
1546 647 1718 713 texit
1768 648 1836 712 in
1899 645 2126 712 medio

582 760 915 819 texturam
954 774 1092 819 non
1117 775 1237 842 per
1266 754 1549 822 modum
1581 757 1821 846 panni,
1856 756 1975 823 sed
2007 778 2129 845 per

581 860 859 926 modum
909 862 1063 927 retis
1107 871 1521 940 contextam,
1576 873 1642 931 et
1699 864 1852 931 ideo
1920 861 2126 930 habet

582 967 878 1038 maculas
930 974 1102 1040 sicut
1150 980 1317 1055 rete,
1371 981 1437 1039 et
1474 971 1737 1038 habitat
1776 973 1847 1036 in
1898 970 2126 1036 medio

581 1078 759 1146 illius
799 1080 954 1147 retis
992 1103 1194 1170 super
1230 1086 1538 1146 centrum
1598 1079 1770 1165 ejus,
1826 1078 1986 1165 quia
2042 1075 2128 1141 ad

578 1196 881 1255 centrum
946 1187 1251 1277 pervenit
1318 1206 1522 1250 omne
1579 1183 1772 1249 filum
1842 1190 2125 1250 texturae

578 1298 783 1365 totius
817 1319 831 1362 ε
867 1304 933 1363 et
960 1294 1372 1381 ubicumque
1403 1291 1710 1358 incidens
1752 1314 1989 1359 muse-a
2020 1300 2125 1358 te-

577 1406 799 1495 tigerit
827 1411 988 1478 rete,
1023 1401 1329 1490 pervenit
1359 1407 1586 1466 motus
1628 1399 1713 1466 ad
1761 1399 2010 1489 ipsam,
2058 1407 2126 1466 et

578 1522 737 1579 tunc
767 1509 1052 1576 accurrit
1080 1515 1144 1574 et
1174 1509 1352 1597 capit
1383 1530 1561 1585 eam,
1598 1514 1665 1575 et
1704 1516 1972 1598 captam
2017 1509 2123 1575 in-

573 1619 736 1686 texit
777 1616 888 1683 filo
928 1615 1202 1706 ligando
1233 1622 1298 1683 et
1335 1614 1944 1684 circumvolvendo
1968 1638 2119 1683 eam

573 1746 920 1815 quousque
961 1723 1199 1791 debilis
1232 1722 1546 1801 eflicitur,
1591 1730 1656 1791 et
1703 1732 1867 1791 tunc
1916 1722 2124 1790 trahit

573 1855 720 1900 eam
776 1831 860 1899 ad
901 1831 1124 1899 locum
1171 1830 1285 1898 ubi
1328 1829 1535 1897 habet
1579 1831 1982 1898 thesaurum
2024 1831 2124 1898 ci-

572 1939 812 2007 borum
852 1955 1131 2006 suorum
1167 1961 1182 2004 :
1220 1946 1287 2006 et
1314 1938 1590 2027 quando
1624 1938 1850 2005 famen
1884 1936 2116 2017 habet,

577 2048 760 2137 sugit
800 2047 1006 2135 ipsius
1061 2044 1566 2122 humiditatem,
1616 2053 1680 2112 et
1728 2053 1892 2112 tunc
1951 2045 2121 2111 redit

575 2154 655 2220 ad
704 2152 1113 2231 venandum,
1167 2151 1251 2219 ad
1296 2161 1606 2219 centrum
1629 2161 1912 2220 texturae
1952 2175 2114 2228 suae,

572 2260 691 2327 sed
721 2261 903 2349 prius
944 2267 1206 2350 reparat
1236 2259 1419 2349 quod
1450 2259 1622 2326 forte
1666 2259 1750 2326 de
1800 2260 1923 2326 reti
1973 2261 2119 2350 ejus

570 2374 708 2434 erat
761 2377 1174 2458 corruptum.
1227 2368 1496 2433 Aranea
1561 2369 1743 2434 enim
1804 2369 1974 2434 vivit
2034 2390 2119 2434 ex

570 2475 968 2544 humiditate
1015 2476 1253 2543 talium
1300 2474 1750 2543 bestiolarum
1796 2498 1967 2566 quas
2005 2498 2118 2544 ca-

571 2585 687 2674 pit.
728 2583 802 2651 ln
832 2583 1202 2674 reparando
1234 2591 1460 2650 autem
1502 2583 1735 2663 telam,
1799 2582 2121 2652 observat

570 2699 642 2757 ut
675 2690 1036 2780 plurimum
1068 2699 1332 2779 tempus
1363 2713 1650 2768 aurorae,
1698 2698 1815 2757 aut
1851 2714 2120 2782 vesper-

568 2798 784 2864 tinum
822 2819 835 2863 ε
873 2800 1194 2888 quoniam
1237 2799 1303 2865 iu
1358 2798 1491 2865 illis
1540 2800 1965 2888 temporibus
2004 2823 2118 2867 se-

567 2904 863 2972 cundum
940 2905 1305 2994 plurimum
1374 2915 1743 2973 moventur
1809 2904 2113 2973 bestiola>

568 3035 714 3103 quae
757 3015 825 3080 in
890 3022 1024 3080 rete
1056 3014 1359 3081 incidunt
1396 3037 1411 3081 ε
1450 3023 1513 3082 et
1553 3037 1710 3083 cum
1753 3015 1923 3082 texit
1972 3013 2115 3082 haec

568 3128 629 3187 et
670 3118 801 3187 alia
840 3123 1062 3188 omnis
1110 3142 1382 3201 aranea,
1437 3123 1519 3190 ‹le
1560 3121 1852 3190 humore
1912 3121 2112 3190 eibali

564 3226 644 3294 de
691 3228 1175 3317 posterioribus
1215 3229 1403 3296 filum
1445 3229 1767 3311 extrahit,
1830 3239 1898 3299 et
1942 3231 2115 3321 pede

565 3337 915 3424 posteriori
961 3336 1147 3403 tilum
1188 3337 1526 3404 connectit
1583 3360 1739 3404 cum
1803 3337 1917 3405 tilo
1978 3337 2111 3405 alio

562 3441 739 3531 quod
806 3452 956 3509 aute
1024 3444 1438 3512 extenderat.
1514 3443 1822 3512 Fet-mina
1879 3454 2111 3513 autem

559 3555 747 3638 parat
777 3560 914 3618 rete
944 3557 1008 3617 et
1035 3559 1349 3637 venatur,
1382 3552 1499 3620 sed
1533 3574 1672 3620 non
1718 3574 1894 3635 mas,
1955 3552 2113 3621 licet

560 3654 922 3746 aliquando
977 3681 1217 3748 parum
1259 3660 1646 3728 inveniatur
1692 3660 2109 3750 coadjuvare

564 3763 905 3832 l'oeminam
950 3787 966 3831 :
1000 3767 1192 3855 quus
1221 3788 1426 3834 causa
1457 3776 1583 3844 est,
1618 3767 1805 3858 quod
1855 3766 2111 3836 humor

563 3872 705 3960 ejus
779 3880 1050 3962 propter
1112 3872 1408 3941 calorem
1475 3874 1976 3965 complexionis
2041 3886 2105 3945 et

560 3978 925 4046 siccitatem
1007 4001 1146 4049 nou
1196 3989 1295 4049 est
1333 3989 1564 4049 tantus
1602 4004 1827 4073 neque
1881 3985 1971 4051 ita
2008 3986 2109 4053 vi-

557 4108 789 4153 scosus
824 4088 994 4155 sicut
1023 4098 1123 4156 est
1170 4086 1421 4157 humor
1448 4090 1770 4158 foeminae.

642 4192 881 4261 Adbuc
906 4202 1130 4264 autem
1152 4202 1219 4263 et
1248 4194 1379 4263 alia
1408 4219 1658 4287 genera
1698 4219 2106 4268 aranearum

555 4300 764 4367 multa
804 4302 995 4371 valde
1038 4305 1497 4381 inveniuntur,
1533 4327 1685 4397 quae
1714 4310 1950 4375 omnia
1980 4309 2107 4377 de-

552 4407 753 4477 bilem
796 4419 857 4479 et
891 4414 1080 4502 quasi
1119 4411 1558 4482 divaricatam
1630 4414 1888 4484 faciunt
1950 4424 2106 4485 tex-

554 4527 771 4586 turam
796 4521 968 4586 eirca
998 4522 1279 4611 stipulas
1311 4524 1377 4590 in
1417 4530 1596 4592 terra
1623 4547 1638 4592 ε
1673 4531 1740 4593 et
1780 4533 1938 4594 sunt
1969 4526 2105 4594 (luo

553 4626 760 4704 modi,
814 4650 1095 4718 parvum
1151 4654 1367 4720 gentis
1420 4632 1763 4711 videlieet,
1808 4645 1874 4703 et
1949 4656 2104 4703 ma-

550 4758 803 4823 gnum:
838 4744 899 4804 et
950 4736 1259 4806 habitant
1320 4737 1469 4808 haec
1497 4763 1751 4831 genera
1779 4743 1907 4811 sub
1949 4752 2104 4812 tex-

552 4852 698 4912 tura
767 4847 922 4914 retis
987 4849 1118 4927 sui,
1165 4865 1248 4916 ne
1294 4849 1657 4919 videantur
1704 4874 1742 4918 a
1794 4851 2104 4922 bestiolis

551 4954 798 5045 quibus
840 4957 1263 5026 insidiantur.
1311 4959 1427 5027 Est
1488 4967 1716 5028 autem
1776 4964 2002 5051 majus
2034 4966 2101 5032 in

548 5059 678 5129 hoc
734 5086 979 5151 genere
1049 5063 1441 5155 longiorum
1512 5070 1813 5135 crurium
1895 5093 2102 5162 quam

552 5191 856 5259 parvum.
922 5170 1066 5239 Stat
1113 5181 1337 5241 autem
1390 5172 1521 5243 boc
1570 5199 1788 5266 genus
1838 5200 2101 5246 aranea:

548 5274 672 5342 sub
705 5282 844 5344 tota
876 5299 996 5346 sua
1036 5287 1325 5361 textura,
1367 5304 1506 5350 non
1537 5282 1792 5351 faciens
1841 5284 1969 5351 sibi
1997 5285 2103 5353 la-

551 5382 837 5451 tibulum
877 5388 1189 5477 speciale,
1268 5414 1348 5458 eo
1391 5388 1574 5482 quod
1638 5396 1921 5483 propter
1947 5414 2103 5460 ma-

554 5489 974 5580 gnitudinem
1005 5500 1307 5588 corporis
1337 5520 1478 5567 non
1535 5496 1618 5567 de
1649 5498 1828 5568 facili
1868 5502 2101 5591 operi-

551 5606 699 5668 tur:
743 5610 810 5670 et
855 5604 1056 5671 nimis
1111 5604 1509 5688 tabesceret,
1561 5610 1619 5676 si
1664 5615 1932 5677 tantum
1974 5633 2101 5678 ex-

549 5706 839 5779 traheret
879 5708 1262 5794 humorem,
1332 5721 1407 5782 ut
1464 5730 1797 5806 magnum
1839 5716 2098 5787 latibu-

1564 364 1649 430 D.
1703 361 1905 431 ALB.
1960 360 2178 429 MAG.

2233 360 2438 429 ORD.
2495 360 2789 431 PRAED.

2242 533 2383 601 lum
2416 537 2482 603 in
2516 560 2650 627 quo
2670 537 2993 606 abscondi
3022 537 3297 614 valeret,
3337 537 3608 607 deberet
3635 564 3793 607 eon-

2240 653 2520 713 struere.
2564 647 2766 715 Aliud
2798 655 3026 714 autem
3067 671 3278 737 genus
3320 649 3500 737 quod
3562 652 3787 717 miuus

2240 759 2361 828 est,
2408 752 2494 818 ad
2533 775 2738 820 unam
2777 763 3039 843 partem
3082 755 3381 822 extendit
3449 765 3786 824 texturam

2239 879 2458 934 suam,
2505 867 2569 923 et
2610 859 2698 924 ibi
2729 859 2885 926 facit
2922 864 3111 950 quasi
3154 862 3495 929 sacculum
3542 887 3794 954 quem-

2236 962 2435 1027 dam:
2472 965 2634 1029 etin
2667 964 2781 1031 illo
2812 965 3096 1044 locatur,
3160 976 3225 1034 et
3283 970 3659 1054 insidiatur,
3723 979 3788 1038 et

2235 1076 2524 1136 venatur
2554 1069 2871 1138 bestiolas
2927 1074 2993 1138 in
3027 1082 3163 1140 rete
3221 1098 3418 1141 suum
3481 1078 3787 1144 inciden-

2235 1186 2358 1245 tes.
2413 1179 2691 1270 Oportet
2747 1190 2972 1250 autem
3032 1185 3227 1264 seire,
3298 1186 3480 1274 quod
3511 1188 3781 1277 quando

2233 1288 2408 1374 parit
2446 1309 2716 1368 aranea,
2761 1292 2990 1356 omnia
3022 1313 3150 1358 ova
3183 1314 3304 1359 sua
3333 1295 3521 1382 quasi
3554 1293 3786 1361 cohae-

2235 1403 2407 1475 rent,
2441 1403 2513 1464 et
2576 1398 2862 1464 involvit
2926 1420 3007 1465 ea
3071 1401 3139 1465 iu
3178 1399 3480 1467 folliculo
3536 1403 3779 1490 spisso,

2233 1502 2413 1590 quod
2452 1511 2554 1570 est
2608 1503 2689 1571 de
2748 1513 2990 1572 natura
3027 1513 3310 1573 textura*
3379 1531 3546 1588 suze,
3610 1510 3783 1575 sicut

2228 1610 2848 1678 faciuntbombices
2871 1614 3159 1680 sericum
3192 1636 3415 1690 suum,
3453 1623 3516 1680 et
3546 1624 3788 1682 custo-

2230 1717 2327 1783 dit
2366 1740 2444 1783 ea
2474 1716 2851 1808 diligenter.
2910 1719 3147 1787 Exitus
3188 1728 3415 1788 autem
3481 1725 3781 1790 materiae

2230 1824 2311 1890 de
2342 1847 2478 1914 qua
2512 1827 2698 1902 texit,
2745 1848 2879 1893 non
2921 1833 3018 1894 est
3050 1830 3223 1896 sieut
3272 1831 3490 1896 exitus
3536 1852 3786 1920 super-

2229 1933 2508 1999 ssuitatls
2550 1935 2862 2002 stercoris
2910 1937 3038 2013 sui,
3084 1939 3253 2004 sicut
3313 1937 3477 2004 dixit
3521 1937 3780 2005 Demo-

2229 2042 2434 2106 critus
2473 2039 2951 2130 philosophus,
3020 2042 3139 2110 sed
3187 2046 3411 2134 potius
3440 2046 3619 2134 ejicit
3671 2047 3778 2134 ip-

2228 2169 2377 2212 sum
2411 2169 2448 2213 a
2480 2169 2761 2236 corpore
2792 2171 2875 2216 ex
2897 2147 3184 2218 humore
3223 2150 3422 2218 cibali
3489 2174 3780 2242 genera-

2227 2264 2397 2334 tum,
2432 2258 2603 2324 sicut
2633 2257 2884 2324 animal
2946 2259 3131 2348 quod
3170 2271 3534 2340 astat-ceos,
3596 2259 3780 2350 quod

2230 2385 2352 2430 nos
2384 2363 2750 2430 bombicem
2798 2389 3150 2445 vocamus,
3192 2367 3371 2456 ejicit
3406 2367 3579 2457 pilos
3609 2368 3782 2434 seri-

2225 2491 2402 2538 ceos.
2436 2469 2790 2538 venantur
2838 2481 3063 2540 autem
3125 2496 3387 2542 araneae
3442 2496 3581 2541 non
3622 2482 3780 2540 tan-

2225 2586 2371 2645 tum
2400 2602 2634 2670 parva,
2672 2579 2784 2647 sed
2828 2582 3029 2647 etiam
3062 2583 3324 2669 majora
3362 2580 3682 2648 animalia
3710 2582 3767 2646 si

2228 2690 2581 2757 inciderint
2616 2692 2681 2757 in
2713 2713 2912 2757 suum
2958 2698 3096 2757 rete
3138 2712 3152 2756 ε
3223 2691 3310 2755 ita
3351 2689 3533 2780 quod
3573 2691 3775 2755 etiam

2225 2795 2590 2887 aliquando
2622 2800 2893 2888 rapiunt
2926 2797 3320 2864 lacertulum
3358 2797 3713 2887 parvulum
3751 2818 3765 2862 :

2224 2911 2285 2968 et
2327 2924 2481 2970 cum
2515 2902 2751 2970 talium
2786 2905 3084 2993 ceperint
3112 2903 3390 2994 aliquid,
3427 2904 3646 2992 primo
3682 2901 3770 2966 li·-

2223 3019 2381 3100 gaut
2415 3010 3003 3077 circumnectendo
3035 3032 3114 3077 os
3177 3012 3409 3101 ipsius,
3455 3032 3539 3076 ue
3600 3009 3772 3074 inci-

2222 3117 2378 3185 ‹lere
2406 3120 2670 3208 possit:
2731 3126 2798 3185 et
2839 3116 3082 3185 deiude
3141 3116 3508 3185 ascendunt
3566 3138 3769 3205 super

2222 3229 2466 3318 ipsum,
2503 3237 2565 3296 et
2606 3227 2981 3295 mordendo
3037 3237 3285 3319 cogunt
3334 3230 3551 3316 ipsum
3585 3246 3768 3316 quo-

2220 3357 2432 3425 usque
2463 3338 2813 3412 moriatur,
2869 3343 2987 3403 aut
3017 3334 3459 3402 ‹lebiletetur:
3500 3341 3563 3401 et
3609 3342 3768 3399 tunc

2216 3442 2585 3509 ascendunt
2618 3444 2684 3508 in
2716 3451 2854 3509 rete
2884 3442 2968 3509 ad
3010 3442 3234 3509 locum
3270 3441 3382 3508 ubi
3416 3442 3768 3530 reponitur

2214 3547 2431 3627 cibus,
2452 3557 2515 3616 et
2544 3557 2693 3638 post
2725 3572 2796 3616 se
2840 3546 3113 3615 trabunt
3148 3549 3364 3623 tilum.
3426 3557 3488 3614 et
3547 3556 3769 3614 attra-

2216 3653 2388 3722 bunt
2416 3652 2770 3721 bestiolam
2811 3656 3005 3744 quasi
3035 3676 3158 3745 per
3190 3654 3421 3721 funem
3471 3674 3767 3742 suspen-

2212 3782 2400 3830 sam:
2437 3771 2500 3828 et
2534 3761 2664 3830 hoc
2684 3763 2827 3852 jam
2867 3762 3165 3829 vidimus
3191 3762 3476 3853 propriis
3515 3759 3755 3840 oculis,

2212 3877 2275 3936 et
2319 3869 2540 3935 mirati
2578 3892 2814 3935 sumus
2855 3868 3200 3936 solertiam
3233 3890 3659 3936 aranearum.

2301 3995 2727 4064 Rationabile
2759 4002 2984 4064 autem
3017 4002 3114 4064 est
3148 4015 3461 4063 araneam
3484 3998 3759 4084 propter

2211 4104 2644 4196 [rigiditatem
2684 4103 2932 4171 babere
2982 4125 3320 4172 venenum
3387 4101 3749 4192 frigidum:

2209 4211 2324 4279 sed
2354 4219 2584 4279 tamen
2632 4220 2821 4279 tanto
2854 4219 2954 4279 est
3007 4211 3439 4286 venenosior,
3495 4218 3751 4300 quanto

2207 4320 2528 4389 animalia
2576 4343 2729 4413 qua·
2786 4323 2991 4414 sugit,
3033 4331 3190 4390 sunt
3256 4322 3753 4390 venenosiora:

2208 4434 2269 4495 et
2306 4427 2454 4497 iden
2485 4428 2730 4495 dieitur
2775 4432 3252 4504 communiter.
3296 4428 3477 4521 quod
3511 4429 3575 4495 in
3628 4448 3756 4493 au-

2210 4542 2448 4604 tumno
2479 4541 2580 4604 est
2619 4538 3025 4604 venenosior
3050 4538 3275 4605 omnis
3304 4557 3570 4604 umrsus
3599 4556 3757 4601 ara-

2208 4663 2393 4711 nete:
2429 4643 2587 4733 quia
2620 4650 2776 4711 tunc
2797 4645 2976 4711 suxit
3021 4667 3141 4735 per
3198 4650 3498 4712 aestatem
3542 4639 3754 4708 multa

2206 4774 2577 4833 venenosa,
2610 4760 2674 4820 et
2706 4753 3137 4845 incorporata
3166 4760 3324 4820 sunt
3367 4753 3452 4819 ei.
3488 4750 3753 4817 Arauea

2206 4869 2433 4928 autem
2472 4882 2613 4928 non
2642 4859 2865 4928 solum
2906 4862 3087 4952 sugit
3136 4883 3213 4928 ea
3255 4883 3403 4953 qum
3441 4867 3750 4931 venatur,

2206 4966 2323 5036 sed
2399 4965 2762 5058 aliquando
2830 4968 3008 5058 sugit
3075 4990 3324 5059 ttnagna
3406 4964 3750 5043 animalia,

2207 5072 2564 5142 adluerens
2595 5075 2713 5144 eis.
2763 5075 2930 5141 sieut
2986 5097 3279 5167 gusanes
3323 5072 3426 5140 vel
3468 5069 3753 5163 pediculi

2206 5179 2553 5250 adbaerent
2623 5181 2728 5249 bis
2797 5204 2949 5274 qua·
3024 5191 3274 5275 sugunt
3322 5204 3337 5249 ε
3401 5182 3539 5248 imo
3616 5179 3759 5247 l're-

2206 5295 2493 5381 quenter
2529 5290 2752 5356 visum
2791 5298 2914 5359 est.
2949 5291 3132 5381 quod
3182 5289 3266 5357 ab
3324 5285 3459 5355 alto
3510 5308 3755 5353 aranea

2204 5421 2276 5465 se
2306 5421 2426 5490 per
2478 5397 2665 5465 filum
2734 5400 3073 5476 submisit,
3145 5404 3206 5464 et
3266 5396 3589 5463 bufonem
3644 5392 3754 5461 vel

2203 5512 2587 5597 serpentem
2618 5529 2953 5600 pungens,
2987 5504 3217 5598 lingua
3263 5506 3484 5573 suxit:
3536 5509 3602 5570 et
3651 5502 3748 5569 sic

2203 5615 2406 5683 etiam
2453 5612 2819 5706 aliquando
2865 5616 3108 5707 pungit
3163 5612 3477 5683 homines
3516 5607 3754 5679 volens

2202 5744 2444 5813 sugere
2483 5718 2955 5790 humiditatem
2997 5744 3083 5791 ex
3133 5722 3317 5813 ipsis.
3374 5719 3494 5789 Est
3549 5716 3754 5784 etiam
