4919 6371
1952 314 2122 380 Llss.
2173 311 2269 379 111
2318 310 2438 377 DE
2484 310 3074 396 ANIMALIBUS,
3124 311 3430 379 TRACT.
3486 311 3513 377 1

1094 489 1472 581 procedens
1541 485 1625 551 ad
1687 483 1994 551 collum:
2052 492 2117 550 et
2146 483 2350 573 hujus
2389 486 2663 574 signum

1094 607 1218 674 est,
1256 593 1441 685 quod
1482 591 1615 658 hoc
1640 614 1764 681 par
1792 614 2127 659 venarum
2159 600 2442 659 vocatur
2487 610 2669 655 venae

1094 702 1603 771 decollationis.
1638 698 1901 768 Deinde
1934 702 2218 768 veniens
2239 721 2359 789 per
2388 695 2665 785 spondi-

1092 806 1183 874 lia
1232 815 1297 872 et
1357 804 1667 883 dorsum,
1702 807 2029 896 pertingit
2057 804 2143 870 ad
2190 800 2568 878 testicuIOS,
2604 806 2671 865 et

1093 910 1340 977 exinde
1411 912 1776 979 reflectens
1835 911 1918 977 ad
1976 930 2184 976 coxas
2242 907 2481 975 transit
2549 925 2669 994 per

1092 1043 1318 1110 genua
1348 1027 1415 1088 et
1447 1043 1670 1099 crura,
1718 1030 1784 1087 et
1816 1020 2140 1108 pertingit
2193 1017 2278 1084 ad
2334 1017 2668 1084 domesti-

1093 1149 1249 1195 cum
1316 1128 1646 1204 calcanei,
1682 1136 1749 1194 et
1805 1125 2048 1193 deinde
2109 1125 2526 1192 ramiticatur
2599 1125 2666 1190 in

1092 1235 1343 1326 pedum
1377 1243 1640 1302 rasceta
1667 1241 1732 1300 et
1765 1232 1985 1323 digiti.
2014 1232 2236 1322 liujus
2267 1243 2494 1300 autem
2533 1235 2669 1301 ite-

1094 1366 1247 1409 rum
1286 1346 1568 1432 signum
1600 1341 1766 1409 dicit
1804 1365 1979 1420 esse,
2016 1343 2197 1431 quod
2229 1341 2671 1431 mediciprae-

1092 1451 1355 1539 cipiunt
1413 1448 1635 1515 minui
1686 1450 1757 1515 in
1807 1448 1935 1516 hac
1975 1471 2152 1516 vena
2202 1456 2439 1515 contra
2468 1447 2671 1515 dolo-

1091 1579 1239 1624 rem
1298 1556 1485 1625 dorsi
1526 1565 1593 1623 et
1655 1557 2157 1625 testiculorum.
2231 1556 2368 1623 l'ar
2434 1564 2665 1624 autem

1094 1664 1401 1743 tertium,
1435 1672 1512 1730 ut
1570 1662 1734 1731 dicit
1787 1665 1937 1742 istc,
1991 1664 2298 1754 procedit
2339 1687 2378 1731 a
2443 1662 2665 1731 nucha

1096 1795 1248 1862 quae
1279 1781 1381 1839 est
1412 1773 1485 1839 in
1516 1771 1947 1862 spondilibus
1990 1772 2174 1853 colli,
2217 1780 2284 1840 et
2339 1775 2528 1838 venit
2583 1771 2668 1839 ad

1092 1881 1487 1972 gyrationes
1517 1880 1969 1970 spatularum,
1996 1881 2112 1948 ubi
2145 1880 2486 1969 adjutoria
2515 1903 2670 1971 spa-

1090 1988 1254 2055 tulis
1286 1989 1807 2080 conjunguntur
1840 2011 1855 2056 :
1889 1997 1956 2055 et
1983 1989 2230 2056 deinde
2291 1989 2667 2057 rellectitur

1094 2095 1177 2161 ad
1236 2096 1522 2162 interius
1589 2097 1886 2185 pectoris
1942 2105 2007 2163 et
2046 2099 2233 2164 venit
2272 2097 2356 2164 ad
2397 2097 2665 2187 pulmo-

1095 2224 1289 2270 nem:
1336 2212 1405 2271 et
1434 2225 1568 2269 una
1601 2226 1779 2272 vena
1832 2203 2013 2271 illius
2044 2206 2317 2295 quando
2347 2205 2431 2273 ad
2486 2205 2667 2272 inte-

1094 2307 1271 2373 riora
1319 2329 1359 2374 a
1400 2308 1763 2398 gyratione
1838 2310 2261 2399 spatularum
2330 2311 2661 2401 procedit,

1089 2413 1524 2503 protenditur
1612 2437 1650 2482 a
1711 2416 1951 2483 dextro
2027 2416 2111 2483 ad
2170 2418 2547 2495 sinistrum,
2599 2425 2667 2485 et

1088 2523 1428 2590 transiens
1460 2523 1589 2590 sub
1626 2525 1951 2592 mamillis
1982 2529 2291 2615 pervenit
2340 2527 2423 2593 ad
2477 2526 2665 2617 sple-

1089 2652 1251 2696 nem
1283 2638 1349 2696 et
1398 2628 1486 2696 ad
1530 2653 1769 2698 renem
1811 2634 2192 2699 sinistrum.
2230 2634 2383 2700 Alia
2431 2641 2661 2700 autem

1091 2760 1266 2804 vena
1305 2737 1616 2826 ejusdem
1661 2740 1842 2829 paris
1873 2764 2025 2831 quae
2067 2745 2372 2831 pervenit
2414 2765 2452 2809 a
2492 2744 2665 2810 sini-

1089 2854 1228 2913 stro
1261 2846 1330 2913 in
1362 2845 1711 2925 dextrum,
1746 2852 2091 2917 transiens
2142 2874 2262 2940 per
2292 2851 2657 2929 mamillas,

1091 2953 1296 3019 etiam
1329 2954 1641 3043 pervenit
1676 2955 1764 3022 ad
1801 2956 2229 3045 pulmonem,
2265 2967 2327 3025 et
2359 2958 2542 3026 vadit
2576 2959 2663 3025 ad

1093 3057 1347 3150 hepar:
1402 3069 1471 3128 et
1536 3069 1699 3129 tnnc
1757 3064 2226 3132 ramiticantur
2281 3065 2364 3132 ab
2413 3089 2493 3133 ea
2523 3065 2660 3132 duo

1095 3168 1367 3249 ramuli,
1404 3169 1518 3262 qui
1544 3171 1922 3260 procedunt
1952 3171 2038 3240 ad
2071 3193 2308 3242 anum.
2335 3173 2471 3242 Par
2498 3198 2659 3241 veru

1094 3285 1415 3365 quartum
1446 3278 1670 3343 oritur
1710 3278 1986 3368 quidem
2019 3279 2105 3346 ab
2135 3282 2456 3349 anteriori
2484 3283 2663 3372 capi-

1092 3384 1176 3450 tis
1206 3405 1330 3473 per
1359 3382 1621 3452 orbitas
1660 3385 1841 3452 oculi
1891 3388 2301 3477 perveniens
2331 3389 2412 3456 ad
2483 3390 2661 3456 inse-

1092 3489 1232 3556 rins
1289 3490 1477 3569 colli,
1512 3500 1579 3559 et
1647 3494 1976 3583 pertingit
2024 3495 2110 3562 ad
2169 3495 2662 3587 profunditates

1092 3597 1512 3667 furculamm
1542 3621 1696 3692 quse
1724 3610 1882 3669 sunt
1924 3603 2100 3670 inter
2153 3602 2291 3671 duo
2356 3604 2667 3696 spatula-

1094 3708 1193 3772 ria
1224 3712 1293 3773 et
1359 3704 1646 3796 ligantia
1702 3714 1964 3798 pectus.
2003 3708 2262 3777 Deinde
2303 3719 2661 3779 extensum

1094 3834 1218 3902 per
1275 3812 1619 3901 adjutoria
1687 3821 1756 3882 et
1810 3816 2078 3883 cubitos
2145 3841 2353 3909 super
2435 3820 2659 3886 scu-ilia

1097 3920 1337 3987 transit
1398 3943 1521 4010 per
1558 3920 1837 3991 braeliia
1885 3925 1968 3992 ad
2004 3926 2261 3994 radices
2291 3950 2444 4017 quie
2503 3937 2664 3996 sunt

1099 4036 1375 4095 rascetae
1405 4028 1792 4119 palmarum
1835 4053 1851 4099 :
1894 4041 1960 4100 et
2001 4032 2245 4101 deinde
2298 4037 2664 4104 rellectitur

1097 4157 1221 4225 per
1246 4133 1526 4204 brachia
1556 4137 1641 4206 ad
1672 4137 2178 4213 subascellaria.
2222 4152 2288 4210 et
2327 4142 2410 4209 ad
2454 4143 2660 4211 latera

1098 4252 1407 4335 exparte
1455 4247 1791 4337 superiori
1842 4248 2134 4318 laterum
2185 4252 2436 4321 intrant
2483 4254 2664 4321 intc-

1099 4351 1263 4429 rius,
1325 4350 1547 4421 donec
1602 4353 1878 4422 sinistra
1928 4357 2205 4447 quidem
2264 4381 2435 4425 vena
2481 4359 2663 4427 illius

1095 4457 1279 4547 paris
1310 4463 1624 4549 pervenit
1662 4463 1749 4531 ad
1778 4462 2114 4553 splenem,
2157 4466 2389 4534 dextra
2431 4477 2660 4535 autem

1096 4565 1179 4633 ad
1213 4564 1523 4657 hepar,et
1555 4569 1642 4638 ab
1683 4571 1839 4640 inde
1877 4573 2099 4640 ambae
2132 4583 2425 4643 extensa·
2455 4598 2662 4666 snpra

1097 4684 1406 4744 ventrem
1438 4701 1478 4744 a
1510 4701 1644 4769 quo
1683 4682 1758 4747 tit
1811 4690 2063 4750 tractus
2121 4684 2453 4767 alimenti,
2504 4708 2664 4776 per-

1097 4784 1385 4853 veniunt
1432 4786 1654 4856 ainbae
1721 4789 1808 4857 ad
1857 4790 2084 4859 locum
2166 4795 2658 4883 generationis.

1097 4913 1334 4960 semen
1364 4891 1536 4961 locis
1579 4895 1713 4963 illis
1745 4898 2235 4968 ministrantes.

1189 4997 1322 5068 lste
1362 5001 1575 5091 igitur
1601 5014 1705 5073 est
1769 5029 1996 5074 sermo
2064 5008 2523 5101 Antiquarum
2595 5012 2661 5079 in

1100 5109 1493 5179 narratione
1531 5123 1726 5182 ortus
1763 5123 1829 5183 et
1888 5116 2246 5186 divisionis
2298 5142 2657 5189 venarum.

1184 5217 1490 5289 Fuerunt
1521 5225 1728 5292 etiam
1773 5226 2055 5315 quidam
2115 5228 2475 5298 Naturales
2516 5231 2657 5309 alii,

1096 5326 1211 5416 qui
1250 5324 1334 5396 de
1364 5336 1522 5397 ortu
1542 5339 1609 5399 et
1647 5331 1983 5402 divisione
2011 5358 2340 5405 venarum
2372 5340 2666 5430 scripse-

1093 5442 1277 5514 runt,
1320 5435 1440 5504 sed
1500 5461 1636 5505 non
1686 5439 2053 5519 subtiliter,
2087 5453 2154 5511 et
2209 5468 2363 5513 cum
2396 5448 2662 5515 ratione

1098 5551 1215 5611 aut
1243 5548 1719 5635 experimento
1745 5572 1761 5618 τ
1799 5559 1866 5620 et
1898 5552 2050 5619 ideo
2082 5576 2220 5621 non
2251 5566 2407 5623 sunt
2450 5555 2661 5648 digna

1093 5651 1491 5723 recitatione
1522 5678 1602 5725 ea
1638 5680 1792 5749 quae
1825 5657 2167 5730 dixerunt.
2224 5662 2386 5732 Fere
2429 5674 2660 5734 autem

4189 313 4318 378 205

2775 504 3018 548 omnes
3080 482 3186 547 isti
3237 481 3627 570 opinantur,
3683 479 3867 569 quod
3912 481 4324 570 principium

2772 610 3099 655 venarum
3133 591 3218 653 sit
3248 611 3329 653 ex
3360 597 3548 676 parte
3573 591 3809 677 capitis
3841 597 3906 656 et
3938 587 4193 656 cerebri
4228 610 4329 653 ra-

2771 696 2960 761 tione
2994 694 3134 770 illa,
3171 695 3327 784 quia
3357 693 3686 783 putabant.
3725 694 3857 762 hoc
3895 719 4039 763 esse
4071 695 4332 786 princi-

2774 803 2963 893 pium
2995 825 3350 880 venarum,
3399 803 3466 869 in
3500 825 3635 893 quo
3677 802 3905 891 plures
3937 812 4004 869 et
4032 802 4330 870 nobilio-

2780 934 2884 979 res
2944 921 3007 979 et
3084 911 3467 978 eoelestibus
3525 911 3744 1001 magis
3803 910 4113 978 simililes
4172 919 4334 977 sunt

2775 1022 3021 1087 animae
3054 1021 3365 1086 virtutes:
3395 1019 3524 1086 lioc
3555 1027 3783 1084 autem
3806 1027 3907 1085 est
3945 1017 4323 1095 cerebrum,

2776 1129 2845 1194 in
2876 1151 3011 1218 quo
3045 1136 3199 1194 sunt
3225 1129 3399 1193 vires
3430 1125 3783 1202 animalcS,
3810 1135 3878 1192 et
3908 1123 4330 1191 intellectua-

2775 1235 2895 1312 leS,
2956 1244 3019 1301 et
3062 1236 3548 1325 imaginativae,
3594 1244 3659 1300 et
3699 1233 4080 1310 sensiliileS,
4115 1241 4181 1300 et
4219 1255 4334 1298 re-

2773 1344 3158 1427 cordativae,
3195 1353 3256 1411 et
3306 1346 3603 1411 motivae.
3642 1342 3816 1409 Cum
3849 1343 4032 1410 enim
4083 1345 4326 1408 animae

2772 1452 2947 1519 actio
2978 1455 3059 1518 sit
3103 1453 3169 1517 in
3199 1450 3425 1518 cilium
3458 1452 3685 1541 potior
3723 1472 3929 1539 quam
3964 1456 4223 1516 natura·
4259 1448 4328 1513 in

2773 1558 2878 1625 liis
2943 1581 3091 1650 quae
3138 1559 3380 1624 vivunt
3431 1558 3572 1623 vita
3628 1556 4020 1635 manifesta,
4065 1554 4328 1645 opinati

2772 1674 2930 1732 sunt
2958 1689 3118 1732 vasa
3149 1665 3280 1732 cibi
3324 1664 3581 1731 deferre
3616 1665 3903 1731 virtutes
3945 1663 4215 1745 animae,
4259 1671 4323 1728 et

2773 1776 3045 1843 eosdem
3086 1797 3246 1842 suos
3277 1774 3557 1842 etl'ectns
3587 1774 3867 1840 et'ssuere
3907 1773 4060 1840 cibo
4104 1773 4171 1837 in
4202 1793 4327 1836 ve-

2772 1886 2903 1962 nis,
2966 1906 3114 1973 quae
3162 1885 3289 1950 viae
3355 1891 3421 1951 et
3477 1904 3641 1948 vasa
3691 1890 3852 1948 sunt
3899 1879 4320 1946 nutrimenti.

2770 1992 2918 2059 lloc
2968 2000 3196 2058 autem
3247 2013 3385 2058 non
3434 1999 3533 2056 est
3592 1987 4091 2057 necessarium:
4157 1986 4318 2077 quia

2770 2121 2910 2166 non
2972 2098 3190 2165 intluit
3242 2100 3469 2165 anima
3526 2097 3851 2162 virtutem
3899 2092 4052 2162 cibo
4114 2113 4321 2183 quam

2768 2215 3089 2296 operatur
3126 2206 3195 2271 iu
3228 2205 3530 2280 cerebro,
3557 2203 3673 2270 sed
3714 2204 3945 2292 potius
3967 2200 4149 2267 illam
4175 2222 4327 2289 quat

2770 2323 2870 2382 est
2900 2314 3146 2392 cordiS,
3181 2315 3352 2381 sieut
3386 2315 3452 2379 in
3482 2310 3926 2403 sequentibus
3949 2307 4326 2378 declarabi-

2771 2444 2947 2487 mus.

2859 2530 3076 2596 Media
3143 2539 3373 2596 autem
3432 2529 3633 2595 trium
3710 2526 4140 2594 inducturum
4183 2524 4327 2614 opi-

2772 2640 3078 2704 nionum.
3151 2660 3189 2703 a
3255 2636 3610 2702 stomarln»
3670 2635 3838 2702 dixit
3885 2634 4046 2701 oriri
4083 2655 4318 2708 venas,

2768 2767 2849 2811 eo
2880 2744 3061 2835 quod
3092 2752 3329 2810 venter
3367 2745 3507 2809 sive
3534 2740 3929 2809 stomaeltus
3960 2749 4025 2807 et
4057 2740 4326 2808 intesti-

2768 2875 2851 2919 na
2906 2853 2974 2918 in
3040 2853 3286 2941 quibus
3347 2852 3728 2941 completur
3799 2850 4321 2926 nutrimentum,

2768 2966 2923 3024 sunt
2957 2959 3127 3024 sicut
3169 2957 3317 3024 sons
3349 2957 3610 3046 primus
3641 2957 4145 3025 nutrimentalis
4184 2957 4320 3024 liu-

2768 3065 2959 3144 midi,
2994 3075 3266 3156 propter
3294 3065 3475 3154 quod
3521 3088 3732 3131 venas
3762 3064 3848 3131 ab
3902 3066 4048 3155 ipso
4081 3074 4315 3133 ventre

2768 3175 2927 3243 oriri
2959 3174 3299 3256 dixerunt,
3351 3198 3501 3266 quoe
3541 3183 3698 3242 sunt
3747 3173 4021 3243 canales
4052 3173 4313 3243 humidi

2770 3285 3292 3364 nutrimentalis,
3364 3287 3538 3352 sieut
3630 3285 4028 3353 derivantur
4105 3286 4228 3352 rivi
4280 3308 4321 3353 a

2768 3393 2953 3462 sonte

2860 3512 2944 3580 lli
2977 3536 3138 3603 ergo
3177 3510 3301 3579 lias
3340 3519 3404 3579 et
3445 3510 3612 3579 tales
3650 3533 3791 3579 sum
3822 3510 4167 3601 opinionis
4207 3510 4320 3577 in-

2769 3623 3106 3691 duxerunt
3147 3623 3467 3689 ratinneS.
3514 3621 3666 3688 Non
3711 3628 3888 3689 recte
3938 3628 4165 3688 autem
4222 3621 4322 3687 in-

2769 3737 3094 3797 venerunt
3124 3729 3229 3795 isti
3262 3752 3591 3795 venarum
3628 3727 3984 3818 principia,
4020 3752 4101 3792 en
4132 3726 4316 3818 quud

2770 3860 2959 3905 vente
3010 3862 3143 3904 nun
3192 3845 3347 3903 sunt
3394 3840 3521 3903 via·
3582 3835 3981 3903 nutrimenti
4034 3834 4158 3903 nisi
4200 3858 4317 3900 se-

2769 3946 2983 4036 parati
3039 3967 3077 4011 a
3126 3944 3287 4011 szece
3326 3942 3731 4028 abjicienda.
3789 3941 4078 4033 Propter
4134 3940 4316 4031 quod

2769 4053 2921 4121 tons
2978 4050 3477 4119 nutrimentalis
3536 4050 3800 4118 humidi
3845 4050 4151 4140 ‹lepurati
4185 4071 4323 4116 nnn

2768 4169 2863 4228 est
2895 4169 3157 4237 venter,
3180 4158 3295 4226 sed
3318 4181 3461 4238 cor,
3493 4159 3662 4227 sicut
3696 4156 3977 4225 interius
4006 4156 4326 4224 ostende-

2768 4288 2947 4343 mus,
2976 4276 3039 4334 et
3072 4264 3321 4355 hepar:
3357 4275 3420 4331 et
3465 4264 3616 4330 ideo
3646 4263 3733 4330 ab
3766 4263 3898 4331 illis
3928 4262 4324 4329 derivantur

2767 4397 2958 4441 venae
2987 4382 3049 4440 et
3080 4395 3219 4440 non
3256 4396 3293 4439 a
3326 4381 3585 4439 ventre.
3623 4373 3842 4439 Causa
3874 4379 4102 4437 autem
4142 4392 4326 4435 erro-

2772 4484 2861 4549 ris
2890 4491 2987 4549 est
3027 4480 3389 4549 dilticnltas
3427 4477 3995 4548 considerationis
4040 4478 4325 4546 creatio·

2769 4592 2875 4659 nis
2912 4613 3239 4658 venarum
3281 4589 3656 4657 secundum
3684 4610 3843 4657 suas
3872 4586 4312 4669 substantias,

2770 4708 2836 4767 et
2874 4698 3229 4765 difficultas
3269 4694 3778 4765 considerandae
3809 4694 4322 4763 remitit-ationis

2770 4829 3002 4875 earum
3032 4804 3406 4874 secundum
3435 4827 3594 4872 suas
3622 4804 4022 4881 divisiones,
4073 4810 4136 4869 et
4185 4800 4321 4868 dit-

2771 4914 3032 4982 licultas
3058 4911 3330 4980 videndi
3380 4934 3738 5003 processus
3790 4931 4029 4979 earum
4086 4930 4323 4976 secun·

2771 5021 2932 5089 dum
2965 5044 3121 5088 suas
3151 5020 3582 5088 extensiones
3612 5018 3698 5086 ad
3738 5014 4046 5086 membra
4074 5037 4326 5107 corpo-

2772 5132 2863 5197 ris
2897 5151 2912 5197 :
2959 5147 3080 5196 nec
3110 5134 3208 5195 est
3235 5126 3559 5217 possibile
3591 5125 3718 5193 ista
3751 5122 4046 5215 perfecte
4066 5143 4325 5213 cogno·

2771 5260 2954 5305 scere
2987 5238 3053 5303 in
3082 5234 3358 5302 animali
3402 5241 3774 5312 macerato,
3820 5240 3937 5300 aut
3980 5231 4046 5297 in
4091 5251 4327 5320 corpo·

2773 5372 2843 5416 re
2874 5354 3212 5414 macerato
3245 5353 3542 5418 mortuo,
3587 5344 3761 5410 sieut
3807 5342 3874 5408 in
3916 5336 4330 5407 anteliabitis

2770 5454 3091 5521 diximus.
