4919 6371
575 351 702 424 218

576 522 777 612 igitur
796 527 953 588 sunt
980 540 1128 607 quae
1160 516 1597 585 inveniuntur
1627 519 1696 585 in
1727 515 2107 585 rationibus

575 627 952 695 Aristotelis
979 633 1043 692 et
1071 624 1329 692 Caleni.

662 734 1069 823 Incipiamus
1142 742 1369 803 autem
1434 758 1616 802 nunc
1664 731 2122 799 determinare

574 843 747 910 hanc
788 839 1128 910 inductam
1179 844 1753 914 contrarietatem,
1817 838 2115 904 dicentes

571 949 752 1039 quod
794 949 863 1016 in
908 948 1186 1017 veritate
1242 951 1464 1038 prima
1495 945 1899 1036 praeparatio
1933 945 2114 1034 dige-

571 1057 808 1126 stionis
838 1057 1058 1124 ultimi
1097 1054 1225 1122 cibi
1266 1054 1378 1143 qui
1421 1063 1521 1119 est
1559 1055 1862 1143 sanguiS,
1902 1060 2006 1120 est
2045 1054 2114 1118 in

569 1165 834 1254 hepate,
877 1164 1049 1230 sicut
1087 1171 1150 1227 et
1185 1160 1253 1226 in
1303 1158 1656 1228 stomacho
1688 1162 1910 1250 prima
1940 1160 2116 1227 inci-

567 1274 666 1363 pit
691 1273 977 1362 digestio
1004 1271 1439 1339 nutrimenti:
1475 1269 1591 1337 sed
1632 1271 1702 1336 in
1759 1267 1961 1336 corde
2012 1278 2115 1336 est

569 1376 1140 1465 complementum
1177 1375 1571 1465 digestionis
1610 1374 1983 1463 sanguinis,
2029 1395 2114 1440 ex

571 1505 702 1574 qua
784 1482 1156 1572 digestione
1228 1483 1509 1572 sanguis
1575 1481 1864 1550 eflicitur
1919 1479 2111 1548 cibus

570 1590 1055 1659 membrorum.
1116 1589 1311 1668 Quod
1367 1598 1443 1655 ut
1481 1588 1726 1656 melius
1770 1588 2106 1663 videatur,

564 1707 830 1788 oportet
858 1698 1028 1766 seire
1088 1697 1271 1788 quod
1311 1697 1381 1764 in
1421 1697 1614 1764 venis
1680 1694 2111 1785 pulsantibus

568 1815 668 1875 est
696 1807 921 1874 minus
949 1806 1032 1874 de
1059 1806 1416 1895 sanguine,
1444 1813 1511 1872 et
1540 1802 1693 1894 plus
1724 1805 1806 1871 de
1836 1804 2104 1894 spiritu,

567 1923 633 1982 et
669 1920 770 1982 est
804 1914 1077 2001 sanguis
1107 1912 1364 1982 calidus
1411 1911 1746 2001 complete
1776 1911 2103 2001 digestus,

566 2027 630 2086 et
659 2019 727 2084 in
768 2038 904 2084 non
927 2016 1352 2107 pulsantibus
1383 2025 1484 2084 est
1513 2016 1791 2105 sanguis
1822 2014 2106 2096 multuS‚

566 2135 632 2194 et
660 2148 795 2193 non
833 2126 1130 2216 spirituS‚
1164 2125 1269 2192 vel
1310 2124 1506 2191 valde
1561 2146 1841 2213 paucus,
1886 2133 1952 2190 et
2010 2131 2112 2191 est

565 2235 841 2324 sanguis
878 2234 1126 2303 crudus
1164 2242 1229 2301 et
1259 2233 1676 2322 indigestus:
1750 2242 1817 2300 et
1869 2233 1938 2299 in
1997 2253 2114 2299 ex-

566 2344 869 2411 tensione
925 2364 1252 2409 venarum
1318 2340 1596 2430 pulsans
1653 2339 1910 2430 equitat
1969 2361 2107 2406 non

558 2448 966 2538 pulsantem,
1003 2456 1076 2515 ut
1109 2470 1192 2515 ex
1223 2447 1473 2515 virtute
1525 2446 1747 2514 cordis
1802 2468 1955 2538 quae
2008 2453 2112 2513 est

562 2559 630 2626 in
662 2558 993 2648 pulsante,
1028 2559 1302 2648 sanguis
1342 2560 1457 2649 qui
1497 2566 1600 2626 est
1637 2558 1706 2626 in
1746 2558 1975 2647 quieta
2005 2578 2107 2624 re·

565 2667 768 2756 cipiat
802 2665 1343 2757 complexionem
1383 2666 1822 2755 digestionis:
1872 2675 1938 2733 et
1977 2663 2110 2731 hoe

553 2775 696 2862 jam
728 2773 1058 2840 concessit
1088 2772 1383 2840 Galenus
1416 2796 1430 2839 :
1463 2782 1741 2862 propter
1770 2771 1953 2861 quod
1992 2793 2111 2860 pa-

562 2890 679 2960 tet,
723 2879 905 2970 quod
935 2880 1340 2969 principium
1400 2879 1801 2969 digestionis
1841 2880 1910 2946 in
1962 2887 2106 2947 toto

563 3009 843 3076 corpore
872 2994 973 3054 est
1017 2988 1233 3056 virtus
1262 2985 1507 3064 cordis,
1569 2995 1636 3054 et
1702 3009 1821 3076 per
1862 3008 2110 3054 conse-

565 3117 778 3185 quens
810 3118 979 3164 vena
1017 3117 1168 3188 qum
1205 3103 1301 3164 est
1363 3095 1537 3163 inter
1591 3118 1710 3163 cor
1747 3103 1813 3163 et
1868 3093 2105 3184 hepar,

564 3203 1072 3294 principiabitur
1098 3225 1142 3273 a
1168 3204 1395 3282 corde,
1431 3211 1497 3272 et
1525 3227 1665 3271 non
1697 3204 1781 3271 ab
1814 3201 2101 3293 hepate:

563 3314 885 3402 quoniam
924 3311 1107 3406 quod
1143 3322 1237 3379 est
1304 3314 1713 3403 principium
1780 3321 1845 3380 et
1900 3310 2112 3403 perli-

562 3421 748 3488 ciens
805 3421 1234 3509 sanguinem,
1284 3423 1411 3489 erit
1474 3421 1883 3511 principium
1924 3420 2109 3488 vasis

563 3526 913 3614 sanguinis
940 3525 1319 3596 deserentis.
1381 3525 1466 3594 Et
1514 3526 1639 3595 iste
1703 3535 1805 3594 est
1850 3525 2112 3593 intelle-

564 3645 711 3704 ctus
758 3634 1162 3706 Aristotelis.
1230 3632 1620 3703 Secundum
1656 3641 1886 3703 autem
1925 3632 2111 3703 hunc

564 3739 977 3810 intellectum
1017 3738 1228 3830 hepar
1257 3742 1497 3831 accipit
1526 3764 1565 3809 a
1620 3740 1851 3818 corde,
1893 3749 1959 3808 et
1990 3761 2112 3809 cor

565 3873 703 3918 non
732 3849 971 3938 accipit
1000 3845 1085 3915 ab
1125 3846 1390 3939 hepate.

652 3958 999 4026 Avicenna
1047 3966 1272 4025 autem
1314 3966 1449 4026 tam
1501 3956 1849 4025 Aristoteli
1898 3979 2109 4048 quam

568 4065 824 4135 (iah-no
890 4063 1285 4135 contradicit
1362 4066 1431 4133 in
1487 4064 1619 4134 hoc
1684 4063 1868 4157 quod
1920 4065 2107 4144 dicit,

567 4172 747 4263 quud
781 4173 848 4238 in
879 4172 1208 4262 principio
1236 4173 1696 4261 generationis
1727 4172 1944 4239 virtus
1975 4172 2114 4241 sor·

567 4280 818 4348 mativa
844 4302 927 4348 ex
960 4301 1093 4349 una
1125 4287 1310 4369 parte
1350 4281 1651 4348 materiai
1681 4279 1835 4348 lecit
1864 4302 2008 4356 cor,
2042 4288 2109 4347 et

562 4412 643 4457 ex
682 4390 814 4456 alia
843 4386 1075 4479 hepar,
1134 4397 1199 4456 et
1239 4397 1473 4481 postea
1528 4388 1884 4479 conjungit
1931 4389 2110 4457 inter

561 4519 640 4563 ea
669 4516 789 4584 per
823 4517 1030 4563 venas
1059 4517 1228 4585 quas
1246 4494 1399 4563 fecit
1428 4518 1511 4564 ex
1544 4495 1741 4563 tertia
1769 4502 2005 4585 parte:
2040 4503 2110 4564 et

566 4599 711 4669 haec
737 4623 943 4690 opera
973 4599 1130 4669 facit
1157 4600 1386 4683 simul,
1409 4610 1475 4670 et
1507 4623 1645 4669 non
1680 4601 2103 4669 successive:

566 4710 681 4778 scd
713 4720 812 4779 est
842 4711 911 4778 in
950 4711 1046 4779 eis
1070 4709 1239 4779 ordo
1277 4719 1534 4779 naturae
1571 4720 1639 4779 et
1673 4734 1812 4779 non
1851 4719 2111 4801 tempo·

567 4818 678 4882 ris.
717 4815 786 4882 Si
820 4816 999 4883 enim
1031 4818 1129 4885 sic
1164 4817 1378 4886 divisa
1418 4825 1577 4884 sunt
1636 4818 1942 4884 membra
1996 4839 2110 4885 se-

562 4926 854 4993 cundum
886 4924 1386 4993 distinctionem
1428 4926 1722 5016 partium
1756 4925 2058 4993 materiae
2087 4947 2102 4990 :

567 5041 727 5102 tunc
762 5031 994 5101 divisoe
1059 5040 1255 5102 erunt
1294 5033 1726 5125 operationes
1763 5031 2107 5100 membro·

567 5131 1086 5219 rum,et‘unum
1124 5141 1588 5209 membrorum
1645 5162 1785 5208 non
1851 5139 2110 5231 indiget

563 5252 722 5327 alio,
756 5252 938 5342 quod
968 5260 1070 5322 est
1120 5260 1354 5321 contra
1390 5252 1826 5321 Aristotelem
1859 5260 1925 5319 et
1965 5252 2108 5319 Ga-

560 5358 815 5427 lenum.

647 5464 884 5533 Adhuc
949 5473 1174 5534 autem
1239 5488 1378 5536 non
1445 5465 1757 5535 videmus
1796 5472 2105 5533 naturam

559 5571 655 5639 sie
679 5571 969 5660 operari,
1001 5569 1186 5660 quod
1213 5571 1417 5642 simul
1446 5571 1647 5639 faciat
1675 5570 1846 5638 duas
1874 5577 2103 5660 partes

554 5679 624 5746 in
654 5678 903 5769 plantis
930 5678 1038 5748 vel
1091 5678 1527 5758 animalibus,
1568 5686 1638 5748 et
1690 5678 1966 5748 divisim
1993 5677 2104 5746 fa-

1557 346 1640 414 D.
1693 345 1892 413 ALB.
1946 343 2164 414 MAG.

2219 343 2423 414 ORD.
2481 346 2776 415 PRAED.

2232 522 2371 582 ctas
2417 524 2650 604 postea
2706 519 3123 606 conjungat:
3190 520 3350 608 quia
3388 542 3517 586 nos
3573 542 3777 586 sensu

2226 620 2537 687 videmus
2565 623 2635 688 in
2665 622 3021 689 arboribus
3066 647 3183 691 cor
3210 627 3436 714 primo
3467 628 3773 705 formari,

2229 734 2294 793 et
2315 750 2396 794 ex
2421 727 2535 794 illo
2569 727 2711 795 fieri
2739 730 3085 797 membra:
3135 737 3201 797 et
3242 753 3325 800 ea
3370 756 3523 822 quae
3561 733 3779 802 divisa

2227 841 2407 915 sunt,
2439 835 2749 903 videmus
2780 861 2916 904 non
2958 838 3285 928 conjungi
3340 848 3603 928 postea,
3648 842 3781 907 nisi

2224 963 2345 1030 per
2382 942 2711 1020 aecidenS,
2762 945 2935 1010 sicut
2960 944 3196 1010 unitur
3247 967 3479 1011 ramus
3522 944 3781 1012 divisus

2225 1072 2381 1117 cum
2409 1050 2642 1140 planta
2686 1074 2806 1140 per
2853 1054 3322 1119 insertionem.
3358 1052 3522 1120 Haec
3571 1053 3781 1143 igitur

2224 1164 2382 1222 sunt
2411 1180 2559 1246 quae
2623 1156 2705 1223 de
2770 1158 3302 1227 contradictione
3359 1159 3491 1226 ista
3557 1161 3778 1227 dicere

2223 1259 2646 1330 volebamus».
2692 1260 2782 1328 Os
2830 1271 3056 1329 autem
3099 1261 3284 1352 quod
3324 1264 3672 1331 invenitur
3706 1264 3777 1331 in

2223 1367 2448 1451 corde,
2491 1368 2860 1436 secundum
2893 1369 3332 1438 Aristotelem
3372 1392 3512 1438 non
3552 1378 3653 1439 est
3711 1370 3780 1440 iu

2220 1477 2393 1567 ipso,
2427 1477 2555 1544 nisi
2586 1486 2660 1545 ut
2689 1479 2771 1544 sit
2804 1478 3324 1546 fundamentum
3360 1486 3591 1546 motus
3621 1501 3781 1548 cor-

2221 1585 2347 1653 dis.

2305 1691 2699 1759 Aristoteles
2734 1693 2937 1760 etiam
2969 1693 3161 1771 dixit,
3206 1693 3395 1784 quod
3460 1693 3772 1783 quaedam

2218 1798 2541 1867 animalia
2567 1799 2636 1866 in
2668 1800 2870 1867 corde
2892 1799 3145 1868 habent
3168 1809 3304 1868 tres
3325 1801 3773 1880 ventriculos,

2220 1915 2285 1975 et
2311 1907 2618 1996 quaedam
2648 1907 2844 1985 duos,
2914 1917 2978 1976 et
3035 1908 3350 1999 quaedam
3410 1930 3669 1975 unum:
3705 1917 3772 1977 et

2220 2013 2334 2082 illa
2364 2015 2637 2105 quidem
2668 2038 2816 2105 quze
2847 2015 3099 2084 hahent
3128 2025 3292 2094 tres,
3327 2017 3486 2084 ideo
3516 2015 3772 2085 habent

2218 2133 2290 2192 ut
2328 2126 2876 2213 proportionetur
2907 2125 2975 2190 in
3007 2125 3106 2191 eis
3164 2124 3456 2214 digestio
3497 2125 3773 2213 sangui-

2221 2233 2325 2299 nis
2362 2234 2581 2322 grossi
2621 2241 2685 2299 et
2724 2231 2991 2299 subtilis
3034 2240 3100 2298 et
3157 2233 3544 2308 mediocris,
3599 2233 3773 2300 sicut

2218 2341 2515 2408 diximus
2546 2341 2614 2407 in
2652 2341 2875 2407 cordis
2905 2342 3289 2408 anatomia.
3340 2340 3508 2419 Quae
3541 2349 3769 2408 autem

2223 2447 2476 2516 hahent
2522 2448 2715 2520 duos,
2786 2447 3036 2515 habent
3089 2471 3207 2515 eos
3262 2456 3542 2539 propter
3604 2448 3772 2516 duas

2223 2565 2449 2648 partes
2504 2579 2782 2625 suorum
2848 2579 3238 2647 corporum.
3310 2556 3479 2635 Qum
3543 2563 3767 2624 autem

2216 2664 2467 2732 habent
2503 2687 2739 2745 unum,
2773 2673 2930 2730 sunt
2959 2663 3203 2753 frigida
3251 2673 3319 2731 et
3358 2687 3595 2756 grossa
3636 2687 3770 2730 nu-

2215 2773 2534 2839 triuntur.
2569 2771 2863 2839 Galenus
2892 2778 3119 2838 autem
3151 2772 3345 2850 dixit,
3389 2771 3570 2862 quod
3611 2771 3771 2839 nul-

2215 2880 2320 2946 lus
2369 2878 2573 2946 habet
2628 2886 2764 2945 tres
2814 2879 3270 2946 ventriculos:
3319 2888 3550 2947 tamen
3608 2902 3770 2947 con-

2214 2989 2411 3055 cessit
2443 2988 2511 3053 in
2550 2985 2775 3052 medio
2815 2986 3108 3053 duorum
3159 3010 3307 3054 esse
3360 2986 3657 3064 foveam,
3700 2998 3767 3055 et

2214 3093 2344 3163 hoc
2372 3093 2457 3160 ad
2491 3094 2664 3161 idem
2698 3092 2889 3160 redit.
2962 3092 3262 3162 Galenus
3319 3095 3529 3162 etiam
3597 3093 3767 3161 dixit

2214 3202 2397 3296 quod
2426 3201 2674 3270 animal
2708 3226 2844 3269 nnn
2879 3201 3137 3269 hahens
3161 3202 3591 3293 pulmonem,
3626 3227 3766 3271 non

2216 3310 2419 3378 habet
2474 3310 2783 3377 dextrum
2850 3309 3070 3377 cordis
3124 3311 3617 3390 ventriculum,
3684 3336 3765 3378 eu

2214 3417 2398 3509 quod
2429 3441 2564 3484 non
2597 3415 2852 3505 indiget
2889 3419 3222 3507 sanguine
3266 3417 3497 3487 subtili
3536 3420 3603 3486 in
3634 3442 3770 3484 nu-

2213 3526 2609 3595 trimentu-i
2698 3524 3046 3616 pulmonis
3119 3527 3507 3615 praeparati.
3579 3526 3766 3593 Dixit

2214 3635 2416 3702 etiam
2450 3632 2963 3722 Galenus,quod
2984 3655 3190 3700 omne
3220 3631 3475 3700 animal
3505 3630 3766 3701 habens

2214 3763 2335 3809 cor
2362 3763 2686 3829 magnum
2716 3763 2921 3831 supra
2961 3764 3067 3807 res
3134 3742 3236 3806 sui
3297 3740 3595 3830 generis,
3666 3752 3768 3810 est

2214 3850 2645 3916 timorosum.
2681 3846 2825 3915 vim
2865 3856 3094 3915 autem
3138 3845 3321 3914 illius
3349 3847 3576 3916 cordis
3605 3859 3766 3917 suut

2214 3957 2483 4048 amplae,
2508 3967 2568 4024 et
2593 3957 2780 4024 locus
2808 3957 3031 4024 cordis
3064 3979 3383 4047 mugnus,
3444 3965 3515 4025 et
3580 3958 3768 4025 calor

2212 4089 2497 4158 paucus,
2531 4074 2592 4132 et
2627 4087 2762 4131 nou
2806 4072 3026 4154 potest
3065 4063 3435 4131 calefacere
3482 4066 3771 4155 sangui-

2215 4198 2403 4253 nem,
2461 4176 2631 4242 sicut
2694 4173 2936 4242 accidit
3000 4175 3066 4239 in
3124 4172 3405 4240 animali
3466 4173 3766 4264 quodam

2213 4281 2399 4373 quod
2428 4281 2647 4348 simile
2677 4289 2776 4348 est
2804 4290 3009 4357 catto,
3039 4279 3223 4369 quod
3251 4279 3766 4347 timidissimum

2213 4399 2340 4459 est.
2373 4390 2646 4458 Animal
2701 4400 2929 4458 autem
2996 4390 3179 4481 quod
3219 4388 3427 4458 habet
3470 4411 3593 4458 cor
3629 4412 3770 4457 me·

2213 4497 2468 4580 diocre,
2508 4506 2608 4566 est
2636 4498 2880 4566 audax.
2952 4497 3193 4565 Adhuc
3246 4507 3477 4565 autem
3508 4496 3765 4566 arnimal

2213 4606 2586 4675 secundum
2618 4628 2817 4672 suum
2849 4628 3067 4695 genus
3115 4602 3380 4672 habens
3433 4626 3555 4672 cor
3609 4626 3763 4671 ma-

2213 4736 2452 4801 gnum,
2508 4723 2571 4780 et
2619 4712 2913 4781 calorem
2961 4711 3286 4790 multum,
3346 4719 3447 4778 est
3506 4710 3763 4778 animal

2214 4843 2352 4888 non
2391 4822 2667 4911 pingue.
2704 4820 2817 4886 sml
2870 4840 3216 4887 macrum:
3289 4818 3619 4908 quoniam
3660 4841 3766 4885 ca·

2215 4928 2317 4995 lor
2354 4949 2645 5018 magnus
2676 4950 2795 5019 per
2832 4926 3094 5017 amplas
3124 4927 3271 4992 vias
3312 4924 3539 4993 cordis
3567 4946 3768 5015 egre-

2210 5035 2427 5111 diens,
2509 5036 2844 5102 consumit
2930 5032 3355 5123 superfluum
3424 5052 3764 5122 aquosum

2212 5143 2393 5236 quod
2426 5152 2525 5210 est
2592 5144 2660 5209 in
2703 5142 3119 5209 nutrimento
3190 5140 3443 5230 ipsius:
3500 5147 3566 5207 et
3611 5137 3764 5206 ideo

2209 5250 2472 5320 tollitur
2498 5249 2928 5341 pinguedinis
2958 5249 3264 5316 materia.

2299 5357 2458 5427 naec
2491 5358 2694 5449 igitur
2721 5365 2817 5423 est
2858 5355 3191 5423 sententia
3234 5352 3559 5421 Averrois
3622 5360 3761 5420 tam

2210 5475 2442 5536 contra
2476 5466 2890 5534 Avicennam
2925 5488 3128 5555 quam
3162 5471 3398 5531 contra
3420 5462 3759 5532 Galenum

2208 5594 2334 5662 pro
2372 5567 2734 5638 Aristotele
2763 5568 3050 5659 prolata.
