4919 6371
1953 426 2118 492 Llss.
2173 425 2264 491 IV
2313 424 2429 490 DE
2482 422 3071 507 ANIMALIBUS,
3121 429 3430 498 TRAsz‘l’.
3488 431 3549 497 11

1147 619 1302 686 que,
1346 593 1602 661 scilicet
1640 592 1850 670 visus,
1885 591 2176 668 audituS,
2236 600 2498 681 gustus,
2535 593 2697 660 odo-

1143 712 1354 780 ratuS‚
1405 707 1470 767 et
1533 705 1778 766 tactus.
1846 695 1982 765 Sed
2047 696 2189 767 haec
2246 701 2695 769 instrumenta

1147 809 1379 877 omnia
1454 805 1660 873 habet
1736 803 1969 887 homo,
2039 816 2103 874 et
2179 831 2381 876 omne
2440 806 2691 875 animal

1147 913 1497 1008 gressibile
1530 913 1788 981 habens
1828 918 2228 1007 sanguinem
2261 927 2327 986 et
2363 939 2694 1009 generans

1147 1025 1218 1090 in
1260 1030 1452 1090 utero
1493 1022 1621 1090 sibi
1662 1023 1883 1093 simile
1932 1026 2208 1105 animal,
2251 1027 2379 1092 nisi
2440 1022 2695 1113 aliquid

1149 1135 1237 1201 sit
1268 1133 1452 1224 quod
1500 1133 1673 1202 forte
1703 1135 1977 1226 aliquod
2006 1136 2251 1203 habeat
2282 1137 2696 1202 instrumen-

1146 1250 1376 1308 torum
1408 1243 1695 1310 istorum
1736 1243 2172 1322 diminutum,
2207 1251 2281 1308 ut
2319 1265 2533 1333 genus
2563 1243 2697 1310 tal-

1145 1361 1249 1440 'poe
1280 1374 1303 1419 .·
1343 1348 1476 1419 hoc
1502 1352 1684 1418 enim
1716 1350 1967 1418 animal
2009 1373 2147 1417 non
2197 1348 2397 1418 habet
2435 1353 2686 1429 visum,

1145 1482 1226 1526 eo
1261 1459 1441 1550 quod
1485 1461 1857 1550 perfectum
1924 1482 2059 1526 non
2129 1459 2329 1528 habet
2386 1462 2688 1541 oculum,

1141 1576 1371 1635 tamen
1412 1566 1689 1637 oculum
1720 1565 1921 1635 habet
1978 1568 2469 1659 imperfectum,
2515 1594 2693 1662 quo-

1140 1676 1327 1742 niam
1369 1675 1424 1742 si
1458 1675 1843 1742 excoriatur
1872 1675 2065 1766 pellis
2104 1699 2255 1767 qua}
2307 1678 2553 1746 directe
2593 1687 2690 1745 est

1141 1806 1348 1875 super
1386 1783 1649 1861 oculos,
1686 1785 2027 1853 invenitur
2057 1787 2125 1854 in
2178 1786 2327 1854 loco
2367 1787 2542 1854 oculi
2575 1787 2694 1853 ali-

1144 1888 1309 1979 quid
1338 1888 1560 1957 simile
1599 1890 1927 1958 creationi
1977 1890 2329 1958 oculorum
2363 1913 2378 1957 :
2412 1892 2692 1959 manife-

1142 2003 1360 2063 statur
1397 1997 1582 2064 enim
1614 1996 1705 2062 ibi
1750 1995 2002 2087 aliquid
2070 1998 2138 2064 in
2204 2019 2401 2065 earne.
2459 1997 2541 2065 de
2582 2000 2692 2065 ni-

1140 2104 1403 2196 gridine
1437 2102 1643 2183 oculi,
1686 2113 1744 2170 et
1817 2103 1896 2170 de
1956 2127 2031 2172 ea
2107 2105 2483 2174 substantia
2540 2129 2688 2197 quae

1140 2220 1237 2280 est
1280 2214 1454 2281 sicut
1485 2212 1665 2280 acies
1709 2213 1776 2279 in
1820 2213 2045 2281 medio
2077 2213 2429 2281 oculorum
2462 2215 2691 2281 consi-

1138 2330 1348 2400 stens,
1412 2345 1564 2414 quoe
1616 2331 1901 2391 vocatur
1957 2325 2142 2391 oculi
2190 2325 2501 2418 pupilla,
2569 2325 2686 2393 sed

1137 2453 1274 2498 non
1305 2437 1406 2498 est
1437 2430 1731 2499 adunata
1798 2439 1859 2499 et
1928 2432 2213 2500 formata
2279 2434 2347 2500 in
2413 2431 2684 2501 oculum

1139 2546 1420 2628 propter
1449 2539 2028 2628 imperfectionem
2067 2539 2420 2608 animalis:
2467 2564 2548 2609 ex
2582 2550 2690 2608 ta-

1135 2643 1182 2712 li
1223 2647 1407 2713 enim
1440 2646 1797 2714 occasione
1826 2670 2030 2738 quam
2062 2646 2261 2716 habet
2302 2671 2340 2715 a
2379 2658 2685 2738 tempore

1136 2752 1593 2843 generationis
1624 2777 1762 2822 suae
1790 2763 1855 2822 et
1892 2763 2122 2844 partus
2152 2764 2216 2823 et
2246 2756 2386 2823 suis
2441 2758 2683 2846 prinei·

1137 2860 1267 2951 piis
1295 2864 1805 2952 generantibus,
1841 2863 2079 2932 accidit
2111 2865 2206 2932 eis
2247 2864 2519 2933 oculum
2544 2888 2681 2933 nnn

1137 2968 1387 3040 habere
1427 2971 1819 3047 formatum,
1873 2975 2185 3064 quamvis
2252 2998 2386 3041 non
2463 2984 2683 3043 careat

1134 3080 1416 3148 omnino
1446 3079 1822 3149 substantia
1863 3081 2064 3150 oculi.

1225 3188 1515 3279 Oportet
1554 3198 1782 3258 autem
1822 3193 2017 3270 seire,
2086 3193 2266 3284 quod
2325 3217 2360 3260 a
2400 3193 2677 3262 cerebro

1130 3303 1388 3364 exeunt
1420 3296 1574 3365 duze
1613 3299 1742 3365 vim
1785 3299 1928 3367 sive
1969 3300 2103 3368 duo
2144 3302 2332 3369 nervi
2398 3304 2676 3371 concavi

1131 3404 1363 3486 sortes,
1410 3415 1472 3474 et
1514 3408 1921 3497 perveniunt
1960 3410 2040 3477 ad
2101 3410 2392 3478 radicem
2439 3411 2680 3479 oeulo-

1129 3536 1306 3591 rum,
1342 3521 1408 3582 et
1446 3514 1579 3581 alia
1621 3515 1823 3583 etiam
1853 3518 1964 3585 via
2003 3521 2309 3608 pervenit
2383 3521 2452 3588 in
2520 3520 2677 3588 ani-

1127 3619 1290 3688 mali
1323 3619 1601 3689 habenti
1634 3624 1896 3691 culmos
1935 3624 2017 3692 ad
2087 3625 2339 3694 radices
2403 3626 2675 3695 culmo-

1128 3752 1304 3797 rum.
1340 3731 1686 3800 Animalia
1724 3734 1905 3801 enim
1948 3732 2197 3804 habent
2251 3760 2525 3805 sensum
2554 3762 2674 3829 per

1122 3861 1328 3930 quem
1355 3841 1792 3932 cognoscitur
1828 3842 2178 3912 diversitas
2242 3844 2575 3923 colorum,
2606 3856 2668 3915 et

1116 3940 1364 4013 habent
1399 3968 1678 4014 sensum
1729 3946 1937 4016 alium
1981 3972 2103 4039 per
2156 3973 2357 4042 quem
2418 3974 2671 4042 cognu-

1110 4053 1322 4120 sritur
1404 4053 1762 4122 diversitas
1819 4078 2170 4127 smmrum.
2253 4068 2313 4126 et
2411 4058 2661 4128 habent

1109 4162 1315 4228 ctiam
1357 4184 1635 4230 sensum
1700 4162 2021 4233 odoratus
2079 4176 2141 4233 et
2208 4176 2469 4258 gustus.
2530 4167 2664 4235 Sed

1102 4287 1349 4335 sensus
1379 4276 1603 4338 tactus
1634 4271 1980 4339 invenitur
2026 4274 2094 4342 in
2139 4274 2456 4342 omnibus·
2505 4298 2662 4342 nu»-

1102 4370 1208 4437 dis
1252 4372 1682 4442 animalium.

1186 4477 1627 4550 Manifestum
1693 4484 1876 4551 enim
1916 4493 2038 4560 est,
2081 4487 2266 4577 quod
2305 4489 2487 4556 modi
2558 4490 2659 4580 pi-

1097 4586 1313 4655 scium
1369 4591 1675 4658 sentiunt
1737 4613 1858 4681 per
1911 4600 2183 4683 gustum
2239 4615 2256 4661 :
2326 4595 2654 4686 quoniam

1095 4692 1326 4786 plures
1364 4720 1605 4765 eorum
1638 4698 1925 4790 diligunt
1990 4702 2249 4794 aliquid
2306 4707 2654 4795 cognitum

1099 4805 1166 4872 in
1209 4804 1388 4883 riho,
1431 4830 1555 4896 per
1623 4809 1806 4900 quud
1858 4810 2062 4878 etiam
2128 4813 2494 4903 piscatores
2533 4837 2656 4881 ve-

1097 4921 1351 4982 nantur
1378 4939 1521 4995 eos,
1556 4916 1730 4986 sicut
1768 4917 1955 4985 albas
1986 4941 2252 4987 muscas
2291 4922 2433 4989 sive
2496 4946 2654 4990 mu-

1094 5021 1416 5090 sciliones
1510 5047 1661 5116 quae
1735 5026 1802 5093 in
1888 5050 2041 5093 sero
2124 5027 2353 5098 volant
2448 5054 2652 5123 super

1092 5150 1371 5219 aquam,
1417 5130 1710 5199 multum
1768 5132 2080 5219 diligunt,
2125 5143 2192 5203 et
2251 5135 2501 5206 intrant
2582 5139 2649 5205 in

1086 5236 1427 5325 gurgulia.
1493 5239 1817 5330 quoniam
1873 5242 2306 5309 tnusriliones
2368 5243 2463 5312 illi
2505 5245 2649 5312 alli·

1082 5350 1336 5425 gantur
1399 5345 1780 5436 gurguliis:
1859 5358 1923 5416 et
1973 5350 2322 5418 Aviccnna
2351 5351 2514 5421 dicit
2570 5376 2643 5423 se

1081 5450 1363 5533 vidisse,
1398 5453 1587 5544 quod
1624 5455 1709 5522 ad
1740 5455 1842 5524 lac
1872 5456 2157 5546 ligatum
2189 5459 2257 5527 in
2292 5460 2547 5528 retibus
2577 5470 2644 5532 et

4237 435 4362 500 287

2801 593 3096 672 auditus,
3134 618 3214 662 eo
3247 597 3430 686 quod
3460 620 3581 687 per
3620 598 3842 687 ipsum
3877 599 4161 664 intraret
4189 621 4366 688 aqua

2800 701 3006 768 nimis
3039 703 3106 767 in
3138 703 3553 793 profundum
3595 706 3858 795 capitiS‚
3906 714 3972 773 et
4010 705 4368 796 infrigida-

2800 818 3036 877 rentur
3065 817 3129 876 et
3169 823 3600 879 morerentur
3633 835 3647 878 :
3687 816 3845 903 quia
3878 824 4111 883 tamen
4164 814 4362 882 multi

2800 918 3190 983 moriuntur
3211 941 3293 985 ex
3316 920 3553 1010 capitis
3577 921 3788 986 nimia
3829 920 4358 1012 infrigidatione.

2891 1024 3136 1094 Adhuc
3164 1035 3395 1095 autem
3429 1028 3665 1097 inutile
3717 1037 3895 1096 esset
3945 1030 4363 1097 instrumen-

2802 1139 2976 1213 tum,
3023 1134 3183 1223 quia
3221 1158 3363 1202 non
3423 1138 3891 1205 contineretur
3929 1137 4001 1204 in
4060 1137 4208 1227 ipso
4250 1159 4366 1205 aer

2801 1242 3131 1332 recipiens
3179 1267 3427 1311 sonum
3464 1268 3478 1310 ε
3533 1245 3651 1312 sed
3691 1248 3919 1335 potius
3949 1245 4364 1315 subintraret

2802 1373 2979 1441 aqua
3018 1360 3083 1419 ct
3133 1352 3402 1419 inferret
3447 1351 3797 1421 laesionem
3835 1376 3849 1420 ε
3915 1363 3983 1422 et
4025 1353 4184 1423 licet
4218 1378 4360 1423 non

2802 1457 3094 1527 habeant
3169 1485 3392 1540 aureS,
3463 1471 3696 1529 tamen
3762 1463 4053 1530 audiunt
4126 1486 4356 1542 εοιιοε,

2798 1566 2975 1633 sicut
3004 1565 3281 1634 inferius
3309 1590 3555 1657 parum
3598 1569 4067 1650 ostendemus.

2892 1673 3223 1741 Similiter
3252 1685 3483 1743 autem
3506 1684 3572 1743 et
3595 1677 4129 1745 instrumentum
4150 1677 4363 1768 perfe-

2796 1789 2981 1850 ctum
3015 1782 3301 1851 olfactus
3332 1806 3471 1851 non
3515 1782 3772 1852 habent
3812 1784 3997 1854 modi
4040 1786 4355 1876 piscium,

2796 1910 2881 1954 ne
2934 1910 3110 1978 aqua
3167 1887 3500 1956 subintret
3567 1890 3638 1956 in
3696 1889 4054 1958 cerebrum
4095 1898 4162 1959 et
4215 1914 4360 1959 cor-

2797 2003 3068 2084 rumpat
3110 1995 3332 2085 ipsum
3371 2019 3387 2063 :
3457 2003 3524 2062 et
3577 1996 3763 2086 quod
3804 2006 4049 2087 putant
4077 1997 4355 2088 quidam

2794 2100 3134 2184 homines,
3232 2103 3417 2193 quod
3485 2101 3740 2171 habent
3820 2105 4354 2174 instrumentum

2792 2232 3033 2276 sensus
3062 2210 3387 2278 odoratus
3418 2234 3539 2301 per
3567 2212 3751 2279 viam
3799 2212 3975 2290 nasi,
4038 2210 4208 2280 nihil
4254 2221 4356 2281 est

2792 2321 3101 2397 omnino,
3139 2321 3470 2412 quoniam
3504 2320 3695 2388 nulla
3731 2321 3847 2388 via
3894 2320 4168 2389 illarum
4210 2345 4359 2412 per-

2790 2429 2995 2520 tingit
3015 2452 3230 2521 usque
3262 2429 3349 2498 ad
3379 2429 3752 2498 medullam
3794 2429 4080 2498 cerebri.
4120 2429 4256 2498 Sed
4285 2431 4356 2498 in

2790 2535 3194 2627 quibusdam
3273 2538 3403 2604 viae
3463 2536 3595 2605 illae
3663 2545 3825 2605 sunt
3880 2544 4110 2616 rectoe,
4165 2546 4356 2607 extra

2790 2654 3056 2714 tantum
3095 2655 3528 2738 apparentes,
3561 2648 3720 2714 etin
3751 2646 4163 2738 quibusdam
4204 2671 4352 2739 per-

2791 2755 3060 2844 tingunt
3086 2755 3171 2822 ad
3202 2753 3541 2823 branchos
3580 2762 3646 2823 et
3681 2778 3819 2822 non
3851 2755 3938 2824 ad
3964 2756 4346 2825 cerebrum.

2791 2859 2926 2927 Sed
2974 2868 3202 2927 tamen
3244 2860 3688 2928 manifestum
3748 2859 4068 2951 estquod
4098 2883 4351 2951 genera

2785 2971 3074 3060 piscium
3115 2972 3405 3039 odorant
3446 2981 3510 3039 et
3540 2971 3854 3039 audiunt.

2878 3079 3167 3170 Signum
3200 3090 3427 3148 autem
3462 3079 3733 3147 auditus
3754 3103 3997 3149 eorum
4031 3089 4156 3161 est,
4183 3104 4348 3173 quo·

2786 3189 2969 3255 niam
3009 3212 3186 3279 saepe
3209 3188 3523 3257 videmus
3555 3190 3739 3279 ipsos
3788 3189 4025 3281 fugere
4092 3213 4134 3259 a
4172 3213 4344 3259 sono

2784 3304 2852 3363 et
2888 3295 3173 3363 vocibus
3203 3296 3474 3385 magnis
3528 3305 3596 3364 et
3634 3319 3889 3365 sonoro
3920 3296 4206 3388 strepitu
4238 3321 4350 3364 re-

2784 3405 3155 3494 migiorum
3223 3405 3504 3472 navium
3552 3425 3568 3472 :
3627 3412 3695 3472 et
3761 3403 3917 3473 ideo
3976 3406 4347 3495 piscatores

2780 3535 2937 3579 eum
2967 3520 3308 3580 venantur
3325 3536 3471 3592 eos,
3497 3511 3740 3580 leviter
3772 3520 4058 3580 movent
4090 3535 4339 3582 remos.

2779 3619 2958 3689 Dicit
2987 3630 3215 3690 autem
3264 3622 3620 3690 Avicenna
3674 3621 3862 3712 quod
3899 3620 4073 3689 vidit
4129 3621 4345 3712 quod-

2777 3730 2934 3798 dam
2987 3753 3204 3822 genus
3260 3731 3550 3821 piscium
3617 3730 3853 3799 venire
3926 3729 4013 3799 ad
4089 3752 4339 3800 sonum

2772 3862 3124 3929 campanie
3152 3861 3168 3906 ε
3203 3846 3266 3906 et
3304 3860 3463 3908 cum
3497 3837 3747 3908 desinit
3772 3861 4012 3923 sonus,
4038 3836 4335 3908 recedit:

2772 3958 2835 4015 et
2868 3946 2997 4015 hoe
3027 3947 3207 4038 apud
3247 3969 3374 4014 nus
3432 3946 3518 4015 ab
3575 3946 3899 4015 omnibus
3938 3944 4338 4016 hominibus

2771 4063 3009 4123 notum
3039 4064 3139 4123 est
3174 4056 3240 4121 in
3283 4056 3456 4122 mari
3523 4053 3884 4132 Flandriw,
3923 4047 4331 4133 llrabantiae‚

2770 4171 2837 4231 et
2875 4163 3257 4230 Germania.-
3287 4161 3656 4244 inferioris,
3689 4161 3874 4253 quod
3942 4162 4148 4252 piscis
4185 4160 4338 4253 pul·

2768 4270 3146 4339 cherrimus
3211 4272 3328 4362 qui
3397 4271 3636 4361 lingua
3711 4269 3806 4337 ibi
3873 4267 4333 4338 habitantium

2767 4379 2920 4447 unit
2981 4387 3288 4457 vocatur,
3354 4386 3420 4445 et
3479 4378 3890 4446 intrinsecus
3943 4384 4053 4446 est
4099 4376 4334 4446 multae

2763 4488 3211 4579 spinositatis‚
3253 4509 3412 4555 cum
3443 4510 3653 4578 grege
3683 4487 3877 4555 venit
3915 4486 4003 4555 ad
4025 4490 4332 4556 sonitum

2763 4597 3077 4664 nolarum
3110 4603 3229 4664 aut
3262 4594 3738 4688 cymbalorum
3761 4596 4111 4664 autetiam
4140 4619 4327 4666 cam-

2758 4729 3093 4799 panarum
3125 4728 3516 4797 parvarum.
3559 4700 3950 4774 Extendunt
3992 4699 4178 4774 enim
4217 4707 4331 4796 pi-

2759 4824 3055 4883 scatores
3086 4814 3263 4883 eirca
3293 4813 3499 4881 linem
3540 4810 3723 4881 veris
3766 4812 3835 4880 in
3869 4809 4053 4880 Maio
4094 4811 4324 4881 funem

2757 4944 2963 5014 super
2991 4942 3268 5014 aquam,
3309 4928 3378 4989 et
3415 4919 3699 5011 alligant
3731 4918 4220 5012 campanellas,
4255 4929 4326 4990 et

2754 5055 2913 5101 cum
2945 5039 3218 5112 sonant,
3251 5031 3438 5100 venit
3480 5032 3683 5124 piscis
3715 5029 3827 5100 ille
3885 5052 4045 5099 cum
4114 5052 4323 5121 grege

2752 5139 2859 5206 sui
2892 5139 3159 5231 generis
3197 5139 3267 5207 in
3308 5138 3502 5206 retia.
3539 5136 3846 5204 Audiunt
3886 5135 4071 5204 enim
4114 5158 4322 5206 sonos

2752 5269 2996 5316 omnes
3035 5247 3220 5316 modi
3252 5247 3568 5338 piscium,
3602 5252 3669 5313 et
3698 5242 3833 5313 hoc
3877 5242 4320 5314 inanil'estum

2751 5364 2854 5424 est
2884 5355 2953 5423 in
2980 5357 3347 5423 venatione
3387 5350 3875 5443 delphinorum
3913 5372 3928 5418 ε
3973 5348 4103 5418 hos
4133 5353 4319 5420 enim

2751 5461 3029 5554 quando
3066 5461 3443 5553 piscatores
3489 5459 3727 5527 venari
3765 5457 4158 5538 intendunt,
4191 5459 4320 5528 cir·

1076 5559 1416 5649 gurguliis
1473 5561 1875 5632 festinanter
1938 5567 2217 5634 veniunt
2267 5570 2511 5661 pisces,
2573 5579 2639 5638 et
2745 5570 3073 5638 cumdant
3140 5568 3351 5661 ipsos,
3393 5577 3461 5637 et
3517 5565 3908 5658 percutiunt
3966 5564 4173 5657 lignis
4212 5566 4319 5633 l'a-

1077 5667 1444 5758 capiuntur
1460 5668 1663 5758 juxta
1693 5670 1938 5762 ipsum.
1966 5669 2103 5740 Sed
2133 5673 2317 5742 modi
2347 5676 2638 5767 piscium
2742 5679 2998 5748 cientes
3037 5700 3246 5749 sonos
3277 5679 3628 5755 continue,
3658 5684 3727 5746 et
3760 5684 4135 5768 postquam
4172 5682 4318 5745 ter-

1082 5797 1220 5843 non
1290 5775 1546 5848 habent
1619 5781 2049 5851 manifestum
2108 5782 2637 5856 instrumentum
2744 5797 2978 5858 rentur
3004 5809 3177 5858 sono
3216 5783 3480 5856 ictuum
3509 5783 3813 5864 illorum,
3882 5782 4140 5854 cadunt
4192 5780 4317 5850 ali·
