4919 6371
2034 412 2204 482 LlB.
2256 412 2287 479 Ι
2332 412 2451 479 DE
2499 409 3088 489 ANIMALIBUs,
3140 411 3449 479 'rRAc'r.
3507 412 3564 477 11
4319 418 4401 484 89

1180 589 1280 654 ‹1ae
1318 585 1684 675 pertransit
1724 585 2085 676 originem,
2131 592 2195 651 et
2246 590 2478 671 postea
2542 601 2740 644 man-

1178 695 1294 762 dat
1330 692 1662 760 chordam
1695 695 1831 760 ossi
1872 692 2160 784 polliciS,
2204 698 2270 756 et
2307 689 2530 776 ipsum
2576 685 2742 753 dila-

1186 811 1282 868 tat
1316 824 1476 869 cum
1517 804 2023 870 transversione
2053 798 2136 865 ad
2173 794 2645 862 domesticum.

1267 910 1464 978 Alius
1530 911 1740 980 etiam
1796 931 1838 975 a
1910 907 2128 996 eapite
2184 926 2367 972 coxae
2440 903 2734 970 silvestri

1184 1028 1372 1109 parte
1433 1021 1654 1088 oritur
1691 1025 1759 1083 et
1786 1037 1943 1083 cum
1981 1036 2117 1082 uno
2147 1011 2433 1080 duorum
2467 1034 2744 1079 muscu-

1184 1128 1312 1206 lus,
1358 1123 1835 1195 musculorum
1901 1124 1987 1191 ad
2023 1123 2347 1214 poplitem
2393 1122 2744 1210 pertinen-

1186 1237 1355 1301 tium
1403 1231 1869 1310 continuatur,
1921 1239 1987 1299 et
2025 1227 2263 1297 deinde
2312 1226 2395 1294 ab
2435 1248 2515 1293 eo
2544 1247 2743 1314 sepa-

1186 1349 1400 1417 ratur,
1434 1361 1595 1406 cum
1662 1337 1853 1405 vadit
1878 1359 2000 1426 per
2045 1343 2352 1402 ventrem
2407 1332 2643 1409 cruriS,
2681 1336 2745 1398 et

1183 1444 1266 1514 ex'
1336 1447 1484 1536 ipso
1528 1447 1750 1513 oritur
1793 1442 2052 1512 chorda
2089 1463 2239 1531 quae
2301 1442 2608 1530 pervenit
2661 1438 2747 1505 ad

1190 1552 1516 1622 inferiora
1553 1552 1772 1643 pedis„
1816 1557 1884 1617 et
1918 1549 2044 1617 sub
2098 1570 2179 1617 eo
2216 1555 2360 1616 toto
2399 1546 2741 1627 dilatatur,

1189 1660 1370 1727 sicut
1387 1656 1743 1727 musculus
1764 1658 1884 1747 qui
1904 1677 2114 1745 ¹super
2139 1653 2386 1745 plantae
2405 1652 2746 1720 occultum

1188 1767 1513 1835 dilatatur
1529 1774 1814 1857 propter
1831 1764 2162 1833 auxilium
2184 1761 2408 1830 simile
2427 1761 2627 1852 quale
2648 1768 2750 1828 est

1189 1873 1526 1942 auxilium
1557 1872 1879 1941 musculi.

1278 1981 1385 2049 Ex
1408 1978 1745 2047 musculis
1764 2001 1943 2046 vero
1972 1978 2166 2069 pedis
2193 1976 2442 2067 digitos
2473 1996 2752 2043 moven-

1190 2086 1399 2165 tibus„
1470 2085 2017 2176 constringentes
2089 2083 2366 2174 quidem
2462 2078 2747 2149 musculi

1190 2201 1348 2263 sunt
1384 2193 1613 2272 multi,
1646 2215 1733 2261 ex
1762 2192 2018 2283 quibus
2055 2200 2157 2261 est
2183 2213 2359 2258 unus
2387 2191 2503 2282 qui
2538 2190 2754 2256 oritur

1188 2328 1227 2372 a
1264 2303 1485 2393 capite
1532 2323 1770 2370 cannae
1808 2302 1881 2369 in
1922 2309 2115 2392 parte
2160 2298 2478 2377 silvestri,
2520 2305 2587 2366 et
2625 2319 2752 2365 ex-

1187 2419 1424 2477 tensus
1479 2430 1689 2498 super
1718 2409 1967 2498 ¹ipsam
2005 2405 2373 2486 descendit,
2434 2411 2502 2473 et
2547 2402 2755 2472 chor-

1186 2518 1347 2585 dam
1386 2539 1475 2586 ex
1522 2538 1595 2586 se
1647 2515 1928 2594 emittit,
1981 2537 2134 2606 quoe
2181 2514 2251 2580 in
2288 2512 2457 2580 duas
2505 2509 2757 2579 dividi-

1190 2636 1303 2694 tur
1367 2649 1533 2716 quae
1587 2625 2069 2712 constringunt
2122 2630 2192 2690 et
2229 2621 2528 2689 medium
2576 2619 2758 2710 digi-

1197 2743 1340 2800 tum
1374 2739 1442 2801 et
1471 2730 1845 2799 medicum.
1876 2729 2075 2796 Alius
2103 2736 2334 2797 autem
2356 2728 2487 2796 isto
2502 2727 2750 2798 minor,

1198 2839 1394 2926 cujus
1441 2846 1635 2906 ortus
1674 2841 1778 2904 est
1823 2855 1867 2904 a
1902 2842 2248 2925 postremo
2285 2835 2525 2911 cruris,
2567 2832 2758 2919 cujus

1192 2942 1452 3012 chorda
1514 2942 1723 3012 etiam
1770 2941 1844 3010 in
1900 2940 2071 3008 duas
2109 2937 2432 3008 dividitur
2466 2935 2760 3007 chordas

1196 3074 1351 3144 quae
1395 3050 1885 3141 constringunt
1921 3048 2214 3116 indicem
2254 3056 2321 3116 et
2369 3047 2756 3116 minimum·

1192 3160 1542 3230 Dividitur
1607 3166 1839 3230 autem
1934 3157 2021 3228 ab
2085 3157 2394 3250 'utraque
2481 3157 2760 3225 istarum

1187 3270 1608 3341 chordarum
1647 3267 1911 3338 chorda
1947 3290 2102 3360 quae
2139 3269 2578 3336 continuatur
2603 3286 2760 3333 cum

1188 3403 1291 3459 ea,
1353 3401 1508 3471 quae
1562 3375 1895 3447 dividitur
1956 3401 1998 3446 a
2047 3377 2305 3468 reliqua
2366 3397 2383 3443 ε
2442 3382 2510 3442 et
2581 3374 2761 3442 fiunt

1201 3487 1462 3558 chorda
1516 3508 1658 3555 una
1712 3485 2117 3577 perveniens
2163 3483 2251 3552 ad
2313 3481 2632 3574 pollicem
2694 3489 2764 3550 et

1202 3595 1431 3685 ipsum
1455 3592 1963 3685 constringens.
1993 3589 2220 3660 Tertia
2253 3597 2483 3659 autem
2510 3584 2763 3658 chorda

1203 3721 1412 3791 quam
1449 3706 1614 3768 ante
1643 3697 2181 3774 nominavimus,
2223 3717 2374 3787 quae
2404 3702 2507 3764 est
2542 3695 2613 3763 in
2649 3691 2764 3762 sil-

1200 3804 1412 3875 vestri
1439 3803 1735 3874 duarum
1764 3803 2300 3881 extremitatum,
2329 3823 2480 3893 quoe
2511 3800 2578 3869 in
2607 3822 2765 3870 can·

1205 3935 1308 3981 me
1362 3911 1743 3981 domestica
1801 3918 1993 4003 parte
2060 3908 2394 3986 existunt,
2452 3917 2521 3977 et
2584 3908 2765 3975 inter

1199 4019 1371 4091 duas
1407 4018 1765 4088 descendit
1788 4041 2069 4098 cannas,
2103 4016 2312 4087 etiam
2351 4040 2436 4088 ex
2484 4040 2557 4087 se
2605 4040 2765 4107 pnr-

1200 4136 1336 4197 tem
1385 4126 1817 4197 transmittit,
1850 4123 1938 4195 ad
2003 4123 2244 4216 pedem
2288 4125 2765 4214 constringen-

1200 4234 1391 4312 dum,
1442 4243 1514 4304 et
1562 4235 1844 4325 insuper
1879 4233 2090 4303 etiam
2131 4240 2394 4323 partem
2444 4231 2651 4301 mittit
2678 4230 2763 4300 ad

1147 4368 1175 4386 .
1203 4344 1505 4435 primum
1544 4362 1626 4410 os
1688 4338 1987 4432 pollicis.
2036 4339 2301 4409 Horum
2337 4348 2567 4408 autem
2607 4361 2767 4408 mu-

1200 4447 1553 4518 sculorum
1598 4445 1720 4538 qui
1765 4446 2025 4537 digito·
2055 4454 2359 4522 movent,
2421 4445 2592 4514 situs
2664 4452 2766 4511 est

1200 4577 1412 4645 supra
1448 4577 1608 4624 crus
1662 4552 2029 4645 posterius.
2107 4550 2217 4620 llli
2260 4572 2425 4621 vero
2470 4574 2765 4644 qnorum

1202 4663 1372 4733 situs
1426 4670 1533 4731 est
1597 4684 1809 4754 supra
1864 4660 2062 4754 pedis
2133 4659 2462 4751 plantam,
2511 4659 2764 4731 'decem

1202 4775 1363 4838 sunt
1390 4767 1685 4837 musculi
1729 4789 1750 4836 ε
1787 4773 2024 4837 tamen
2060 4766 2133 4836 in
2172 4763 2282 4836 his
2309 4765 2571 4857 decepti
2608 4773 2768 4837 sunt

1204 4875 1488 4967 quidam
1530 4896 1548 4944 ε
1600 4882 1667 4943 et
1707 4872 1805 4942 illi
1852 4873 2340 4944 continuantur
2373 4894 2531 4943 cnm
2562 4872 2768 4964 quiu-

1204 5004 1336 5073 que
1396 4980 1657 5073 digitis,
1727 4980 1825 5050 ita
1874 4978 2064 5073 quod
2119 5001 2275 5049 cum
2348 5001 2765 5072 unoquoque

1203 5097 1363 5158 sunt
1399 5087 1541 5157 duo
1570 5087 1832 5166 lacerti,
1863 5108 2040 5155 unus
2068 5085 2156 5154 ad
2181 5085 2519 5169 dextram,
2550 5094 2618 5154 et
2657 5083 2767 5155 al·

1209 5205 1306 5264 ter
1343 5194 1432 5266 ad
1467 5195 1848 5274 sinistram,
1891 5201 1958 5264 et
1998 5200 2279 5263 movent
2316 5201 2391 5263 ut
2418 5193 2765 5263 constrin-

1205 5311 1368 5389 gant
1404 5301 1791 5372 secundum
1830 5299 2302 5371 rectitudinem
2342 5299 2619 5394 quando
2665 5302 2768 5369 si-

1207 5411 1349 5481 mul
1370 5418 1681 5493 movent,
1716 5418 1784 5480 et
1812 5417 1890 5482 ut
1916 5408 2253 5481 declinent
2281 5410 2555 5503 quando
2587 5432 2765 5480 unus

1208 5520 1530 5589 moverit.

2844 579 3055 670 digito
3086 590 3187 648 est
3217 581 3567 671 delegatus
3612 606 3625 648 :
3673 592 3738 650 et
3770 584 3906 650 duo
3939 586 4221 676 insuper
4285 589 4402 677 qui

2844 689 3099 777 proprii
3129 697 3289 755 sunt
3327 689 3411 756 ad
3441 691 4055 780 constringendum
4086 692 4407 782 pollicem

2845 801 2907 859 et
2936 794 3323 861 minimum.
3360 795 3447 861 Hi
3479 805 3710 863 autem
3743 798 4040 864 musculi
4061 799 4230 867 adeo
4248 809 4408 867 sunt

2843 903 3188 992 permixti,
3250 904 3434 993 quod
3485 928 3642 973 cum
3701 905 3822 972 uni
3886 906 4133 974 accidit
4187 930 4407 976 nocu-

2847 1018 3181 1089 mentum,
3233 1012 3460 1078 evenit
3519 1013 3705 1102 quod
3761 1011 4186 1103 reliquorum
4245 1037 4407 1105 ope-

2846 1118 3018 1184 ratio
3050 1141 3134 1185 ex
3164 1122 3637 1209 compassione
3674 1120 4068 1189 debilitetur
4097 1125 4302 1190 etiam
4334 1125 4403 1192 in

2846 1227 3136 1315 propriis
3193 1228 3706 1316 operationibus
3765 1251 4008 1297 eorum
4080 1252 4094 1296 :
4163 1242 4411 1321 gerunt

2848 1338 3030 1402 enim
3081 1336 3261 1404 vices
3308 1337 3492 1405 illius
3541 1338 3773 1429 aliquo
3824 1337 4063 1419 mod0,
4101 1341 4310 1408 etiam
4341 1342 4411 1409 in

2847 1444 3124 1533 propria
3188 1446 3383 1512 istius
3439 1446 3838 1534 operatione
3906 1468 3923 1512 t
3995 1455 4063 1515 et
4129 1446 4257 1515 hac
4333 1449 4414 1516 de

2847 1572 3054 1619 causa
3123 1551 3393 1621 difficile
3464 1563 3566 1622 est
3621 1553 3889 1622 homini
3949 1578 4167 1624 unum
4243 1557 4416 1648 digi-

2851 1665 3076 1725 torum
3144 1657 3333 1750 pedis
3397 1660 3504 1725 sui
3595 1660 4070 1752 constringere
4156 1660 4415 1752 absque

2849 1766 3024 1835 aliis,

2941 1876 3044 1944 Ex
3064 1877 3214 1944 aliis
3243 1887 3471 1947 autem
3502 1879 3830 1947 musculis
3860 1880 4081 1970 pediS,
4116 1882 4418 1971 quinque

2853 1994 3011 2054 sunt
3047 2008 3252 2078 supra
3292 1987 3535 2077 pedem
3576 1989 3808 2079 positi,
3871 1991 3987 2079 qui
4037 1988 4283 2080 pedem
4333 1991 4420 2058 ad

2851 2091 3229 2161 silvestrem
3269 2102 3533 2184 partem
3580 2092 3835 2161 faciunt
3890 2094 4234 2164 declinare
4289 2118 4306 2163 ε
4352 2106 4419 2164 et

2855 2199 3158 2289 quinque
3182 2198 3297 2266 alii
3334 2199 3463 2267 sub
3493 2199 3591 2267 eis
3615 2199 3848 2291 positi,
3883 2222 4181 2293 quorum
4212 2225 4423 2269 unus*

2856 2306 3146 2398 quisque
3175 2304 3381 2375 trahit
3407 2307 3697 2399 digitum
3739 2307 3827 2375 ad
3851 2308 3923 2376 id
3964 2308 4155 2400 quod
4182 2310 4422 2401 sequi-

2857 2421 2969 2480 tur
3005 2412 3228 2503 ipsum
3285 2413 3357 2480 in
3402 2421 3594 2503 parte
3648 2413 3843 2505 pedis
3890 2413 4294 2500 domestica,
4354 2426 4423 2485 et

2860 2520 3080 2589 elevat
3110 2520 3333 2612 ipsum
3364 2521 3448 2588 ad
3478 2530 3740 2612 partem
3781 2522 4231 2590 domesticam
4260 2544 4418 2591 cum

2863 2639 3054 2698 motu
3087 2653 3103 2699 ε
3151 2638 3215 2697 et
3256 2630 3362 2698 isti
3410 2631 3712 2723 quinque
3753 2641 3912 2698 sunt
3951 2653 4113 2698 cum
4153 2630 4421 2699 duobus

2862 2740 2977 2830 qui
3006 2737 3236 2829 pollici
3268 2747 3333 2807 et
3363 2740 3648 2806 minimo
3680 2746 3840 2805 sunt
3872 2738 4130 2828 proprii
4160 2746 4420 2828 septem

2861 2848 3237 2917 secundum
3274 2846 3793 2914 similitudinem
3843 2846 4119 2915 illorum
4161 2856 4421 2938 septem

2864 2956 3180 3048 quisunt
3224 2956 3293 3022 in
3350 2955 3583 3046 planta
3620 2953 3838 3045 pediS.
3901 2953 4161 3021 Omnes
4219 2953 4430 3044 igitur

2863 3065 3167 3156 corporis
3217 3063 3505 3131 musculi
3545 3063 3661 3154 qui
3713 3061 4053 3130 numerati
4120 3069 4304 3140 sunt,
4365 3064 4420 3129 si

2865 3172 3204 3243 subtiliter
3273 3179 3761 3262 computantur
3827 3177 3990 3238 sunt
4064 3169 4420 3262 quingenti

2865 3281 3106 3373 viginti
3156 3303 3434 3365 novem,
3483 3282 3643 3371 quia
3687 3299 3868 3347 unus
3916 3279 4424 3369 quingentenas

2866 3398 3289 3468 numeratur,
3333 3396 3399 3456 et
3442 3387 3965 3456 undetrecenus.

1294 5626 1400 5696 Ex
1432 5624 1546 5697 hin
1582 5632 1821 5696 autem
1857 5598 2081 5694 adhuc
2108 5626 2227 5715 qui
2253 5633 2560 5704 movent,
2602 5632 2767 5695 sunt
2877 5681 2887 5689 .

1209 5757 1414 5826 super
1457 5741 1824 5820 resectam,
1858 5752 2176 5824 quorum
2237 5754 2416 5802 unus
2479 5729 2765 5825 quilibet
