4919 6371
1968 293 2140 360 LIB.
2193 290 2294 357 IX
2340 289 2461 357 DE
2507 288 3099 369 ANIMALIBUS‚
3149 287 3463 357 TRACT.
3516 287 3582 352 II

1163 481 1231 540 et
1273 493 1452 539 vena
1481 490 1632 559 quae
1661 471 1763 533 est
1810 460 1936 530 suh
1975 461 2241 551 lingua,
2275 461 2512 551 incipit
2568 484 2712 529 esse

1157 574 1395 648 viridis
1438 600 1453 643 ε
1489 584 1554 643 et
1594 574 1787 640 urina
1829 571 1975 659 ejus
2011 571 2249 660 incipit
2297 592 2443 637 esse
2491 570 2712 637 tenuis

1162 695 1231 755 et
1257 685 1462 754 clara.
1517 681 1594 747 In
1633 677 2041 770 quibusdam
2084 686 2315 746 autem
2357 679 2714 745 retardan-

1162 803 1273 863 tur
1300 792 1447 860 haec
1473 793 1669 881 signa
1707 787 1877 855 forte
1908 810 2123 879 usque
2155 787 2241 855 ad
2270 787 2507 855 decem
2539 786 2708 859 dies,

1157 908 1276 967 aut
1313 899 1487 967 forte
1517 919 1732 988 usque
1759 896 1845 964 ad
1874 904 2102 964 ortum
2144 892 2550 984 capillorum
2601 892 2714 956 in-

1128 1007 1386 1086 fanti&
1437 1006 1613 1075 sicut
1650 1004 1947 1073 diximus
1990 1004 2061 1069 in
2100 999 2536 1069 antehabitiS.
2595 996 2714 1063 Est

1157 1116 1363 1184 etiam
1394 1137 1610 1182 unum
1643 1113 1723 1181 de
1762 1107 2225 1180 accidentibus
2255 1105 2453 1173 dolor
2492 1105 2713 1194 ingui-

1158 1226 1264 1292 nis
1318 1246 1402 1292 ex
1456 1221 1675 1290 multa
1716 1217 2198 1288 constrictione
2249 1237 2265 1281 :
2310 1221 2378 1282 et
2427 1221 2589 1281 tunc
2629 1235 2711 1280 ex

1157 1331 1382 1400 calore
1441 1325 1800 1420 spermatis
1856 1323 2052 1414 pellis
2109 1329 2475 1413 generatur
2539 1321 2716 1388 circa

1159 1441 1333 1508 duos
1370 1438 1696 1505 humores
1730 1441 1848 1502 z‘et
1888 1432 2050 1523 quia
2084 1431 2307 1511 virtus
2347 1452 2501 1521 quae
2546 1450 2716 1519 ope-

1160 1556 1375 1626 ratur,
1419 1554 1521 1614 est
1550 1547 1620 1613 in
1650 1544 1921 1634 spiritu,
1952 1534 2094 1610 ‘non
2123 1549 2227 1609 est
2264 1536 2714 1630 improbabile

1161 1657 1328 1747 quin
1367 1662 1590 1723 totum
1627 1653 1740 1722 vel
1779 1653 2003 1741 major
2029 1672 2188 1741 para
2218 1648 2580 1740 spermatis
2616 1645 2718 1714 vi-

1160 1763 1304 1831 rilis
1343 1768 1780 1830 convertatur
1823 1758 1894 1825 in
1941 1758 2256 1848 spiritum
2295 1761 2574 1845 propter
2609 1751 2717 1820 sui

1160 1868 1632 1945 subtilitatem,
1673 1873 1743 1934 et
1770 1862 2197 1956 ingrediatur
2233 1863 2305 1930 in
2352 1859 2714 1928 humorem

1162 1976 1567 2044 muliebrem
1615 1973 1791 2042 sicut
1827 1974 1900 2039 iu
1948 1993 2148 2038 suam
2187 1969 2549 2037 materiam
2589 1988 2607 2034 :
2650 1971 2718 2034 et

1158 2094 1323 2153 tunc
1351 2084 1525 2152 infra
1561 2082 1810 2173 pellem
1858 2080 2117 2148 dictam
2166 2078 2418 2146 format
2454 2098 2614 2144 eum
2650 2081 2718 2143 et

1163 2191 1519 2283 distinguit
1573 2189 1644 2256 in
1712 2186 2022 2255 membra
2099 2208 2118 2253 ε
2193 2185 2279 2253 ad
2351 2183 2715 2251 humorem

1165 2299 1351 2367 enim
1388 2295 1792 2365 muliebrem
1823 2293 2245 2363 convertitur
2272 2291 2546 2384 quando
2583 2290 2720 2359 cir-

1164 2404 1528 2474 cumdatur
1571 2401 1773 2495 pelle,
1825 2410 1894 2502 et
1958 2407 2364 2493 coopertura
2418 2397 2718 2467 matricis

1164 2518 1571 2580 coarctatur.

1253 2618 1566 2700 Primum
1623 2641 1810 2709 ergO,
1855 2616 2042 2708 quod
2107 2615 2506 2683 distinctum
2561 2619 2718 2680 ante

1160 2727 1394 2794 omnia
1440 2734 1806 2817 generatur
1842 2746 1928 2791 ex
1965 2729 2333 2813 spermate,
2375 2727 2478 2789 est
2521 2717 2718 2811 pellis

1154 2830 1584 2902 circumdans
1613 2839 1680 2899 et
1718 2828 2117 2899 custodiens
2145 2850 2441 2920 sperma,
2485 2849 2570 2894 ne
2598 2823 2720 2892 dif-

1154 2939 1348 3017 fluat,
1399 2946 1467 3007 et
1522 2936 1913 3006 custodiens
1955 2936 2270 3026 spiritum
2318 2941 2386 3003 et
2422 2932 2718 3002 calorem

1157 3067 1244 3114 ne
1291 3052 1616 3136 evaporet
1670 3043 1998 3135 primum.
2065 3041 2229 3110 Post
2266 3040 2401 3109 hoc
2440 3060 2714 3108 necesse

1160 3159 1263 3222 est
1307 3152 1620 3244 generari
1655 3149 1825 3220 illud
1870 3148 2056 3243 quod
2104 3156 2173 3219 et
2217 3147 2436 3219 levius
2475 3168 2561 3216 ex
2597 3144 2724 3214 hu·

1161 3282 1355 3329 more
1392 3260 1754 3350 spermatis
1803 3265 2194 3349 generatur,
2246 3264 2315 3326 et
2358 3255 2554 3344 cujus
2595 3275 2724 3322 ne-

1160 3366 1441 3437 cessitas
1467 3364 1685 3434 estad
1712 3371 1937 3433 totum
1966 3370 2374 3456 conceptum
2410 3361 2724 3430 formau-

1133 3473 1328 3568 dum
1370 3492 1389 3539 ε
1437 3469 1572 3540 boc
1613 3478 1844 3540 autem
1891 3477 1995 3540 est
2044 3469 2352 3562 spiritus,
2391 3466 2721 3560 quoniam

1135 3579 1444 3673 ,spiritus
1480 3577 1828 3646 levissime
1876 3583 2245 3668 generatur
2288 3597 2376 3645 ex
2401 3573 2622 3644 calido
2658 3580 2727 3643 et

1158 3682 1447 3756 humido
1485 3683 1838 3754 concluso.
1892 3683 2279 3753 Necessitas
2323 3689 2557 3751 autem
2623 3689 2728 3750 est

1134 3791 1504 3887 ,generalis
1537 3815 1555 3861 ε
1590 3790 1752 3884 quia
1783 3790 2052 3860 nullum
2083 3790 2555 3860 membrorum
2583 3788 2730 3857 for-

1136 3909 1417 3982 .matur,
1459 3900 1598 3970 nisi
1629 3922 1716 3968 ex
1751 3899 2030 3978 virtute,
2065 3906 2133 3969 et
2159 3898 2378 3967 virtus
2416 3919 2560 3965 non
2604 3918 2730 3965 ve-

1167 4007 1357 4078 hitur
1383 4007 1470 4078 ad
1507 4007 1738 4077 locum
1775 4007 2234 4088 formationis,
2276 4006 2408 4076 nisi
2436 4029 2561 4098 per
2594 4007 2732 4097 spi-

1174 4117 1384 4186 ritum
1419 4137 1438 4185 1
1470 4123 1750 4207 propter
1787 4114 1973 4207 quod
1997 4123 2157 4184 ante
2185 4113 2420 4184 omnia
2456 4136 2731 4184 necesse

1172 4231 1276 4292 est
1304 4224 1617 4316 generari
1645 4223 1984 4315 spiritum.
2030 4222 2275 4292 Omnis
2319 4228 2550 4291 autem
2589 4222 2736 4313 spi-

1180 4331 1355 4398 ritus
1394 4329 1681 4422 quinon
1708 4337 2076 4421 generatur
2099 4351 2188 4397 ex
2233 4327 2468 4420 aliquo
2519 4326 2738 4396 deter-

1168 4437 1431 4506 minato
1492 4435 1673 4517 loco,
1717 4436 1788 4505 in
1827 4458 1966 4529 quo
2005 4434 2294 4527 accipiat
2345 4435 2737 4504 incremen-

1176 4551 1330 4614 tum
1413 4542 1810 4614 substantiae
1867 4549 1936 4613 et
1997 4543 2541 4636 generationem,
2599 4541 2737 4610 cito

1176 4649 1582 4720 dissolvitur
1622 4657 1691 4720 et
1728 4648 2145 4719 debilitatur.
2199 4645 2489 4741 Oportet
2533 4647 2741 4738 igitur

1175 4758 1247 4827 in
1275 4756 1661 4827 substantia
1703 4756 1916 4826 totius
1955 4753 2272 4825 humoris
2318 4776 2467 4825 esse
2514 4754 2742 4823 deter-

1180 4864 1521 4932 minatum
1559 4861 1821 4945 locum,
1863 4863 1936 4932 in
1966 4884 2106 4955 quo
2135 4868 2504 4954 generetur
2537 4858 2744 4951 spiri-

1181 4977 1322 5052 tus,
1363 4976 1432 5038 et
1483 4991 1524 5037 a
1562 4991 1701 5061 quo
1730 4969 2017 5062 accipiat
2055 4969 2578 5038 incrementum.
2612 4965 2746 5035 lm-

1183 5078 1516 5173 possibile
1573 5079 1758 5149 euim
1798 5087 1902 5150 est
1947 5086 2264 5148 naturam
2319 5101 2462 5147 non
2519 5077 2747 5147 maxi-

1186 5211 1375 5257 mam
1441 5186 1695 5258 babere
1756 5188 2286 5259 sollicitudinem
2352 5186 2437 5257 de
2506 5188 2744 5280 spiritu

1184 5295 1306 5364 tali
1336 5302 1406 5364 et
1439 5293 1841 5389 loco'ipsius
1873 5317 1889 5364 :
1925 5295 2091 5388 quia
2116 5294 2317 5365 aliter
2340 5296 2493 5388 ipso
2521 5293 2747 5365 soluto

1185 5400 1295 5471 vel
1327 5398 1682 5472 debilitato
1726 5403 1980 5496 periret
2022 5409 2248 5470 totum
2288 5423 2487 5494 opus.
2529 5398 2748 5471 Locus

4248 289 4378 356 529

2814 460 3199 529 substantia
3244 482 3259 526 ε
3295 467 3363 525 et
3402 459 3470 523 in
3512 458 3660 547 ipso
3705 457 3930 546 primo
3979 455 4175 547 pulsa
4235 455 4380 545 spi-

2815 570 3006 645 rituS‚
3043 575 3109 635 et
3148 589 3233 633 ex
3264 566 3413 655 ipso
3458 565 3702 653 accipit
3730 564 4254 631 incrementum.

2908 685 3203 774 Spiritus
3259 688 3491 748 autem
3523 680 3633 746 ille
3690 681 3772 747 de
3820 702 3915 758 se,
3950 678 4080 747 hoc
4107 688 4234 761 est,
4266 682 4376 747 sui

2814 799 3059 858 natura
3087 789 3224 855 duo
3255 787 3438 855 facit.
3476 787 3705 855 Unum
3736 786 4009 877 quidem
4032 793 4136 854 est
4164 794 4376 853 mate-

2818 901 2934 966 riae
2974 897 3326 974 distensio,
3372 904 3448 964 ut
3485 896 3572 963 sit
3616 901 3774 985 apta
3829 894 3916 962 ad
3963 893 4377 962 lineamenta

2816 1004 3286 1073 membrorum
3328 1002 3733 1092 recipienda.
3775 1000 4086 1068 Alterum
4145 1008 4376 1068 autem

2818 1121 2919 1181 est
2954 1111 3323 1203 perforatio
3354 1111 3502 1198 ejus
3545 1108 3731 1199 quod
3768 1117 3870 1176 est
3917 1130 4149 1176 coram
4192 1108 4367 1198 ipso.

2802 1223 2902 1290 Et
2932 1221 3093 1312 quia
3121 1221 3340 1309 major
3367 1225 3594 1286 motus
3624 1225 3726 1286 est
3752 1218 4028 1308 spiritus
4056 1217 4142 1284 ad
4172 1239 4375 1307 supe·

2817 1329 2981 1405 rius,
3028 1326 3181 1393 ideo
3240 1324 3770 1414 perforationem
3826 1322 4157 1410 majorem
4215 1321 4376 1389 facit

2813 1458 3054 1503 versus
3084 1434 3461 1523 superiora,
3494 1431 3567 1498 in
3595 1430 3842 1521 quibus
3880 1438 4082 1522 caput
4120 1437 4187 1497 et
4234 1452 4376 1498 cae-

2815 1552 2963 1614 tera
2980 1546 3334 1636 superiora
3361 1540 3722 1610 formanda
3748 1548 3930 1608 sunt.
3971 1538 4227 1607 Caetera
4253 1561 4374 1607 au-

2817 1660 2956 1720 tem
2984 1650 3285 1741 perforat
3309 1646 3731 1740 penetrando
3762 1648 3997 1715 omnia
4031 1668 4183 1737 quae
4215 1652 4375 1713 sunt

2817 1781 3049 1829 coram
3086 1780 3184 1836 se,
3219 1763 3287 1825 et
3332 1756 3404 1823 in
3431 1754 3597 1846 ipsis
3625 1752 4194 1846 perforationibus
4230 1751 4376 1819 for-

2817 1873 2961 1933 mat
2995 1863 3143 1933 loca
3196 1863 3571 1931 formarum
3611 1862 3995 1951 quietarum
4043 1865 4110 1927 et
4136 1858 4376 1950 pulsa-

2814 1971 3066 2041 tilium.
3110 1970 3196 2037 Et
3224 1991 3347 2059 per
3381 1967 3559 2036 hanc
3602 1969 3936 2035 rationem
3963 1973 4150 2057 patet
4186 1963 4370 2055 quod

2819 2078 3132 2169 superius
3182 2075 3508 2154 diximus,
3568 2074 3753 2166 quod
3796 2072 4114 2142 videlicet
4147 2071 4372 2162 prima

2819 2186 3014 2276 origo
3046 2182 3358 2251 omnium
3398 2202 3730 2249 venarum
3786 2186 3887 2247 est
3925 2200 3966 2246 a
4018 2177 4242 2255 corde,
4302 2183 4371 2244 et

2818 2316 2959 2361 non
2990 2290 3076 2361 ab
3113 2290 3382 2382 hepate.
3430 2291 3609 2358 sicut
3661 2288 3823 2358 dicit
3865 2286 4116 2379 vulgus
4151 2284 4375 2354 medi-

2819 2423 3083 2471 corum.
3118 2395 3541 2467 Perforando
3601 2404 3831 2465 autem
3888 2393 4219 2487 pertingit
4252 2414 4376 2484 per

2818 2517 3035 2579 totam
3066 2506 3426 2575 materiam
3455 2502 3540 2573 ad
3570 2504 3934 2585 exteriora,
3966 2509 4034 2571 et
4069 2524 4192 2593 per
4228 2498 4376 2569 haec

2819 2618 3156 2686 foramina
3184 2615 3410 2705 primo
3447 2611 3708 2681 inducit
3756 2611 4249 2679 nutrimentum
4291 2608 4377 2675 ad

2820 2733 3251 2817 conceptum,
3320 2723 3518 2813 cujus
3589 2721 3867 2813 quidem
3935 2721 4378 2813 purissimum

2820 2832 3113 2903 trahitur
3148 2831 3234 2900 ad
3270 2854 3394 2899 vas
3422 2830 3726 2921 spirituS,
3772 2837 3840 2897 et
3884 2828 4069 2897 aliud
4106 2826 4382 2895 deriva-

2820 2951 2934 3010 tur
2951 2941 3038 3011 ad
3067 2939 3275 3009 aliam
3303 2946 3569 3031 partem
3598 2959 3839 3007 massae
3869 2935 4050 3005 illius
4077 2935 4379 3004 nutrien-

2822 3048 3007 3117 dam.
3041 3047 3228 3114 Licet
3253 3052 3487 3114 autem
3534 3042 3647 3113 hic
3691 3043 3969 3136 spiritus
4024 3048 4385 3110 moveatur

2823 3157 2978 3250 plus
3014 3154 3331 3247 superius
3357 3159 3638 3245 propter
3691 3152 3800 3220 sui
3850 3149 4150 3220 calorem
4181 3145 4387 3220 et'le-

2823 3265 3398 3350 vitatem,⁴tamen
3436 3261 3600 3353 quia
3627 3261 3771 3353 ipse
3819 3267 3923 3330 est
3959 3259 4389 3327 instrumen-

2828 3380 2974 3441 tum
3024 3368 3297 3439 virtutis
3352 3374 3422 3436 et
3459 3367 3734 3448 animm,
3774 3373 4100 3435 movetur
4135 3366 4210 3433 in
4244 3370 4390 3433 tota

2823 3477 2945 3548 illa
2969 3497 3198 3545 massa
3225 3472 3607 3545 secundum
3643 3472 3892 3543 auimae
3930 3470 4381 3563 exigentiam:

2828 3592 2896 3654 et
2921 3581 3075 3653 ideo
3106 3581 3315 3651 etiam
3342 3587 3658 3673 penetrat
3694 3578 3783 3650 ad
3802 3577 4110 3663 inferius,
4142 3574 4259 3645 ubi
4289 3574 4394 3643 in·

2826 3691 3068 3762 feriora
3098 3696 3261 3760 sunt
3305 3686 3693 3758 formanda.
3725 3686 3949 3756 Locus
3975 3706 4140 3777 ergo
4188 3681 4396 3774 spiri-

2828 3807 2942 3867 tus
2997 3820 3155 3868 cum
3193 3793 3580 3887 completus
3615 3794 3767 3875 fuit,
3807 3794 3934 3862 erit
3987 3814 4132 3874 cor,
4162 3797 4230 3858 et
4256 3789 4389 3857 vioe

2831 3909 2978 3998 ejus
3023 3910 3224 3974 erunt
3251 3924 3450 3972 venae
3481 3924 3500 3971 :
3534 3910 3604 3971 et
3638 3923 3763 3993 per
3788 3900 3971 3993 ipsas
4020 3900 4245 3991 primo
4274 3894 4391 3964 in-

2832 4010 3018 4080 ducit
3053 4009 3586 4089 nutrimentum,
3635 4014 3705 4076 at
3738 4005 3988 4076 animm
4040 4001 4392 4096 operatio-

2834 4140 2994 4189 nem
3031 4138 3186 4208 quae
3214 4123 3318 4184 est
3343 4115 3605 4186 nutrire
3646 4136 3665 4182 ε
3695 4120 3977 4206 propter
4002 4109 4189 4204 quod
4213 4107 4394 4178 Avi-

2834 4245 3053 4295 ceuna
3078 4220 3267 4304 dicit,
3296 4219 3485 4314 quod
3511 4242 3638 4311 per
3663 4219 3815 4289 illas
3843 4220 3992 4287 vias
4021 4214 4395 4288 introducit

2836 4332 3336 4401 nutrimentum
3400 4334 3473 4396 et
3531 4326 3867 4395 animm.
3929 4324 4104 4394 Cum
4131 4330 4393 4401 autem,

2840 4441 3014 4510 sicut
3050 4438 3380 4518 diximus,
3419 4432 3681 4503 inducit
3728 4433 4164 4526 sanguinem,
4198 4437 4303 4499 est
4330 4431 4404 4498 in

2842 4548 3176 4642 sanguine
3204 4544 3487 4616 inducto
3507 4541 3705 4636 quasi
3724 4565 3886 4634 pars
3911 4539 4162 4633 triplex
4185 4561 4203 4608 ε
4227 4558 4408 4631 qua-

2843 4678 2998 4727 rum
3027 4675 3167 4725 una
3212 4658 3318 4722 est
3345 4649 3617 4721 subtilis
3652 4648 3851 4721 valde
3878 4655 3948 4720 et
4001 4644 4400 4740 spiritualis,

2846 4761 3022 4832 etde
3060 4761 3206 4853 ipsa
3234 4757 3535 4828 sumitur
3561 4757 3850 4827 materia
3892 4753 4117 4825 carnis
4152 4750 4402 4822 cordis.

2850 4868 3169 4940 Secunda
3202 4876 3440 4937 autem
3477 4875 3582 4936 est
3616 4863 3888 4936 subtilis
3920 4862 4129 4933 nimis
4184 4868 4253 4929 et
4286 4881 4412 4929 ca-

2811 4978 3015 5061 .lida,
3056 4979 3255 5070 quasi
3303 4976 3397 5045 ait
3440 4974 3746 5054 incensa,
3790 4982 3857 5043 et
3895 4973 4040 5065 ipsa
4069 4968 4418 5041 derivatur

2856 5089 2928 5157 in
2987 5085 3348 5157 materiam
3426 5080 3719 5174 hepatis.
3756 5079 3985 5149 Tertia
4037 5085 4267 5149 autem
4312 5083 4419 5147 est

2850 5215 3094 5287 grossa
3131 5187 3378 5283 frigida
3413 5195 3731 5258 naturam
3764 5183 4026 5255 habeus
4061 5182 4421 5277 phlegma-

2853 5302 2980 5369 tis:
3005 5305 3072 5368 et
3100 5297 3263 5390 quia
3281 5294 3564 5387 spiritus
3581 5292 3846 5362 fortiter
3870 5291 4087 5360 fertur
4114 5310 4414 5366 sursum,

2856 5404 3077 5496 ipsam
3110 5424 3345 5471 secum
3384 5397 3594 5468 trahit
3639 5401 3712 5468 iu
3750 5398 4108 5468 materiam
4145 5392 4417 5464 cerebri

1187 5517 1421 5579 autem
1445 5508 1725 5591 isterest
1750 5509 1943 5582 locus
1960 5507 2188 5579 cordis
2208 5529 2237 5582 ε,
2251 5515 2355 5578 est
2382 5506 2539 5578 ideo
2567 5508 2751 5601 quod
2858 5519 2930 5581 et
2962 5506 3280 5581 medulla
3306 5506 3577 5598 capitis.
3608 5505 3731 5576 Est
3775 5506 3962 5576 enim
3998 5504 4222 5596 prima
4247 5519 4424 5592 ope-

1158 5615 1493 5709 ‚primum
1541 5614 2008 5711 distinguitur,
2049 5625 2154 5688 est
2194 5608 2420 5724 cordis
2464 5613 2657 5685 locus
2684 5624 2753 5687 et
2861 5618 3038 5688 ratio
3076 5614 3352 5684 virtutis
3399 5613 3477 5690 in
3509 5613 3854 5706 spiritum,
3903 5618 3972 5681 et
4026 5604 4269 5678 deinde
4303 5625 4427 5696 per

1480 5764 1545 5808 xl

4033 5743 4107 5800 34
