4919 6371
613 369 741 435 220

612 537 1085 604 determinatio
1126 557 1205 600 ex
1241 534 1607 601 universali
1650 534 1865 601 fornia
1905 534 2030 601 cibi
2072 533 2155 601 ad

612 643 1124 732 appropriatum
1184 640 1340 707 huic
1396 642 1704 709 membro
1773 653 1837 710 et
1903 642 2037 709 illi:
2095 649 2162 708 et

614 750 759 817 haec
797 756 899 815 est
954 771 1183 827 causa,
1228 750 1412 840 quod
1461 752 1855 820 Aristoteles
1928 750 2162 818 redar-

611 858 761 947 guit
793 857 1176 939 Platonem,
1222 862 1405 949 quod
1453 863 1888 951 appetitivam
1935 860 2163 949 posuit

614 966 682 1030 in
722 962 991 1054 hepate,
1018 975 1085 1035 et
1126 968 1491 1035 animalem
1532 969 1600 1032 in
1633 966 1935 1046 cerebro,
1972 973 2037 1030 et
2064 964 2162 1029 vi-

619 1070 821 1139 talem
862 1074 933 1139 in
968 1074 1194 1151 corde,
1230 1075 1424 1163 quasi
1455 1072 1782 1139 divideret
1813 1072 2151 1137 animam:

618 1180 779 1270 quia
809 1183 1040 1247 anima
1069 1202 1206 1246 una
1253 1180 1547 1245 existens
1594 1179 1841 1245 virtute
1872 1179 2162 1266 conjun-

617 1295 721 1354 cta
752 1293 1073 1377 operatur
1100 1308 1184 1352 ex
1215 1285 1440 1352 corde.
1479 1284 1655 1353 Huic
1685 1293 1910 1352 autem
1942 1284 2161 1352 simile

619 1403 719 1463 est
756 1396 826 1461 in
856 1393 1268 1473 coelestibus,
1322 1397 1647 1485 quoniam
1687 1397 1759 1462 in
1796 1396 1965 1463 coelo
2007 1418 2163 1461 om-

616 1521 699 1565 ne
731 1497 964 1566 lumen
995 1504 1062 1566 et
1089 1498 1276 1587 calor
1301 1499 1602 1567 formans
1632 1486 1837 1568 est‘in
1875 1499 2016 1566 sole
2046 1520 2163 1565 so-

617 1603 681 1669 lo
708 1626 723 1669 :
759 1611 1037 1692 propter
1056 1604 1236 1694 quod
1261 1605 1463 1671 etiam
1494 1604 1653 1672 solis
1682 1626 1930 1671 nomen
1970 1624 2166 1669 acce-

616 1711 736 1801 pit.
781 1710 910 1779 nio
954 1721 1184 1779 autem
1249 1711 1625 1778 secundum
1702 1710 1884 1801 quod
1951 1709 2161 1775 stellis

619 1821 813 1909 quasi
883 1818 1290 1911 quibusdam
1366 1819 1690 1885 membris
1759 1818 2157 1908 applicatur,

619 1926 921 1993 diversas
950 1927 1195 2014 accipit
1247 1926 1857 2016 appropriationes,
1900 1924 1993 1992 De
2031 1922 2163 1991 hoc

613 2041 844 2098 autem
872 2033 1034 2100 satis
1066 2033 1134 2098 in
1175 2031 1585 2100 antehabitis
1614 2031 1803 2098 libris
1849 2031 2163 2099 determi-

616 2146 851 2206 natum
875 2148 1000 2207 est.

702 2246 803 2313 Ex
860 2245 991 2315 hoc
1064 2255 1292 2314 autem
1369 2248 1678 2336 sequitur
1753 2246 2159 2324 necessariO,

612 2354 793 2444 quod
825 2356 1032 2423 etiam
1061 2377 1255 2424 venae
1302 2377 1542 2422 omnes
1591 2356 1904 2422 oriuntur
1940 2376 1979 2420 a
2009 2375 2167 2421 cor-

609 2463 690 2530 de
719 2485 734 2530 :
776 2471 842 2531 et
880 2466 986 2532 vis
1014 2462 1351 2554 digestiva
1381 2485 1530 2553 quoe
1561 2471 1662 2530 est
1695 2463 1763 2529 in
1794 2462 2010 2538 venis,
2035 2483 2165 2528 ne-

612 2593 956 2661 quaquam
987 2579 1164 2639 esset
1194 2571 1261 2637 in
1294 2571 1417 2650 eiS,
1460 2571 1590 2638 nisi
1624 2569 1885 2638 acorde
1921 2592 2166 2660 proce-

612 2678 869 2746 derent.
907 2677 1422 2770 sapientissime
1481 2680 1665 2748 enim
1697 2679 1864 2747 dixit
1891 2679 2165 2746 Aristo-

612 2787 798 2864 teles,
836 2787 1020 2877 quod
1059 2786 1237 2854 idem
1280 2796 1454 2854 esset
1513 2787 1919 2877 principium
1973 2786 2167 2875 dige-

609 2895 849 2961 stionis
880 2895 1260 2985 completae,
1314 2901 1379 2962 et
1428 2895 1804 2984 sanguinis.
1852 2893 1927 2959 Et
1973 2893 2165 2961 dece-

612 3011 767 3091 ptus
832 3009 935 3069 est
1000 3001 1325 3079 GalenuS,
1388 3003 1546 3092 quia
1630 3001 1910 3068 credidit
1979 3001 2163 3090 quod

616 3110 793 3177 idem
849 3117 1028 3177 esset
1084 3110 1497 3201 principium
1553 3131 1745 3176 venae
1792 3107 2164 3176 secundum

612 3240 803 3285 vena?
834 3218 1156 3307 speciem,
1190 3227 1253 3285 et
1275 3218 1597 3285 virtutem
1638 3216 1985 3306 digerendi
2016 3239 2166 3307 quoe

613 3335 714 3394 est
752 3326 821 3392 in
866 3327 1037 3417 ipsa,
1073 3325 1256 3415 quod
1298 3335 1399 3393 est
1427 3326 1834 3415 principium
1875 3324 2167 3392 ramosi-

614 3434 792 3501 tatis.
838 3433 920 3501 Et
969 3432 1099 3501 hoc
1140 3437 1426 3502 omnino
1484 3441 1585 3501 est
1652 3429 1942 3500 falsum:
2005 3433 2165 3525 quia

615 3540 1028 3608 ramositatis
1055 3548 1193 3609 tres
1228 3549 1388 3609 sunt
1426 3562 1672 3615 causae,
1723 3549 1792 3607 et
1848 3560 1984 3607 una
2021 3540 2169 3607 sola

613 3659 715 3719 est
767 3671 972 3717 causa
1030 3647 1431 3717 substantiae
1485 3657 1553 3717 et
1610 3649 1880 3715 virtutis
1946 3670 2162 3716 venae.

610 3758 774 3825 Tres
802 3764 1030 3824 autem
1069 3778 1294 3825 causae
1346 3755 1759 3823 ramositatis
1796 3763 1955 3822 sunt
1995 3757 2160 3823 istae.

618 3863 767 3931 Una
795 3863 1069 3954 quidem
1118 3862 1247 3933 loci
1286 3862 1642 3931 diversitas
1674 3885 1713 3928 a
1771 3884 1907 3950 quo
1954 3869 2167 3930 attra-

614 3970 824 4053 hitur,
862 3979 930 4038 et
966 3968 1050 4036 ad
1081 3992 1286 4062 quem
1332 3968 1688 4037 deducitur
1729 3966 2156 4038 alimentum.

615 4078 768 4146 Alia
805 4086 1034 4145 autem
1079 4084 1183 4145 est
1235 4077 1574 4167 separatio
1628 4072 2160 4143 substantiarum

614 4185 699 4254 ab
741 4186 1033 4256 invicem
1084 4207 1236 4277 quae
1302 4191 1463 4252 sunt
1509 4184 1577 4252 in
1635 4182 1835 4253 cibo:
1886 4193 1951 4252 et
2005 4185 2166 4276 quia

614 4293 951 4384 separatio
1000 4293 1075 4360 tit
1120 4292 1190 4359 in
1247 4288 1519 4382 hepate,
1589 4288 1744 4358 ideo
1800 4291 1976 4359 sicut
2030 4291 2171 4359 cir-

615 4399 999 4490 cumposita
1036 4405 1197 4466 sunt
1235 4395 1593 4465 stomacho
1636 4397 1951 4465 intestina
1992 4397 2170 4465 reci-

615 4511 870 4602 pientia
899 4509 1437 4599 superfluitatem
1461 4507 1736 4587 siccam,
1762 4507 1852 4574 ita
1880 4508 2169 4575 circum-

615 4617 839 4709 posita
893 4623 1055 4684 sunt
1111 4637 1278 4682 vasa
1336 4612 1563 4705 hepati
1629 4636 1782 4705 quae
1837 4615 2166 4706 recipiunt

614 4721 940 4790 humores
967 4728 1085 4790 aut
1114 4742 1439 4812 aquosos,
1481 4730 1593 4787 aut
1645 4727 2020 4799 terrestres,
2050 4731 2170 4789 aut

616 4833 953 4900 intensos:
979 4827 1204 4897 Tertia
1252 4836 1481 4895 autem
1529 4849 1735 4896 causa
1792 4835 1892 4895 est
1920 4827 2166 4895 divisio

616 4959 856 5007 massae
912 4935 1219 5006 nondum
1309 4933 1677 5025 depuratae,
1760 4943 1832 5002 ut
1904 4933 2166 5003 facilius

615 5050 1034 5136 praeparetur
1061 5051 1125 5111 et
1155 5040 1457 5111 coletur:
1491 5048 1556 5110 et
1613 5042 1775 5132 quia
1831 5039 2036 5129 hujus
2064 5038 2166 5107 di·

613 5154 788 5220 visio
812 5150 888 5219 tit
917 5151 985 5218 iu
1016 5147 1261 5242 hepate
1290 5157 1355 5217 et
1377 5147 1777 5239 praeparatio
1799 5156 1863 5214 et
1887 5143 2163 5224 colatio,

616 5261 769 5328 ideo
801 5262 1027 5327 minor
1064 5267 1162 5325 est
1194 5257 1554 5325 ramositas
1584 5279 1911 5324 venarum
1940 5255 2007 5322 in
2038 5251 2167 5321 he-

616 5378 772 5460 pate
812 5390 1018 5457 quam
1071 5370 1139 5434 in
1168 5363 1396 5434 corde.
1703 5440 1708 5443 x

705 5475 1022 5543 Dicentes
1052 5473 1258 5565 igitur
1283 5472 1383 5541 sic
1417 5472 1578 5539 oriri
1599 5494 1686 5539 ex
1714 5469 1916 5539 corde
1952 5492 2169 5557 venna-

619 5605 771 5651 rum
827 5579 1163 5650 rationem
1222 5588 1288 5648 et
1353 5577 1828 5658 substantiam,
1877 5575 2166 5644 dicimus

618 5713 738 5758 cor
767 5711 905 5757 non
943 5710 1091 5756 esse
1137 5685 1467 5778 simplicis
1494 5685 1699 5753 unius
1743 5683 2162 5769 substantiae,

1607 363 1691 429 D.
1744 362 1942 429 ALB.
1994 360 2211 428 MAG.
2266 360 2469 429 ORD.
2525 362 2817 430 PRAED.

2263 535 2380 601 sed
2428 536 2816 612 multarunt,
2869 558 2948 600 eo
3007 533 3189 624 quod
3239 535 3462 622 ipsum
3519 535 3821 622 oportuit

2265 664 2407 707 esse
2455 643 2859 729 principium
2895 642 3131 706 totiuS.
3184 639 3303 706 Est
3341 641 3525 705 enim
3567 641 3633 704 in
3669 640 3815 728 ipso

2264 769 2444 821 cai-0,
2499 753 2559 812 et
2599 755 2754 811 sunt
2784 745 2892 810 tila
2923 746 3235 832 triplicia,
3281 752 3347 812 et
3375 752 3535 811 sunt
3574 747 3814 833 panni-

2264 851 2419 929 culi,
2469 859 2533 918 et
2570 854 2901 941 praecipue
2950 853 3020 916 in
3058 851 3202 917 basi
3252 851 3477 919 cordis
3528 861 3594 919 et
3642 854 3815 920 fora-

2265 947 2561 1025 minibus
2600 959 2742 1046 ejus
2779 981 2792 1023 :
2843 967 2908 1025 et
2937 981 3056 1047 per
3094 957 3497 1045 panniculos
3537 960 3811 1048 quidem

2267 1075 2365 1132 est
2427 1067 2829 1156 principium
2893 1088 3221 1131 venarum
3300 1066 3689 1154 quietarum
3750 1077 3817 1134 et

2263 1173 2703 1264 pulsatilium,
2740 1197 2905 1264 quas
2933 1175 3149 1240 virtus
3175 1173 3613 1240 informativa
3644 1175 3817 1240 sicut

2266 1286 2577 1372 congruit
2605 1283 2897 1361 indurat,
2932 1293 2999 1349 et
3030 1282 3409 1360 mollificat,
3454 1291 3520 1349 et
3588 1281 3820 1371 dupli-

2266 1397 2393 1466 cat,
2430 1397 2496 1455 et
2524 1389 2859 1478 simplices
2891 1388 3252 1477 relinquit:
3290 1388 3466 1455 sicut
3495 1391 3701 1456 etiam
3736 1388 3819 1455 ad

2265 1519 2635 1586 congruam
2676 1495 2961 1562 formam
3010 1497 3167 1561 vitae
3233 1494 3435 1562 alicui
3489 1499 3816 1586 potentia!

2264 1603 2511 1670 format
2566 1602 2912 1692 quodlibet
2979 1601 3389 1669 membrum.
3456 1602 3592 1669 Per
3654 1602 3822 1669 sub-

2265 1711 2583 1778 stantiam
2613 1719 2833 1779 autem
2865 1733 3002 1777 suae
3023 1713 3242 1777 carnis
3271 1718 3373 1778 est
3400 1711 3812 1800 principium

2265 1823 2508 1898 carnis,
2570 1829 2633 1887 et
2681 1820 3012 1909 praecipue
3061 1820 3489 1887 carnositatis
3547 1817 3811 1909 hepatis

2265 1951 2387 2018 per
2420 1928 2845 2017 sanguinem,
2879 1948 3029 2016 quae
3061 1926 3130 1992 in
3179 1927 3619 2016 generatione
3651 1927 3812 1994 mit-

2265 2033 2428 2101 titur
2454 2031 2538 2097 ad
2575 2031 3049 2098 formationem
3091 2033 3326 2120 ipsiuS,
3364 2052 3515 2120 quoe
3572 2030 3811 2121 procul

2267 2137 2474 2205 dubio
2513 2136 2766 2204 nullam
2818 2137 3098 2204 omnino
3149 2135 3430 2204 haberet
3490 2138 3813 2204 virtutem

2267 2243 2592 2314 alterandi
2634 2252 2700 2311 et
2736 2242 3152 2332 praeparandi
3185 2243 3442 2321 cibum,
3489 2244 3618 2310 nisi
3653 2267 3817 2335 pro-

2266 2352 2569 2420 cessisset
2601 2373 2637 2417 a
2667 2350 2865 2417 corde
2902 2373 2915 2414 :
2946 2357 3012 2416 et
3043 2372 3126 2416 ex
3164 2348 3295 2417 hoc
3337 2351 3543 2417 etiam
3589 2374 3816 2417 mem-

2265 2459 2387 2526 bra
2416 2456 2727 2548 quaelibet
2771 2457 3215 2524 determinata
3259 2456 3327 2523 in
3358 2480 3646 2547 corpore
3689 2456 3816 2523 ha-

2264 2566 2424 2632 bent
2461 2565 2743 2630 virtutes
2780 2561 3218 2653 particulares
3246 2562 3477 2629 cibum
3508 2562 3636 2630 sibi
3658 2563 3821 2630 assi-

2267 2668 2570 2738 milandi.
2616 2668 2752 2735 Nos
2818 2669 3000 2736 enini
3061 2670 3314 2735 scimus
3374 2692 3458 2735 ex
3511 2668 3618 2736 his
3667 2691 3817 2758 quae

2266 2777 2662 2844 Aristoteles
2686 2777 2751 2842 in
2793 2775 3088 2843 secundo
3123 2775 3296 2842 libro
3321 2776 3819 2867 prirtoeoepleilo-

2262 2885 2517 2977 soplu‘oe
2554 2884 3066 2960 demonstravit,
3124 2883 3304 2973 quod
3357 2907 3563 2950 omne
3631 2884 3814 2974 qnod

2266 2994 2454 3061 estin
2488 2993 2717 3060 multis
2746 3016 2865 3081 per
2906 3015 3112 3059 unam
3162 2994 3496 3059 rationem
3550 2994 3818 3082 partici-

2265 3108 2499 3192 patum
2532 3099 2615 3166 ab
2645 3099 2798 3176 illis,
2826 3109 2921 3166 est
2947 3100 3014 3165 in
3044 3121 3181 3166 uno
3213 3100 3360 3168 solo
3377 3101 3600 3190 primo
3633 3100 3818 3191 qnod

2269 3221 2371 3281 est
2400 3231 2603 3280 causa
2665 3210 2973 3276 omnium
3027 3209 3313 3276 istorum
3371 3210 3439 3276 in
3481 3217 3816 3301 quantuni

2269 3318 2434 3389 illud
2465 3339 2822 3385 commune
2854 3316 3280 3406 participant.
3318 3316 3403 3384 Et
3433 3316 3587 3384 ideo
3619 3340 3821 3407 opor-

2269 3433 2364 3494 tet
2393 3426 2688 3515 primum
2725 3422 3133 3513 principium
3181 3423 3587 3514 digestionis
3636 3445 3820 3491 com-

2268 3531 2465 3623 pletae
2490 3553 2635 3599 esse
2681 3552 2894 3597 unum
2951 3528 3217 3597 solum:
3264 3539 3330 3598 et
3360 3551 3814 3621 quaecumque

2267 3637 2670 3729 participant
2693 3635 2946 3726 aliquid
2968 3636 3396 3724 digestionis,
3432 3660 3571 3704 non
3603 3635 3815 3704 habe-

2272 3770 2340 3814 re
2383 3748 2703 3813 virtutem
2760 3744 3104 3831 digerendi
3165 3744 3295 3812 nisi
3353 3745 3423 3811 in
3481 3752 3816 3836 quantum

2270 3862 2492 3921 creata
2528 3860 2684 3920 sunt
2722 3852 2805 3919 ab
2847 3852 3017 3942 ipso.
3049 3851 3205 3917 Jam
3237 3852 3449 3941 igitur
3474 3859 3660 3942 patet
3687 3874 3816 3917 ve-

2272 3961 2434 4028 ritas
2464 3961 2609 4049 ejus
2646 3959 2827 4049 quod
2864 3957 3023 4025 dicit
3053 3956 3478 4039 Aristoteles,
3511 3966 3580 4024 et
3618 3980 3820 4025 causa

2271 4067 2685 4158 deceptionis
2721 4065 2983 4133 Galeni.

2360 4183 2503 4251 Nos
2529 4191 2754 4252 autem
2788 4183 2854 4249 in
2895 4182 3115 4272 primo
3164 4181 3338 4249 libro
3384 4181 3688 4250 scientia·
3721 4181 3819 4247 is-

2269 4291 2406 4359 tius
2441 4291 2854 4357 anatomiam
2903 4289 3227 4370 teximus,
3281 4288 3682 4378 incipientes
3730 4287 3815 4354 ab

2269 4419 2351 4466 eo
2381 4396 2563 4490 quod
2619 4407 2716 4464 est
2774 4396 3178 4486 principium
3245 4396 3684 4472 ramositatis,
3753 4403 3816 4461 et

2272 4527 2408 4575 non
2447 4501 2535 4573 ab
2560 4527 2641 4572 eo
2690 4503 2873 4593 qnod
2910 4512 3007 4570 est
3039 4503 3449 4593 principium
3490 4502 3817 4570 snbstan-

2270 4615 2381 4681 tia·
2421 4621 2486 4679 et
2515 4612 2781 4680 virtutis
2818 4632 3172 4679 venarum.
3209 4608 3401 4677 Vena
3433 4611 3619 4677 enim
3660 4632 3813 4701 qna·

2269 4727 2372 4788 est
2398 4720 2573 4788 inter
2607 4741 2725 4786 cor
2749 4728 2814 4785 et
2844 4717 3077 4807 hepar,
3111 4717 3284 4785 sicut
3313 4717 3640 4786 diximus.
3678 4741 3811 4783 non

2270 4834 2471 4894 estut
2517 4847 2635 4891 cor
2681 4825 2952 4901 nutriat,
3021 4821 3136 4889 sed
3203 4848 3321 4891 cor
3361 4824 3660 4891 nutritur
3731 4847 3813 4891 ex

2267 4934 2684 5002 nutrimento
2713 4930 3050 5020 completo
3096 4930 3165 4996 in
3203 4931 3457 5021 seipso,
3490 4930 3815 4998 substan-

2268 5042 2361 5110 tia
2389 5040 2537 5129 ejus
2566 5039 2938 5107 influente:
2998 5037 3114 5104 sed
3173 5046 3274 5105 est
3331 5046 3401 5106 ut
3443 5038 3696 5106 deferat
3748 5041 3815 5107 in

2269 5170 2472 5215 omne
2502 5169 2623 5215 vas
2649 5149 2975 5214 virtutem
3019 5145 3246 5214 cordis
3304 5168 3457 5237 quoe
3521 5146 3820 5236 complet

2269 5255 2741 5347 digestionem.
2794 5251 2995 5320 Omni
3044 5261 3272 5320 antem
3320 5253 3561 5321 eodem
3614 5253 3820 5320 modo

2269 5361 2557 5430 dicimus
2607 5361 2688 5429 de
2753 5383 3121 5429 nervorum
3196 5361 3570 5451 principio:
3642 5386 3820 5448 qun-

2268 5468 2452 5537 niam
2491 5467 2744 5561 absque
2782 5471 2969 5537 omni
3036 5468 3486 5559 ambiguitate
3524 5470 3819 5536 convin-

2267 5578 2443 5648 citur
2467 5600 2589 5669 per
2650 5577 3184 5669 propositionem
3242 5575 3558 5667 superius
3616 5576 3819 5645 indu-

2271 5691 2474 5764 ctam,
2508 5683 2689 5776 quod
2726 5705 2928 5753 omne
2958 5681 3142 5774 quod
3172 5682 3241 5750 in
3297 5704 3438 5750 uuo
3467 5690 3534 5751 et
3573 5682 3813 5752 eodem

2669 5956 2719 5972 Q
