4919 6371
2010 308 2180 378 LIB.
2233 306 2296 374 ΙΙ
2344 306 2464 373 DE
2510 303 3095 384 ANIMALIBUS,
3144 303 3453 372 TRACT.
3508 304 3572 371 II

1158 499 1293 558 tem
1336 489 1513 560 dico,
1552 483 1880 573 quoniam
1921 480 2092 548 forte
2124 482 2264 570 ipse
2321 486 2559 546 venter
2604 475 2715 541 ali·

1157 619 1453 688 quorum
1514 591 1760 658 similis
1829 598 1931 658 est
2008 592 2076 657 in
2141 587 2461 654 intestino
2528 591 2593 648 et
2652 583 2716 646 in

1146 701 1331 780 aliis,
1366 701 1543 768 sicut
1572 700 1779 790 piscis
1812 699 1929 788 qui
1953 696 2181 763 Graece
2213 699 2498 758 vocatur
2527 689 2719 754 clera-

1155 812 1416 887 εΙιονοε,
1475 810 1589 899 qui
1633 808 1839 897 piscis
1878 811 1979 871 est
2038 801 2415 876 ruminanS,
2461 804 2528 862 et
2581 817 2717 861 non

1159 926 1260 985 est
1290 927 1494 984 notus
1530 918 1601 983 in
1659 913 1966 982 maribus
2033 917 2100 976 et
2147 903 2545 972 fluminibus
2593 925 2722 969 no-

1162 1026 1357 1092 stris:
1393 1024 1576 1092 hune
1609 1023 1793 1090 enim
1845 1019 2099 1108 piscem
2142 1021 2409 1104 oportet
2472 1011 2719 1079 habere

1162 1134 1474 1224 superius
1503 1132 1700 1197 aliter
1742 1129 2112 1216 figuratum
2151 1132 2457 1190 ventrem
2518 1140 2719 1210 quam

1164 1241 1358 1319 alios,
1403 1261 1484 1307 eo
1528 1235 1713 1327 quod
1748 1257 1888 1302 non
1920 1233 1996 1300 fit
2038 1231 2403 1298 ruminatio
2444 1228 2572 1294 nisi
2603 1224 2724 1291 vil·

1163 1349 1245 1416 lis
1286 1344 1831 1414 latitudinalibus
1877 1341 2068 1410 cibus
2107 1342 2175 1406 in
2216 1360 2292 1406 os
2331 1335 2725 1426 reprojicia-

1163 1465 1297 1536 tur,
1332 1463 1398 1522 et
1429 1459 1695 1543 oportet
1760 1452 1990 1518 cibum
2062 1456 2218 1515 ante
2283 1467 2359 1511 os
2415 1441 2725 1531 superius

1164 1560 1499 1631 stomachi
1524 1566 1949 1629 reservatum
1972 1577 2142 1622 esse.

1254 1669 1522 1737 Genera
1561 1675 1792 1733 autem
1823 1664 2114 1753 piscium
2145 1667 2209 1726 et
2234 1657 2448 1724 multa
2468 1654 2721 1730 avium,

1162 1779 1518 1868 proprium
1559 1772 1951 1841 membrum
1984 1768 2430 1835 inveniuntur
2449 1760 2723 1837 habere,

1163 1894 1229 1953 et
1257 1884 1386 1953 hoc
1416 1892 1517 1951 est
1548 1881 1732 1973 quod
1766 1877 2022 1946 habent
2055 1897 2279 1942 ramos
2328 1877 2651 1940 exeuntes
2691 1891 2728 1935 a

1165 1995 1305 2061 suis
1355 1991 1722 2067 intestinis,
1797 1996 2151 2077 tamquam
2209 2005 2424 2050 unum
2468 1980 2733 2047 intesti-

1168 2124 1331 2167 num
1367 2102 1436 2166 in
1467 2098 1688 2166 multa
1708 2093 2080 2169 dividatur,
2116 2091 2293 2159 sicut
2335 2110 2580 2155 manus
2626 2086 2733 2152 ‹li-

1169 2208 1464 2277 viditur:
1500 2214 1565 2273 et
1596 2203 1729 2272 hoc
1759 2201 2113 2269 invenitur
2142 2200 2214 2265 in
2243 2196 2568 2264 intestino
2608 2194 2733 2259 sal-

1171 2315 1424 2396 moniS,
1458 2322 1526 2382 et
1556 2310 1974 2379 inintestino
2021 2307 2249 2398 piscis,
2311 2305 2428 2395 qui
2495 2302 2733 2370 similis

1173 2431 1273 2492 est
1313 2420 1661 2513 anguillae,
1704 2418 1824 2487 sed
1857 2439 1997 2484 non
2046 2421 2148 2482 est
2220 2411 2549 2503 anguilla,
2619 2410 2735 2477 sed

1171 2530 1448 2597 brevior
1477 2551 1581 2610 ea,
1644 2534 1708 2594 et
1750 2544 2079 2614 maguum
2123 2519 2328 2587 habet
2382 2516 2594 2607 hepar
2625 2541 2735 2583 ro-

1174 2636 1491 2715 tundum,
1528 2636 1644 2725 qui
1680 2631 1866 2723 apud
1905 2653 2032 2698 nos
2062 2634 2347 2697 vocatur
2378 2628 2607 2693 alente
2630 2649 2649 2690 .·
2672 2635 2735 2690 et

1175 2747 1454 2836 quidam
1484 2751 1732 2811 vocant
1762 2764 1922 2808 eum
1954 2739 2270 2828 alruple:
2306 2734 2582 2826 quidam
2611 2756 2738 2798 au-

1174 2862 1312 2921 tem
1340 2850 1743 2942 simpliciter
1771 2856 2057 2938 ruptam
2088 2851 2357 2910 voc-ant.
2386 2840 2524 2908 Sed
2581 2862 2738 2906 aves

1177 2984 1468 3052 quarum
1537 2958 1860 3026 intestina
1918 2953 2239 3045 praedicto
2300 2949 2504 3017 modo
2563 2947 2740 3013 divi—

1176 3068 1455 3145 duntur,
1522 3088 1662 3132 non
1717 3072 1873 3130 sunt
1954 3070 2132 3127 notre
2192 3057 2369 3148 apud
2401 3076 2567 3122 uos:
2623 3053 2738 3120 sed

1179 3176 1350 3245 rami
1384 3176 1494 3244 isti
1525 3180 1685 3243 sunt
1710 3173 1778 3240 in
1808 3169 2053 3238 avibus
2086 3170 2154 3236 in
2195 3173 2383 3258 parte
2440 3162 2738 3232 inferiori

1178 3283 1425 3358 cordis,
1463 3290 1818 3372 tamquam
1859 3280 1991 3345 sint
2037 3277 2107 3344 in
2172 3275 2322 3342 loco
2377 3295 2569 3341 venae
2624 3294 2743 3362 per

1182 3411 1393 3481 quam
1422 3388 1618 3456 cibus
1656 3384 1871 3454 currit
1902 3385 2081 3452 inter
2107 3405 2228 3451 cor
2264 3390 2331 3450 et
2357 3379 2592 3470 hepar.
2664 3378 2739 3444 ln

1180 3495 1482 3588 piscibus
1539 3503 1773 3563 autem
1823 3499 1983 3559 sunt
2048 3490 2118 3557 in
2183 3496 2372 3581 parte
2410 3486 2739 3577 superiori

1182 3604 1700 3680 intestinorum,
1732 3610 1802 3670 et
1838 3599 2013 3668 forte
2044 3605 2246 3666 erunt
2310 3594 2509 3664 multi
2571 3594 2742 3661 sicut

1184 3713 1253 3780 in
1295 3710 1632 3789 salmone,
1666 3717 1735 3776 et
1763 3707 1939 3776 forte
1970 3707 2165 3798 pauci
2197 3703 2445 3771 suntin
2467 3701 2742 3793 quibus·

1184 3818 1341 3887 dam
1383 3817 1559 3885 aliis.
1615 3814 1813 3883 Multi
1877 3823 2109 3882 autem
2168 3813 2455 3904 piscium
2515 3817 2743 3879 carent

1179 3925 1388 3994 ramis
1427 3924 1587 4003 illis,
1620 3923 1740 3991 sed
1772 3921 2030 3991 babent
2056 3920 2378 3989 intestina
2424 3917 2738 3993 indivisa,

1172 4034 1350 4102 sic-ut
1381 4039 1443 4100 et
1475 4032 1611 4099 alia
1646 4030 1999 4098 animalia.

1265 4140 1587 4231 Amplius
1628 4148 1860 4207 autem
1894 4139 1963 4205 in
2002 4135 2358 4228 speciebus
2405 4135 2744 4223 majorum

1174 4250 1407 4318 avium
1449 4256 1551 4317 est
1592 4270 1845 4339 magna
1887 4246 2243 4314 diversitas
2315 4266 2595 4311 suorum
2638 4244 2747 4312 in-

1176 4357 1536 4434 teriorum,
1581 4354 1812 4443 major
1851 4375 2062 4444 quam
2102 4354 2189 4419 sit
2247 4351 2320 4418 in
2375 4349 2527 4418 aliis
2596 4353 2749 4419 ani-

1178 4462 1501 4541 malibus,
1543 4484 1700 4553 quae
1736 4459 1867 4527 sub
1898 4481 2037 4526 uno
2084 4457 2435 4526 communi
2502 4480 2746 4548 genere

1182 4571 1316 4639 alia
1361 4592 1615 4662 genera
1691 4566 2233 4636 subalternantis
2288 4566 2745 4646 continentur,

1182 4681 1356 4747 sicut
1395 4699 1649 4769 genera
1680 4676 1999 4768 piscium,
2067 4682 2135 4742 et
2193 4672 2737 4765 quadrupedum.

1182 4794 1244 4852 et
1269 4783 1695 4875 hujusmodi.
1751 4781 2084 4863 Quaedam
2135 4783 2321 4850 enim
2361 4779 2566 4870 hujus
2630 4804 2750 4872 gea

1185 4894 1371 4961 neris
1400 4892 1810 4960 animalium
1842 4888 2098 4959 habent
2136 4889 2204 4957 iu
2245 4889 2569 4956 anteriori
2623 4913 2748 4956 suo

1185 5001 1314 5070 sub
1353 4999 1533 5070 collo
1577 5002 1865 5068 interius
1893 5023 2169 5090 papam,
2212 5020 2362 5090 quae
2401 5006 2500 5065 est
2530 5021 2569 5065 a
2607 5000 2753 5089 qui·

1186 5108 1477 5178 busdam
1515 5107 1696 5175 dicta
1717 5117 2016 5185 struma,
2042 5114 2166 5174 eta
2194 5103 2601 5197 quibusdam
2623 5127 2751 5171 vo-

1186 5224 1380 5285 catur
1416 5215 1746 5294 vesicula,
1808 5236 1891 5282 eo
1959 5213 2146 5305 quod
2184 5213 2436 5281 creatio
2466 5213 2613 5300 ejus
2650 5220 2748 5281 est

1187 5346 1270 5394 ex
1293 5325 1430 5407 ‚tela
1474 5324 1738 5394 nervali
1795 5324 1974 5391 sicut
1999 5323 2248 5406 vesica,
2291 5323 2466 5391 sicut
2501 5323 2744 5415 gallus,

1187 5440 1253 5501 et
1282 5431 1630 5510 columba,
1675 5438 1743 5499 et
1771 5430 2040 5521 perdix,
2088 5438 2156 5498 et
2212 5432 2625 5519 sperverius,
2685 5440 2752 5499 et

1190 5538 1339 5607 aliae
1398 5536 1797 5625 hujusmodi
1846 5557 2053 5605 aves:
2126 5544 2191 5602 et
2254 5537 2509 5603 creatio
2546 5535 2750 5626 hujus

1188 5670 1381 5740 papae
1407 5653 1510 5716 est
1547 5667 1634 5713 ex
1663 5646 1855 5714 corio
1893 5646 2038 5716 sive
2095 5644 2230 5715 tela
2283 5667 2535 5737 magna
2597 5669 2752 5738 pro·

1472 5797 1537 5839 xl

4250 305 4377 372 193

2823 473 3030 540 funda
3061 474 3441 540 extensibili
3476 475 3852 541 secundum
3905 473 4380 540 extensionem

2824 581 2950 646 cibi
2986 582 3464 647 tumescentis:
3518 590 3583 646 et
3643 583 3709 647 in
3779 585 3926 668 ipso
3996 583 4385 647 continetur

2821 689 3010 756 cibus
3038 688 3438 778 indigestus.
3486 688 3565 754 Et
3595 711 3793 754 causa
3827 687 4032 776 hujus
4065 695 4190 766 est,
4218 688 4377 777 quia

2824 796 3216 863 stomachus
3255 797 3494 863 talium
3552 799 3781 862 avium
3834 803 3933 861 est
3981 817 4258 883 parvuS,
4315 801 4383 860 et

2826 903 3190 993 aliquando
3222 904 3455 992 spissae
3484 904 3704 970 carnis
3735 911 3799 968 et
3857 903 4042 968 durae
4107 908 4175 966 et
4244 923 4383 966 non

2826 1008 3268 1087 extensibiliS,
3305 1011 3374 1075 in
3408 1033 3542 1098 quo
3577 1032 3711 1076 non
3745 1018 3969 1099 potest
4015 1008 4254 1100 reponi
4296 1007 4388 1074 ci·-

2825 1119 2951 1185 bus
2981 1117 3110 1184 nisi
3137 1117 3324 1206 prius
3356 1118 3623 1184 amittat
3657 1125 4001 1184 tumorem
4075 1115 4386 1182 inllatio-

2828 1225 2956 1302 nis,
3000 1224 3171 1291 sicut
3201 1224 3270 1289 in
3310 1222 3584 1312 gallina,
3621 1231 3683 1289 et
3722 1245 3987 1291 ansere.

2916 1334 3034 1400 Est
3100 1342 3324 1400 autem
3411 1332 3552 1400 haec
3608 1356 3782 1423 papa
3851 1335 3919 1398 in
3973 1332 4384 1422 quibusdam

2830 1444 3058 1510 avium
3086 1465 3295 1532 parva
3335 1451 3402 1510 et
3440 1445 3628 1534 quasi
3681 1443 4000 1520 rotunda,
4071 1445 4249 1509 sicut
4315 1441 4386 1507 in

2830 1556 3198 1644 sperveriO,
3272 1561 3334 1620 et
3409 1553 3725 1620 columba
3761 1576 3775 1621 t
3844 1554 3911 1619 in
3974 1551 4388 1642 quibusdam

2831 1668 3057 1727 autem
3097 1660 3523 1750 permaxima
3554 1660 3925 1727 ascendens
3954 1662 4022 1726 in
4065 1659 4243 1726 collo
4277 1682 4388 1725 us·

2832 1792 2963 1860 que
2996 1769 3082 1837 ad
3124 1769 3372 1859 linguae
3404 1770 3719 1845 radicem,
3756 1771 3931 1836 sicut
3986 1771 4054 1835 in
4118 1790 4383 1835 ansere.

2834 1878 2913 1943 1⁴31
2943 1879 3256 1968 quaedam
3286 1888 3388 1947 est
3427 1880 3570 1947 avis
3601 1878 3752 1947 alba
3785 1880 4007 1968 major
4031 1901 4238 1969 quam
4265 1900 4392 1969 cy-

2834 2009 3033 2075 gnus,
3057 1986 3250 2074 cujus
3282 1987 3585 2053 extensio
3608 1985 3872 2052 alarum
3896 1984 4159 2052 excedit
4179 2006 4393 2075 quan·

2838 2096 3097 2162 titatem
3147 2094 3562 2162 extensionis
3592 2093 4029 2160 brachiorum
4088 2090 4393 2159 hominis

2839 2201 2905 2266 in
2934 2209 3218 2290 utraque
3237 2208 3427 2291 parte
3454 2222 3469 2266 ε
3497 2210 3558 2266 ct
3593 2198 3732 2268 baec
3766 2200 3970 2266 babet
3994 2220 4246 2289 papam
4271 2221 4396 2263 ru-

2838 2306 3032 2374 beam
3056 2309 3353 2375 exterius
3386 2308 3890 2397 prominentem
3952 2305 4396 2395 permaxima?

2839 2415 3258 2506 quantitatis,
3302 2416 3477 2480 sicut
3512 2415 3599 2480 sit
3647 2436 3939 2504 maguus
3998 2435 4258 2484 sac-cus,
4331 2418 4399 2478 et

2838 2523 3277 2592 continuatur
3303 2521 3386 2588 ad
3420 2522 3675 2588 radices
3714 2520 3964 2608 lingua·
3986 2520 4157 2607 ejus,
4189 2526 4255 2584 et
4294 2527 4391 2585 est

2839 2635 2984 2702 avis
3042 2633 3352 2722 aquatica
3412 2631 3608 2698 valde·
3642 2631 3823 2715 longi
3868 2631 4093 2696 rostri.
4160 2628 4397 2695 Extre-

2841 2765 3028 2810 mum
3061 2751 3288 2809 autem
3319 2743 3630 2831 superius
3659 2738 3862 2826 lmjus
3903 2761 4093 2828 papae
4123 2737 4188 2803 in
4236 2758 4397 2804 om-

2843 2850 3040 2919 nibus
3080 2873 3323 2941 papam
3357 2846 3788 2925 habentibus,
3842 2855 3942 2913 cst
3992 2847 4215 2937 magis
4280 2867 4400 2911 an-

2842 2969 3117 3050 gustum
3159 2980 3364 3048 quam
3396 2957 3699 3034 inferius,
3733 2954 3848 3021 ubi
3883 2955 3966 3020 ad
4024 2979 4101 3021 os
4141 2961 4398 3021 stoma-

2842 3067 2947 3135 cbi
2980 3067 3291 3157 superius
3321 3066 3795 3133 continuatur:
3867 3072 3931 3130 et
3965 3072 4118 3153 post
4180 3070 4407 3129 extre·

2844 3201 3031 3245 mum
3063 3176 3376 3268 superius
3423 3174 3744 3243 continue.
3809 3171 4291 3264 amplificatur,
4335 3176 4403 3237 et

2842 3295 3221 3355 extremum
3282 3284 3562 3352 iuferius
3627 3282 3930 3370 ejusdcm
4000 3303 4194 3372 papze
4254 3278 4408 3346 stri-

2841 3395 3014 3461 ctius
3051 3401 3155 3461 est
3182 3389 3709 3482 aliquantulum,
3746 3411 3951 3479 quam
3976 3386 4298 3477 superius
4327 3406 4407 3451 os

2841 3497 3218 3567 stomachi:
3264 3496 3447 3589 quod
3482 3496 3557 3564 tit
3586 3518 3673 3563 ne
3722 3493 3917 3563 cibus
3993 3493 4077 3560 ad
4139 3498 4407 3558 stoma-

2842 3605 3045 3673 chum
3112 3605 3248 3673 cito
3314 3604 3569 3673 crudus
3618 3611 3681 3670 et
3739 3604 4207 3670 intumescens
4282 3596 4409 3663 de-

2842 3714 3140 3783 scendat.
3185 3713 3443 3780 Venter
3511 3720 3744 3779 autem
3808 3711 4041 3776 avium
4083 3727 4411 3799 quarum·

2844 3822 2999 3889 dam
3032 3822 3176 3889 sive
3207 3818 3607 3888 stomachus
3635 3825 3904 3885 creatur
3932 3838 4013 3882 ex
4042 3836 4246 3881 carne
4276 3811 4410 3878 du-

2845 3929 3111 3997 rissima
3136 3927 3277 3996 fere
3336 3927 3511 3994 inter
3546 3948 3786 3993 omnes
3822 3944 4060 3991 carni-s
4091 3921 4406 3986 omnium

2844 4034 3273 4113 animalium,
3344 4043 3406 4101 ct
3460 4032 3742 4099 interius
3807 4030 4113 4121 operitur
4176 4026 4409 4094 tunica

2845 4146 3014 4213 dura
3040 4142 3240 4213 valde
3269 4152 3335 4211 et
3362 4141 3547 4221 forti,
3616 4164 3697 4208 eo
3764 4137 3950 4231 quod
4016 4137 4411 4228 frequenter

2846 4252 3014 4320 dura
3070 4252 3408 4344 permixta
3468 4246 3806 4339 lapidibus
3848 4247 3914 4313 in
3951 4245 4179 4335 ipsum
4210 4242 4410 4332 traji-

2846 4358 3142 4437 ciuntur,
3174 4364 3241 4424 et
3280 4355 3638 4423 laederetur
3683 4376 3722 4419 a
3778 4349 4031 4419 talibus
4104 4349 4162 4415 si
4227 4356 4407 4415 esset

2848 4462 3274 4531 immunitus.
3325 4459 3486 4528 lla‘c
3542 4467 3770 4526 autem
3839 4456 4070 4524 tunica
4117 4451 4410 4520 faciliter

2848 4571 3235 4639 excoriatur
3261 4591 3301 4636 a
3318 4563 3675 4635 stomacho
3700 4566 4031 4654 ipsarum.
4074 4560 4408 4641 Quaedam

2849 4686 3077 4745 autem
3118 4677 3456 4764 majorum
3481 4675 3742 4757 avium,
3805 4695 3942 4740 nnn
3994 4668 4248 4737 babent
4291 4691 4409 4758 pa·

2848 4810 3033 4880 pam,
3066 4783 3181 4852 sed
3210 4783 3361 4853 loco
3393 4785 3543 4872 ejus
3579 4779 3831 4849 babent
3873 4779 4042 4847 meri
4099 4774 4411 4865 amplum

2848 4893 3045 4962 valde
3084 4893 3479 4984 prominens
3509 4897 3663 4956 ante
3701 4886 3980 4956 collum.
4017 4880 4411 4974 Aliquando

2851 5010 3077 5069 autem
3119 5023 3260 5068 non
3300 4997 3552 5066 habeut
3591 4992 4114 5086 amplitudinem
4165 4988 4297 5056 nisi
4341 4989 4410 5056 in

2849 5108 3151 5177 inferiori
3183 5115 3400 5199 parte,
3436 5105 3553 5173 ubi
3583 5103 3928 5171 vicinatur
3944 5094 4305 5167 stomacho
4336 5103 4414 5163 ut

2853 5220 2919 5285 in
2950 5239 3185 5299 corvo,
3218 5224 3283 5284 et
3312 5239 3438 5283 ave
3491 5235 3644 5305 quae
3669 5210 3947 5301 quidem
4006 5205 4116 5276 vel
4145 5204 4415 5298 qaudes

2849 5334 3155 5404 vocatur,
3226 5348 3378 5415 qua·
3447 5318 3819 5389 secundum
3898 5316 4237 5409 quosdam
4314 5320 4416 5382 est

2851 5432 3197 5501 falconum
3256 5453 3499 5522 genus.
3562 5428 3964 5495 ‹tuturnicvs
4030 5425 4240 5491 ctiam
4299 5420 4422 5488 lm·

2851 5540 3015 5610 bent
3074 5539 3242 5609 illud
3307 5538 3494 5631 quod
3544 5560 3628 5605 ex
3684 5534 4000 5603 membro
4075 5530 4422 5601 vicinatur

2852 5644 3237 5725 stomachO,
3300 5643 3542 5724 latum,
3602 5649 3669 5711 et
3724 5638 4045 5709 similiter
4080 5633 4299 5714 hubo,
4351 5639 4422 5702 et

4024 5773 4094 5831 ¹3
