4919 6371
2030 299 2202 369 LIB.
2255 297 2353 365 lx
2399 295 2520 364 DE
2565 292 3150 380 ANIMALIBUS‚
3200 298 3511 367 TRACT.
3567 297 3595 364 1

1740 1333 2036 1402 CAPUT
2084 1332 2170 1399 V.

1159 2087 1265 2153 De
1327 2085 1649 2176 qemim's,
1730 2093 1793 2150 et
1857 2082 1942 2148 de
1995 2082 2105 2148 lais
2158 2102 2311 2171 quae
2384 2078 2723 2168 recipiunt

1249 2216 1461 2260 unam
1533 2190 2173 2282 impraeqnalionem
2217 2210 2424 2279 super
2476 2187 2715 2263 aliam,

1243 2311 1306 2368 el
1347 2299 1432 2368 de
1457 2300 1566 2367 lais
1594 2322 1747 2390 quae
1783 2299 1911 2365 laeoc
1937 2320 2076 2365 non
2097 2297 2396 2388 faciunt.

1244 3148 1834 3219 Considerandum
1866 3157 2098 3216 antem
2138 3155 2238 3216 est
2278 3152 2529 3238 praeter
2564 3168 2720 3215 om-

1146 3260 1263 3327 nia
1296 3282 1447 3350 quae
1495 3257 1674 3327 dicta
1706 3266 1864 3325 sunt
1923 3256 2005 3324 de
2038 3256 2388 3347 principiis
2432 3276 2720 3347 genera-

1141 3370 1353 3438 tionis
1409 3366 1741 3446 hominis,
1807 3364 1996 3457 quod
2061 3364 2339 3456 quidam
2397 3361 2718 3432 animalia

1141 3475 1424 3565 pariunt
1480 3475 1723 3542 l'oetum
1794 3473 2074 3541 unicum
2138 3494 2154 3539 z
2219 3470 2538 3562 quaedam
2603 3493 2720 3537 au·

1141 3592 1282 3650 tem
1314 3580 1652 3672 plurimos
1690 3578 1927 3661 simul.
1971 3582 2147 3648 sicut
2179 3601 2359 3657 mus,
2400 3586 2470 3647 et
2505 3578 2714 3655 canis,

1145 3696 1213 3757 et
1250 3688 1390 3766 le0,
1423 3694 1490 3755 et
1528 3686 1927 3776 hujusmodi
1958 3683 2309 3754 animalia.
2345 3684 2575 3753 llomo
2606 3707 2721 3751 au-

1150 3803 1292 3862 tem
1323 3795 1644 3862 convenit
1694 3816 1853 3861 cum
1902 3792 2233 3882 utrisque.
2268 3789 2346 3857 ln
2401 3789 2721 3859 omnibus

1154 3909 1386 3970 tamen
1425 3899 1594 3970 locis
1624 3899 2074 3969 habitationis
2112 3897 2433 3966 humanae
2483 3899 2721 3965 mulie·

1156 4035 1261 4079 res
1284 4013 1355 4078 in
1388 4010 1632 4100 majori
1666 4017 1858 4101 parte
1887 4009 2161 4099 pariunt
2192 4007 2427 4075 l'oetum
2458 4029 2712 4074 unum:

1149 4118 1269 4187 sed
1311 4118 1380 4185 in
1411 4116 1827 4209 quibusdam
1861 4115 2100 4208 paucis
2143 4113 2310 4183 locis
2338 4113 2722 4205 frequenter

1148 4224 1425 4318 pariunt
1470 4221 1816 4316 geminos,
1868 4230 2151 4313 propter
2213 4220 2718 4289 multitudinem

1148 4330 1463 4399 humoris
1494 4327 1850 4397 seminalis
1882 4330 2000 4418 qui
2042 4328 2346 4397 nascitur
2384 4330 2452 4396 in
2484 4350 2717 4419 corpo·

1150 4437 1339 4505 ribus
1386 4434 1752 4504 hominum
1786 4435 1854 4502 in
1906 4433 2075 4503 locis
2122 4433 2283 4514 illis,
2314 4435 2491 4503 sicut
2526 4434 2600 4501 fit
2652 4436 2718 4502 in

1148 4543 1456 4635 JEgypto
1494 4549 1828 4632 :propter
1892 4540 2077 4632 quod
2154 4542 2360 4608 etiam
2417 4539 2723 4610 luxurio-

1147 4672 1297 4717 sam
1357 4670 1632 4716 necesse
1683 4654 1786 4715 est
1851 4668 2000 4715 esse
2040 4656 2318 4738 gentem
2366 4646 2722 4739 „Egyptia-

1147 4778 1325 4825 cam.
1385 4753 1461 4822 In
1521 4752 1650 4822 hac
1688 4751 1874 4821 enim
1933 4760 2115 4821 terra
2165 4751 2485 4822 mulieres
2540 4778 2718 4845 saepe

1142 4865 1422 4956 pariunt
1450 4870 1611 4940 tres,
1653 4869 1722 4929 et
1750 4883 1930 4952 saepe
1970 4870 2291 4952 quatuor.
2338 4861 2561 4951 Major
2603 4886 2723 4931 au-

1142 4981 1283 5041 tem
1318 4992 1646 5039 numerus
1686 4967 1772 5036 ad
1808 4963 2020 5060 'quem
2061 4968 2424 5060 aliquoties
2473 4993 2718 5060 perve-

1145 5079 1345 5147 niunt
1393 5077 1562 5156 nati,
1624 5084 1727 5144 est
1776 5075 2130 5168 quinque:
2167 5074 2299 5145 hoc
2346 5077 2529 5145 enim
2572 5077 2715 5166 jam

1026 5184 1031 5190 ’
1142 5186 1372 5254 visum
1404 5193 1505 5253 est
1537 5183 1607 5250 in
1639 5182 1875 5251 multis
1930 5181 2361 5263 mulieribus,
2396 5183 2489 5250 ita
2536 5183 2719 5274 quod

1144 5293 1463 5386 quaedam
1499 5291 1748 5361 mulier
1787 5292 1857 5359 in
1888 5291 2196 5383 AEgypto
2244 5293 2511 5384 peperit
2547 5316 2721 5385 qua—

1138 5410 1301 5470 tuor
1336 5399 1605 5468 vicibus
1651 5399 1900 5491 viginti
1958 5398 2164 5477 filios,
2215 5399 2517 5492 qualibet
2572 5401 2718 5470 vice

1138 5509 1470 5601 quinque,
1511 5514 1577 5575 et
1608 5506 2139 5598 supervixerunt
2165 5506 2397 5599 plures
2418 5530 2660 5577 eorum
2696 5550 2713 5596 :

1143 5626 1211 5687 et
1250 5623 1604 5685 narratum
1650 5623 1753 5685 est
1804 5615 1978 5685 mihi
2034 5638 2075 5686 a
2112 5617 2414 5688 veridico
2473 5626 2541 5687 et
2594 5641 2720 5687 ex-

4261 303 4389 371 509

2835 476 3028 557 perto
3061 470 3346 548 medico,
3383 469 3567 560 quod
3598 471 3915 560 quaedam
3956 473 4203 540 nobilis
4244 497 4394 541 mu-

2838 573 2962 640 lier
3010 577 3077 640 in
3119 575 3481 643 Germania
3511 577 3774 665 peperit
3811 582 4164 668 sexaginta
4214 581 4391 648 lilios

2839 680 3139 768 qualibet
3185 682 3331 748 vice
3378 683 3705 772 quinque,
3754 690 3820 749 et
3875 684 4102 753 nullus
4149 710 4388 755 eorum

2837 787 3022 852 venit
3052 787 3136 854 ad
3163 796 3431 856 aetatem
3461 790 3725 858 dimidii
3766 792 3926 858 anni
3963 816 3976 858 ε
4016 802 4081 859 et
4122 815 4248 861 nos
4280 795 4391 862 in-

2835 892 3040 960 ferius
3084 904 3522 976 revertemur,
3575 905 3642 965 et
3697 899 4126 966 narrabimus
4179 904 4392 969 mira-

2837 1001 3000 1068 bilia
3029 1002 3109 1069 de
3140 1003 3570 1071 multitudine
3623 1006 4059 1094 geminorum
4109 1030 4264 1098 quae
4303 1009 4389 1077 ad

2836 1131 2962 1175 nos
2992 1108 3427 1176 devenerunt.
3470 1111 3827 1178 Avicenna
3854 1121 4084 1180 narrat
4113 1113 4195 1182 de
4225 1137 4391 1205 qua-

2837 1216 2993 1284 dam
3024 1240 3176 1308 quoe
3210 1218 3524 1286 abortum
3553 1219 3711 1287 fecit
3741 1220 3822 1288 de
3853 1222 4093 1312 viginti
4120 1222 4387 1291 duobus

2832 1325 3161 1415 figuratiS‚
3197 1333 3259 1393 et
3285 1325 3368 1392 de
3408 1326 3704 1417 quadam
3745 1349 3898 1418 qum
3931 1329 4252 1397 abortum
4282 1332 4389 1398 fe-

2834 1431 2924 1496 cit
2976 1429 3058 1495 de
3104 1430 3536 1521 septuaginta
3591 1431 3898 1522 figuratis
3939 1433 4007 1498 in
4048 1436 4383 1524 tempori-

2831 1534 2960 1603 bus
3005 1536 3168 1603 suis.
3231 1535 3313 1604 Et
3352 1539 3652 1605 narravit
3710 1537 3882 1605 mihi
3919 1538 4248 1624 medicus,
4300 1541 4382 1610 de

2833 1665 2967 1732 quo
3005 1665 3207 1733 supra
3236 1643 3519 1711 fecimus
3558 1645 4004 1725 mentionem,
4043 1647 4226 1737 quod
4273 1649 4384 1739 ip-

2831 1772 2903 1817 se
2932 1758 3212 1819 vocatus
3267 1752 3391 1819 suit
3425 1752 3512 1820 ad
3559 1776 3793 1821 curam
3832 1754 4185 1843 cujusdam
4226 1779 4386 1824 mu-

2829 1857 3012 1925 lieris
3041 1857 3312 1942 nobilis,
3356 1883 3510 1950 quae
3541 1860 3698 1929 fecit
3735 1860 4055 1929 abortum
4097 1862 4180 1930 de
4221 1886 4386 1932 cen-

2830 1973 2974 2031 tum
3005 1974 3070 2034 et
3101 1968 3598 2058 quinquaginta
3626 1968 3858 2053 simul,
3893 1978 3960 2037 et
3995 1971 4279 2060 putabat
4316 1993 4387 2038 se

2827 2096 3093 2141 vermes
3121 2077 3423 2144 emisisse
3455 2076 3537 2144 de
3568 2079 3849 2145 matrice
3884 2099 3898 2144 z
3937 2087 4006 2146 et
4039 2101 4196 2147 cum
4229 2103 4388 2169 ape-

2830 2182 3119 2249 rirentur
3154 2182 3327 2263 telae,
3372 2185 3628 2251 inventi
3669 2193 3829 2252 sunt
3872 2187 4059 2275 pueri
4113 2186 4379 2277 figurati

2828 2289 3154 2357 habentes
3184 2293 3658 2380 quantitatem,
3701 2294 3879 2360 sicut
3905 2301 4006 2360 est
4043 2293 4386 2362 auricula-

2827 2401 2917 2465 ris
2945 2397 3196 2488 digitus
3226 2397 3527 2466 hominis
3569 2422 3586 2466 z
3633 2409 3698 2467 et
3729 2399 3956 2489 plures
3995 2424 4235 2469 eorum
4267 2401 4386 2469 ha-

2825 2505 3070 2573 bebant
3104 2514 3365 2574 motum
3418 2515 3484 2574 et
3531 2506 3950 2576 dilatationis
3998 2517 4064 2576 et
4112 2517 4391 2577 contra-

2824 2613 3088 2689 ctioniS,
3138 2623 3201 2680 et
3259 2613 3450 2703 plura
3507 2613 3642 2682 alia
3695 2617 3895 2705 signa
3958 2616 4139 2694 vitae,
4192 2624 4256 2682 et
4309 2617 4378 2684 in

2824 2719 2999 2809 pelvi
3042 2743 3278 2788 omnes
3325 2720 3645 2809 jacebant
3702 2731 3859 2790 ante
3909 2723 4146 2791 oculos
4201 2725 4375 2813 ejus,

2824 2835 2890 2896 et
2917 2835 3108 2896 erant
3147 2828 3325 2897 oculi
3357 2852 3595 2898 eorum
3629 2830 4046 2921 incompleti,
4083 2840 4150 2898 et
4197 2831 4379 2922 digi-

2823 2936 2870 3002 ti
2905 2959 3143 3003 manus
3173 2937 3363 3027 quasi
3396 2937 3775 3027 capillares,
3821 2946 3888 3006 et
3916 2940 4230 3007 similiter
4267 2939 4379 3007 di-

2822 3043 2941 3135 giti
2972 3043 3245 3134 pedum.
3283 3044 3381 3111 l)e
3411 3068 3618 3113 causa
3665 3056 3893 3115 autem
3942 3048 4378 3138 geminorum

2824 3174 2948 3219 nos
2987 3160 3221 3242 postea
3251 3151 3637 3244 loquemur.

2912 3259 3110 3338 Quod
3183 3268 3409 3327 autem
3490 3260 3801 3330 mirabile
3875 3262 4165 3340 videtur,
4246 3272 4372 3340 est,

2823 3366 3005 3458 quod
3061 3368 3115 3433 si
3157 3367 3225 3434 in
3271 3367 3563 3436 alioruin
3618 3370 4021 3437 animalium
4066 3368 4378 3459 gemellis

2824 3470 3118 3556 stt-tibus,
3168 3471 3446 3562 quidam
3486 3482 3588 3540 est
3634 3495 3784 3541 mas
3830 3483 3896 3542 et
3947 3474 4224 3565 quidam
4265 3474 4384 3542 soe-

2825 3577 3034 3653 mina,
3105 3582 3545 3669 supervivent
3605 3588 3671 3649 et
3720 3580 4009 3648 evadent
4066 3606 4103 3648 a
4164 3588 4383 3649 morte

2825 3708 3038 3775 usqne
3069 3684 3153 3753 ad
3191 3687 3721 3777 completionem
3761 3687 4019 3777 periodi
4069 3710 4220 3779 quae
4258 3686 4383 3754 de-

2824 3791 3022 3860 betur
3069 3815 3207 3860 suae
3260 3795 3531 3883 speciei.
3579 3794 3656 3861 ln
3706 3792 4101 3862 hominibus
4149 3803 4379 3863 autem

2827 3900 3165 3967 rarissime
3209 3899 3507 3969 evadunt
3552 3900 3854 3991 gemelli,
3899 3903 4014 3991 qui
4057 3909 4214 3969 sunt
4269 3901 4381 3969 di-

2823 4008 2999 4075 versi
3068 4029 3296 4086 sexuS,
3344 4006 3709 4098 aliquoties
3766 4017 3994 4076 tamen
4059 4010 4378 4099 supervi-

2822 4121 2988 4179 vunt
3025 4133 3041 4178 :
3077 4122 3142 4180 et
3183 4110 3389 4200 hujus
3444 4135 3650 4181 causa
3697 4119 3799 4180 est
3838 4112 4151 4181 delicatio
4182 4135 4380 4181 com—

2823 4217 3155 4309 plexionis
3203 4218 3548 4297 humanm,
3596 4229 3663 4288 et
3714 4219 4096 4287 teneritudo
4157 4229 4379 4287 mate-

2825 4327 2938 4394 riae
2994 4350 3146 4418 qua·
3203 4326 3875 4417 distemperationem
3951 4326 4374 4394 diversarum

2823 4434 3223 4525 qualitatum
3274 4434 3782 4503 distinctionem
3859 4456 4060 4502 sexus
4125 4434 4385 4502 facien—

2822 4542 2994 4608 tium
3044 4542 3374 4609 sustinere
3403 4542 3472 4608 in
3530 4541 3769 4632 vigore
3798 4540 3913 4608 vix
3962 4549 4210 4632 potest,
4245 4542 4372 4608 nisi

2824 4646 2891 4717 in
2964 4646 3364 4716 mulieribus
3437 4646 3636 4715 valde
3711 4647 3946 4739 paucis
4029 4655 4097 4716 et
4180 4647 4378 4716 sorti-

2822 4755 2973 4823 bus.

2911 4860 3152 4931 Adhuc
3203 4871 3431 4930 autem
3491 4861 3681 4930 nulla
3737 4859 4024 4929 omnino
4099 4859 4378 4929 hemina

2824 4972 3112 5041 aliorum
3178 4973 3580 5041 animalium
3639 4970 3724 5038 ab
3788 4969 4071 5039 homine
4139 4972 4375 5062 recipit

2822 5088 2935 5149 aut
2989 5081 3271 5148 sustinet
3332 5082 3590 5148 coitum
3651 5085 3804 5169 post
3865 5078 4378 5169 impraegnatio-

2822 5210 3002 5257 nem.
3049 5187 3290 5256 Mulier
3355 5197 3585 5256 autem
3651 5193 3804 5277 post
3871 5187 4379 5276 imprzegnatio·

2821 5318 2975 5365 nem
3046 5319 3180 5364 non
3246 5294 3469 5364 solum
3547 5297 3832 5363 sustinet
3900 5295 4183 5374 coitum,
4253 5295 4373 5362 sed

2822 5406 3027 5473 etiam
3067 5404 3399 5472 desiderat
3434 5410 3601 5471 tunc
3636 5404 3819 5471 coire
3848 5401 4000 5493 plus
4032 5408 4096 5468 et
4126 5402 4375 5490 saepius

2821 5533 3026 5603 quam
3067 5511 3311 5579 lecerat
3339 5509 3615 5601 quando
3645 5533 3785 5579 non
3813 5510 3940 5579 l'uit
3967 5512 4378 5598 improegna-

2822 5627 2914 5698 ta,
2948 5619 3284 5710 praecipue
3312 5617 3371 5685 si
3400 5627 3500 5689 est
3542 5619 3988 5711 impraegnata
4033 5614 4115 5684 de
4144 5612 4378 5683 roemi-
