4919 6371
2015 364 2185 432 LIB.
2238 362 2370 430 XII
2416 361 2537 428 DE
2583 358 3178 442 ANIMALfflUS,
3228 363 3544 431 TRACT.
3597 365 3661 432 11

1182 542 1617 633 digestivum,
1655 546 1826 612 sicut
1855 564 2030 630 saepe
2071 543 2138 606 in
2180 537 2588 606 antehabitis
2628 538 2735 605 di-

1181 655 1433 732 ximus,
1470 652 1655 742 quod
1686 661 1786 717 est
1823 652 1928 715 via
1974 671 2094 737 per
2144 669 2349 737 quam
2384 649 2588 715 intrat
2635 649 2735 716 ei-

1179 761 1307 828 bus
1347 761 1431 827 ad
1479 760 1704 827 locum
1748 757 2172 845 digestionis,
2208 765 2457 823 etcum
2500 758 2727 834 intrat,

1181 878 1280 936 est
1311 868 1707 956 indigestuS‚
1760 864 1915 931 licet
1954 864 2240 955 digestio
2292 867 2361 932 in
2400 888 2517 933 ore
2568 866 2733 932 inci-

1181 976 1346 1065 piat.
1383 973 1469 1040 Et
1496 970 1808 1039 similiter
1844 972 1913 1038 in
1959 973 2128 1040 meri
2168 973 2312 1040 sive
2360 970 2731 1061 oesophago

1176 1104 1299 1172 per
1326 1102 1528 1170 quem
1568 1081 1772 1147 etiam
1814 1088 1915 1146 est
1947 1080 2263 1147 introitus
2293 1079 2423 1146 cibi
2463 1085 2620 1167 post
2658 1099 2734 1143 os

1180 1190 1248 1254 in
1314 1186 1722 1255 animalibus
1788 1185 2195 1254 habentibus
2252 1184 2729 1275 oesophagum‚

1177 1317 1301 1386 per
1337 1295 1511 1363 hanc
1540 1296 1722 1362 enim
1762 1295 1946 1361 viam
1995 1294 2187 1361 cibus
2221 1291 2411 1357 vadit
2449 1290 2536 1357 ad
2584 1300 2732 1357 sto-

1180 1403 1525 1472 machum.

1271 1508 1448 1576 Sunt
1475 1516 1703 1576 autem
1735 1518 1801 1576 et
1830 1508 1962 1574 alia
2000 1509 2310 1576 membra
2352 1506 2486 1576 hoc
2526 1508 2729 1577 modo

1178 1616 1513 1706 principia
1564 1616 1880 1683 introitus
1929 1615 2063 1682 cibi
2117 1617 2506 1695 existentia,
2559 1618 2731 1684 sicut

1180 1734 1281 1793 est
1308 1748 1482 1816 papa
1514 1725 1583 1791 in
1614 1723 1884 1803 avibuS,
1916 1732 1982 1792 et
2011 1748 2087 1791 os
2126 1724 2438 1815 superius
2469 1732 2734 1793 stoma-

1179 1831 1311 1909 chi,
1371 1839 1437 1899 et
1474 1830 1867 1920 hujusmodi
1915 1854 1930 1897 :
1996 1831 2146 1899 haec
2212 1833 2396 1899 enim
2464 1840 2733 1921 oportet

1178 1963 1325 2008 esse
1362 1939 1692 2030 principia
1738 1941 2148 2029 sumptionis
2195 1938 2354 2017 cibi,
2416 1962 2499 2007 eo
2548 1942 2733 2030 quod

1177 2056 1398 2116 totum
1429 2070 1673 2138 corpus
1701 2071 1823 2138 per
1851 2048 1965 2114 illa
1995 2047 2224 2115 cibum
2275 2048 2543 2139 accipit.
2596 2051 2731 2117 Ar-

1176 2155 1378 2223 bores
1416 2153 1643 2223 cibum
1683 2154 2007 2245 frigidum
2059 2155 2397 2245 accipiunt
2443 2179 2565 2247 per
2620 2179 2727 2224 ra·

1175 2261 1356 2328 dices
1383 2283 1540 2327 suas
1579 2283 1619 2327 a
1643 2270 1844 2340 terra,
1890 2264 2003 2351 qui
2037 2261 2423 2351 completus
2455 2272 2556 2330 est
2613 2262 2729 2331 illa

1176 2368 1581 2458 digestione,
1615 2391 1766 2458 quae
1799 2378 2065 2459 separat
2091 2392 2342 2460 purum
2373 2368 2457 2437 ab
2498 2370 2731 2461 impu-

1175 2500 1251 2545 ro
1289 2499 1305 2544 ε
1340 2484 1407 2544 et
1434 2485 1686 2568 sugunt
1715 2477 1938 2567 ipsum
1988 2477 2237 2567 plantae
2286 2500 2326 2545 a
2370 2485 2552 2546 terra
2602 2501 2617 2546 ε
2661 2487 2729 2547 et

1179 2581 1330 2650 ideo
1376 2582 1565 2649 cibus
1611 2581 1998 2673 plantarum
2057 2605 2196 2649 non
2247 2581 2448 2651 habet
2496 2607 2729 2675 supcr-

1175 2688 1512 2754 ssuitatem
1545 2689 1861 2754 stercoris
1898 2688 2007 2755 vel
2040 2690 2254 2755 urinae
2286 2711 2436 2778 quae
2470 2689 2727 2777 rejicia-

1177 2803 1307 2863 tur.
1355 2796 1437 2863 Et
1476 2799 1634 2886 quia
1667 2820 1802 2862 non
1843 2804 2094 2886 sugunt
2127 2797 2372 2887 plantae
2424 2798 2550 2864 nisi
2592 2797 2727 2865 liu-

1171 2925 1435 2972 morem
1467 2903 1880 2994 completum
1921 2904 2004 2970 ad
2046 2904 2294 2994 plantae
2339 2906 2726 2974 nutrimen-

1173 3019 1345 3090 tum,
1373 3012 1523 3079 idco
1559 3034 1697 3079 non
1729 3011 1881 3080 fecit
1910 3013 2008 3079 eis
2033 3020 2275 3080 natura
2304 3021 2719 3104 aperturam,

1171 3119 1309 3188 oris
1347 3120 1519 3189 sicut
1565 3119 1975 3188 animalibus
2021 3143 2035 3187 :
2089 3118 2205 3187 sed
2262 3122 2491 3211 potius
2536 3120 2721 3190 dedit

1169 3228 1265 3295 eis
1306 3227 1563 3296 radices
1592 3251 1860 3319 parvas,
1907 3251 2059 3319 quae
2103 3235 2261 3296 sunt
2308 3227 2464 3296 loco
2505 3251 2722 3297 mesa-

1168 3336 1501 3403 raicarum
1555 3358 1887 3435 venarum
1927 3336 1995 3402 in
2037 3335 2470 3403 animalibus.
2512 3337 2718 3406 Terra

1168 3442 1352 3509 enim
1391 3452 1456 3510 et
1493 3441 1679 3510 calor
1702 3441 2004 3509 inclusus
2034 3445 2103 3510 in
2134 3450 2339 3522 terra,
2373 3465 2457 3512 ex
2512 3443 2717 3513 radiis

1168 3548 1333 3616 solis
1372 3557 1437 3617 et
1484 3548 1829 3617 stellarum
1880 3548 2138 3617 faciunt
2191 3548 2494 3617 officium
2541 3573 2717 3619 ven-

1165 3657 1285 3724 tris
1317 3658 1385 3723 ἰιι
1426 3656 1833 3724 animalibus
1868 3680 1883 3723 ε
1927 3658 2088 3747 quia
2127 3655 2351 3725 calore
2399 3656 2518 3725 illo
2570 3658 2714 3727 ele-

1158 3771 1361 3831 vatur
1388 3763 1471 3831 ad
1512 3762 1770 3831 radices
1799 3763 2185 3853 plantarum
2217 3786 2469 3853 purum
2500 3767 2712 3834 nutri-

1154 3876 1486 3941 mentum.
1523 3878 1589 3937 et
1622 3873 1965 3960 impurum
1998 3868 2302 3962 pondere
2336 3875 2708 3942 terrestrei·

1151 3978 1308 4045 tatis
1373 3976 1719 4047 descendit
1772 3977 1859 4045 ab
1909 3979 2094 4068 ipsis.
2160 3977 2412 4046 Omnia
2476 3988 2706 4049 autem

1151 4084 1472 4152 animalia
1511 4085 1803 4176 perfecta
1840 4094 1909 4154 et
1947 4084 2247 4153 maxime
2278 4084 2705 4156 ambulantia

1150 4190 1403 4261 habent
1429 4201 1766 4276 ventrem,
1800 4196 1867 4261 in
1902 4217 2039 4285 quo
2071 4202 2425 4283 separatur
2454 4218 2702 4285 purum

1148 4299 1234 4368 ab
1268 4303 1537 4390 impuro
1572 4322 1589 4370 :
1624 4310 1688 4368 et
1720 4302 1803 4369 ab
1837 4303 1984 4392 ipso
2018 4310 2240 4370 totum
2289 4325 2537 4394 corpus
2582 4326 2705 4394 per

1146 4430 1359 4476 venas
1403 4415 1521 4474 aut
1566 4409 1709 4475 vias
1759 4407 1927 4476 alias
1975 4408 2124 4477 loco
2176 4431 2509 4477 venarum
2558 4412 2701 4477 exi·

1147 4523 1402 4582 stentes
1431 4516 1673 4604 accipit
1702 4515 1955 4593 cibum,
1999 4517 2174 4583 sieut
2204 4515 2467 4585 radices
2506 4516 2703 4585 arbo-

1151 4646 1303 4690 rum
1342 4622 1677 4713 accipiunt
1706 4645 1954 4713 purum
1983 4623 2212 4690 cibum
2247 4646 2281 4689 a
2318 4630 2495 4691 terra
2532 4647 2547 4691 :
2582 4648 2701 4715 per

1148 4729 1405 4798 radices
1447 4730 1626 4796 enim
1669 4731 1837 4797 sieut
1877 4754 1996 4822 per
2040 4754 2252 4798 venas
2293 4733 2698 4800 mesaraicas

1142 4838 1329 4906 vadit
1377 4836 1567 4904 cibus
1615 4837 1701 4904 ad
1749 4846 1965 4906 totam
2014 4837 2331 4907 arborem
2364 4862 2485 4930 per
2511 4840 2699 4930 stipi-

1143 4954 1280 5014 tem
1320 4954 1385 5014 et
1413 4968 1534 5036 per
1562 4967 1792 5013 ramos
1835 4953 1901 5013 et
1942 4948 2181 5036 flagra,
2222 4946 2440 5015 donec
2470 4947 2694 5017 calore

1139 5056 1303 5123 solis
1351 5062 1413 5122 et
1463 5054 1710 5144 planta>
1762 5054 2051 5145 digestio
2083 5055 2215 5123 cibi
2250 5056 2503 5146 plantae
2536 5079 2692 5147 per-

1140 5162 1371 5230 veniat
1401 5160 1488 5227 ad
1516 5160 1723 5229 {inem
1763 5160 2082 5229 ultimum
2113 5170 2180 5229 et
2222 5163 2691 5254 complemen-

1144 5277 1318 5337 tum.

1231 5374 1423 5442 Sicut
1460 5382 1691 5442 autem
1749 5376 2056 5466 operatio
2122 5376 2260 5443 oris
2310 5380 2687 5447 necessaria

1142 5491 1244 5551 est
1282 5489 1357 5550 ut
1397 5482 1651 5571 injiciat
1680 5483 1908 5552 cibum
1939 5485 2186 5562 ventri,
2244 5485 2335 5553 ita
2384 5507 2689 5555 necessa-

1140 5591 1318 5659 rium
1366 5598 1468 5659 est
1516 5611 1663 5658 esse
1701 5591 1885 5659 aliud
1935 5592 2320 5660 membrum
2372 5594 2680 5676 interiuS,

1142 5698 1328 5790 quod
1384 5695 1611 5765 cibum
1662 5720 1701 5764 a
1731 5707 1968 5768 ventre
1997 5698 2307 5792 sugendo
2346 5699 2676 5791 accipiat:

4280 368 4407 435 617

2840 548 2906 607 et
2947 539 3081 608 hoc
3138 551 3239 609 est
3277 564 3471 609 venae
3522 543 3939 620 mesaraicae,
3995 566 4141 633 quae
4183 553 4407 611 exten-

2841 647 3097 715 duntur
3126 646 3213 714 ad
3254 647 3579 713 intestina
3611 648 3840 714 media
3870 650 4047 716 inter
4082 660 4408 738 portana-

2839 756 3019 819 rium
3061 760 3127 820 et
3158 752 3580 842 longaonem
3614 775 3629 819 :
3674 761 3742 821 et
3779 753 4112 843 incipiunt
4169 756 4406 846 sugere

2843 860 3128 927 inferius
3178 860 3247 927 in
3296 869 3567 940 ventre,
3613 870 3677 929 et
3718 872 4121 953 separantur
4157 865 4406 932 distra-

2840 973 2964 1032 ctae
2995 989 3119 1056 per
3151 975 3373 1034 totum
3408 991 3660 1059 corpus
3689 970 4043 1037 venientes
4108 994 4145 1038 a
4204 972 4405 1039 corde

2840 1080 2905 1140 et
2960 1071 3233 1164 hepate,
3276 1077 3455 1143 sicut
3512 1079 3678 1143 satis
3743 1077 3956 1144 scitur
4010 1100 4131 1166 per
4169 1085 4403 1146 anato-

2837 1182 3051 1249 miam
3085 1189 3394 1248 nostram
3426 1205 3635 1272 quam
3668 1186 3736 1249 in
3769 1183 4174 1252 antehabitis
4204 1208 4403 1253 exse-

2838 1289 2975 1356 cuti
3006 1310 3273 1355 sumuS.
3311 1288 3389 1354 In
3424 1289 3748 1357 omnibus
3808 1299 4036 1358 autem
4085 1293 4405 1359 animali-

2835 1395 2965 1462 bus
2998 1396 3462 1463 necessarium
3503 1405 3630 1476 est,
3676 1398 3863 1488 quod
3891 1399 3978 1467 sit
4015 1400 4397 1468 membrum

2837 1503 3170 1593 recipiens
3237 1502 3471 1571 cibum
3538 1527 3555 1572 :
3616 1511 3683 1573 et
3748 1503 3934 1573 aliud
4009 1507 4394 1575 membrum

2836 1609 3023 1699 quod
3053 1609 3295 1700 recipit
3336 1611 3485 1699 ejus
3516 1612 4079 1703 superfluitatem,
4113 1636 4264 1704 quae
4296 1622 4398 1682 est

2836 1718 3107 1806 impura
3144 1725 3213 1785 et
3243 1717 3650 1807 abjicienda.

2928 1938 3135 2006 Venae
3175 1945 3408 2007 autem
3459 1948 3621 2007 sunt
3667 1939 3978 2032 quaedam
4018 1963 4182 2009 vasa
4238 1963 4399 2008 san-

2833 2045 3086 2135 guiniS,
3119 2068 3242 2135 per
3271 2067 3426 2136 quae
3455 2045 3754 2115 decurrit
3784 2046 3870 2114 ad
3909 2046 4214 2115 membra
4245 2069 4399 2114 san·

2832 2153 2986 2243 guis
3044 2161 3163 2220 aut
3217 2152 3471 2221 humor
3508 2155 3625 2246 qui
3686 2162 3786 2223 est
3834 2153 3986 2223 loco
4017 2158 4393 2247 sanguinis.

2833 2259 2936 2327 Ex
2994 2283 3132 2351 quo
3200 2261 3408 2329 etiam
3468 2262 3968 2341 manifestatur,
4011 2262 4192 2354 quod
4232 2286 4397 2330 san-

2832 2368 2986 2458 guis
3030 2375 3132 2435 est
3161 2366 3486 2436 ultimum
3534 2370 3679 2439 sive
3721 2369 4124 2460 depuratum
4176 2371 4397 2438 nutri-

2834 2481 3170 2556 mentum,
3233 2475 3421 2566 quod
3478 2484 3579 2544 est
3647 2479 3823 2545 intra
3875 2499 4040 2545 vasa
4095 2479 4240 2568 jam
4308 2477 4393 2545 ad

2833 2581 3142 2649 membra
3172 2582 3393 2650 fluens
3423 2584 3496 2650 in
3526 2580 3939 2652 habentibus
3959 2586 4388 2675 sanguinem.

2831 2687 3108 2754 Animal
3148 2711 3314 2756 vero
3363 2711 3603 2757 carens
3643 2690 3975 2781 sanguine
4021 2713 4142 2780 per
4187 2691 4386 2758 simi-

2831 2793 2966 2861 lem
3008 2793 3378 2863 humorem
3409 2796 3679 2864 cibatur
3707 2798 3823 2887 qui
3856 2797 4007 2865 loco
4038 2798 4389 2888 sanguinis

2830 2911 2931 2969 est
2988 2902 3057 2969 in
3115 2904 3328 2994 ipso:
3393 2905 3588 2993 cujus
3663 2906 3939 2996 signum
4014 2913 4140 2985 est,
4210 2904 4394 2995 quod

2829 3009 3104 3099 quando
3155 3010 3413 3078 animal
3476 3033 3616 3079 non
3672 3011 3937 3080 cibatur
3985 3012 4395 3080 sufficienter

2828 3117 3071 3187 existo
3111 3117 3291 3198 cibe,
3328 3118 3775 3189 macilentum
3825 3128 3891 3189 et
3931 3119 4124 3189 malae
4164 3120 4392 3212 dispo-

2826 3229 3093 3296 sitionis
3122 3228 3441 3297 eflicitur.
3478 3229 3771 3310 Quando
3803 3240 4032 3299 autem
4054 3231 4392 3300 sufficicn-

2825 3339 2929 3399 ter
2955 3331 3220 3399 cibatur
3248 3356 3335 3400 ex
3369 3335 3543 3423 ipso,
3587 3344 3879 3426 augetur
3915 3344 3981 3403 et
4016 3335 4213 3404 bonae
4243 3335 4388 3402 dis-

2823 3439 3183 3529 positionis
3220 3439 3515 3509 efficitur
3546 3463 3563 3508 ε
3599 3448 3667 3510 et
3694 3443 3751 3509 si
3800 3440 3992 3511 cibus
4031 3442 4142 3513 ille
4181 3443 4381 3511 fuerit

2821 3545 3045 3615 clarus
3073 3556 3140 3615 et
3166 3545 3417 3628 bonus,
3450 3552 3580 3618 erit
3618 3571 3870 3642 corpus
3898 3573 4140 3619 sanum
4176 3574 4192 3619 ε
4227 3562 4290 3620 et
4323 3555 4382 3622 si

2820 3653 3043 3722 malus
3091 3654 3320 3736 fucrit,
3363 3658 3492 3725 erit
3518 3679 3771 3747 corpus
3801 3657 4173 3727 infirmum.
4212 3661 4384 3728 San-

2817 3762 2971 3851 guis
3032 3762 3241 3852 igitur
3299 3762 3369 3829 in
3436 3762 3855 3832 animalibus
3915 3773 4196 3835 nonest
4250 3767 4380 3834 nisi

2815 3877 3095 3958 propter
3154 3868 3418 3949 cibum,
3489 3872 3667 3939 sicut
3706 3880 3891 3961 patet
3948 3895 4029 3940 ex
4072 3872 4178 3940 his
4226 3898 4379 3965 qum

2815 3975 2992 4042 dieta
3030 3982 3239 4042 sunt:
3295 3984 3363 4043 et
3413 3975 3567 4045 ideo
3617 4000 3908 4046 sensum
3956 4002 4092 4046 non
4144 3979 4373 4059 habet,

2813 4081 2974 4172 quia
3040 4079 3266 4148 adhuc
3329 4089 3486 4149 actu
3563 4081 3956 4152 membrum
4033 4107 4170 4152 non
4241 4096 4367 4162 est,

2811 4188 2930 4257 sed
2974 4187 3282 4277 potentia
3322 4195 3593 4256 tantum
3630 4210 3645 4254 ε
3681 4196 3748 4258 et
3786 4189 3962 4258 sicut
3989 4190 4194 4258 etiam
4223 4190 4374 4259 alim

2809 4296 3318 4388 superfluitates
3385 4294 3475 4363 ad
3557 4319 3808 4388 corpus
3873 4320 4010 4365 non
4085 4321 4372 4367 conver·

2807 4428 2924 4483 sae,
2996 4428 3136 4472 non
3213 4403 3472 4472 habent
3537 4429 3844 4474 sensnm.
3924 4405 4130 4475 Cibus
4186 4409 4370 4476 enim

2808 4538 2948 4583 non
3015 4513 3221 4582 habet
3285 4536 3570 4581 sensum
3602 4515 3777 4583 sicut
3808 4539 4048 4584 sensus
4086 4525 4187 4584 est
4215 4539 4370 4585 car-

2807 4623 2913 4690 nis
2955 4644 2971 4689 :
3030 4622 3190 4712 quia
3229 4620 3511 4711 quando
3563 4623 3870 4715 tangitur
3933 4646 4122 4704 caro,
4163 4625 4370 4691 sentit

2806 4729 3188 4798 manifeste.
3241 4726 3544 4821 Sanguis
3590 4754 3733 4800 non
3782 4740 3885 4800 est
3926 4731 4146 4800 adhuc
4198 4754 4371 4800 con-

2802 4841 3037 4910 tinuus
3102 4840 3173 4906 in
3230 4862 3464 4921 carne,
3520 4841 3639 4909 sed
3687 4850 3789 4910 est
3835 4843 4029 4933 quasi
4082 4843 4148 4909 in
4202 4866 4364 4910 vase

2804 4948 3142 5039 repositus
3190 4949 3262 5014 in
3300 4947 3508 5016 corde
3538 4956 3602 5016 et
3639 4949 3858 5018 venis.
3904 4949 4211 5030 Qualiter
4248 4973 4369 5018 au-

2802 5066 2941 5126 tem
2999 5054 3313 5123 membra
3355 5055 3695 5146 recipiunt
3740 5080 4015 5125 sensum
4056 5082 4095 5125 a
4132 5057 4362 5138 corde,

2801 5173 2869 5235 et
2919 5161 3213 5254 qualiter
3268 5160 3588 5230 cibantur
3632 5186 3719 5232 ex
3777 5163 3949 5254 ipso,
3991 5162 4161 5231 benc
4201 5166 4365 5234 satis

2798 5274 3055 5343 dictum
3114 5279 3216 5339 est
3276 5272 3347 5338 in
3395 5269 3551 5339 aliis
3597 5271 3790 5340 libris
3826 5273 4365 5363 praecedentibus

2800 5385 2871 5450 in
2918 5380 3045 5448 hac
3093 5380 3410 5458 scientia,
3466 5377 3584 5445 ubi
3632 5379 3930 5448 diximus
3976 5383 4364 5472 generatio-

2795 5511 2955 5557 nem
3026 5486 3502 5555 membrorum
3571 5508 3611 5553 a
3667 5486 3894 5555 corde.
3967 5487 4117 5557 lloc
4172 5490 4356 5556 enim

2795 5594 3045 5663 suflicit
3073 5592 3326 5671 dicere,
3370 5591 3558 5684 quod
3587 5593 3869 5684 sanguis
3908 5616 4047 5664 non
4077 5602 4182 5663 est
4227 5593 4355 5661 nisi

2795 5710 3076 5794 propter
3121 5700 3357 5769 cibum
3398 5699 3870 5770 membrorum
3915 5724 3932 5769 ε
3981 5723 4124 5769 non
4170 5702 4353 5770 enim
