4919 6371
606 347 727 413 162

592 524 739 583 tum
772 515 1057 582 diversa.
1096 508 1252 574 llaec
1302 507 1482 572 enim
1535 506 1889 573 diversitas
1931 515 2029 572 est
2076 508 2143 571 in

595 621 978 689 diversitate
1017 615 1509 680 convenientiae
1553 615 1624 679 in
1673 614 1890 702 figura
1921 635 2143 677 mem-

590 727 895 799 brorum,
940 723 1067 789 nisi
1099 722 1268 788 forte
1317 724 1403 789 sit
1435 718 1688 788 animal
1729 717 2037 806 pluribus
2076 725 2141 782 et

587 830 989 898 distantibus
1055 828 1415 921 generibus
1471 823 1876 891 animalium
1951 845 2141 888 com-

588 941 966 1016 municans,
1012 938 1186 1003 sicut
1241 937 1665 1023 equicervus.
1719 930 1895 997 Illud
1954 933 2135 996 enim

581 1057 744 1117 tunc
811 1051 878 1116 in
938 1049 1154 1135 ligura
1210 1042 1680 1108 membrorum
1748 1040 2133 1130 aliquorum

583 1154 1124 1226 convenientiam
1156 1149 1354 1216 habet
1399 1173 1553 1216 cum
1586 1157 1878 1239 utroque
1920 1171 2132 1237 gene-

580 1286 673 1330 re.
711 1261 901 1328 Sicut
939 1261 1118 1326 enim
1149 1258 1215 1323 in
1254 1255 1697 1347 sequentibus
1727 1254 2135 1322 determina-

576 1370 780 1444 bitur,
816 1376 1054 1433 natura
1094 1388 1230 1432 non
1279 1363 1435 1431 facit
1482 1363 1804 1431 distantia
1853 1383 2125 1452 genera,

577 1475 706 1542 nisi
735 1473 931 1541 faciat
961 1472 1215 1564 aliquid
1247 1470 1552 1538 medium
1601 1471 1778 1535 inter
1807 1491 1886 1536 ea
1922 1492 1936 1536 ε
1972 1469 2131 1557 quia

577 1589 819 1649 natura
851 1604 986 1652 non
1027 1581 1266 1646 transit
1303 1577 1384 1646 de
1417 1585 1725 1643 extremo
1776 1578 1847 1641 in
1903 1584 2126 1642 extre-

575 1712 769 1757 mum
797 1690 926 1758 nisi
957 1711 1078 1778 per
1107 1684 1434 1753 medium.

660 1798 778 1865 Est
814 1804 1041 1864 autem
1083 1792 1426 1884 quoddam
1454 1813 1672 1883 genus
1713 1792 1783 1858 in
1813 1812 1952 1881 quo
1981 1790 2127 1880 pln-

574 1904 745 1971 rima
802 1901 1331 1983 communicant,
1387 1905 1454 1966 et
1519 1897 1650 1964 hoc
1717 1903 1815 1963 est
1871 1896 2122 1963 animal

576 2008 961 2101 quadrupes
998 1991 1622 2098 generans'animal
1671 2001 1799 2070 sibi
1847 2002 2068 2070 simile
2103 2023 2119 2069 z

575 2125 642 2185 et
667 2138 1111 2207 quaecumque
1144 2116 1210 2179 in
1244 2113 1375 2180 hoc
1403 2134 1651 2202 genere
1680 2111 2118 2188 conveniunt,

570 2246 657 2291 ex
687 2222 1011 2290 membris
1060 2243 1212 2312 qnoe
1253 2218 1865 2310 proportionantur
1901 2239 2124 2283 mem-

568 2328 708 2397 hris
751 2326 1143 2395 animalium
1187 2325 1441 2392 liabent
1487 2331 1689 2413 caput
1743 2331 1808 2389 et
1836 2322 2113 2390 collum.

570 2435 706 2504 Sed
738 2435 1044 2503 membra
1073 2434 1312 2523 capitis
1363 2454 1604 2499 eornm
1654 2431 1723 2496 in
1762 2428 1983 2496 forma
2012 2428 2120 2494 di-

561 2568 758 2613 versa
797 2551 952 2611 sunt
983 2541 1354 2609 secundum
1380 2559 1944 2631 unamquamque
1969 2560 2121 2628 spe-

562 2654 733 2718 ciem
800 2650 1230 2739 conjunctam
1309 2648 1378 2713 in
1444 2667 1693 2736 genere
1757 2643 1913 2710 isto.
1978 2641 2114 2711 Leo

561 2760 742 2826 enim
792 2768 891 2826 est
935 2780 1143 2824 unum
1203 2755 1443 2822 talium
1483 2752 1908 2834 animalium,
1944 2762 2114 2819 etos

557 2867 711 2935 colli
767 2868 869 2933 sui
911 2889 1045 2933 non
1095 2865 1530 2954 componitur
1576 2884 1660 2929 ex
1687 2859 2113 2952 spondililius

559 2973 966 3042 flexibilibus
1005 2971 1358 3040 annulosis
1407 2971 1579 3037 sicut
1619 2990 1777 3036 ossa
1818 2967 2111 3034 aliorum

560 3082 984 3157 animalium,
1023 3102 1312 3169 quorum
1347 3100 1424 3144 os
1479 3075 1634 3143 colli
1683 3075 2114 3165 componitur

563 3214 647 3258 ex
685 3188 1110 3282 spondilibns
1155 3187 1310 3252 colli
1350 3210 1365 3253 ε
1399 3193 1464 3252 et
1503 3207 1659 3252 cum
1702 3187 1771 3251 in
1810 3181 1941 3251 hoc
1980 3181 2114 3249 ‹lif-

559 3298 726 3366 t'erat
783 3297 866 3364 ab
935 3295 1107 3370 aliis,
1151 3304 1377 3360 tamen
1431 3301 1573 3359 tota
1620 3291 1927 3380 eorporis
1966 3291 2110 3375 ejus

560 3404 911 3496 dispositio
942 3402 1221 3471 interior
1266 3401 1590 3470 convenit
1632 3421 1790 3468 cum
1826 3421 2110 3488 corpore

561 3510 901 3582 interioris
948 3510 1159 3579 canis.
1232 3506 1307 3576 ln
1372 3503 1482 3575 his
1547 3528 1713 3598 ergo
1785 3502 2109 3574 membris

558 3641 713 3711 quae
760 3625 922 3687 sunt
960 3616 1033 3684 in
1075 3615 1257 3685 dicto
1288 3634 1565 3706 genere,
1596 3610 2108 3704 proportionem

555 3723 809 3795 habent
864 3723 949 3792 ad
1003 3722 1242 3813 capitis
1287 3716 1598 3789 membra
1637 3739 1792 3811 qua»
1839 3725 2000 3786 sunt
2039 3718 2107 3786 in

554 3831 860 3902 homine.

641 3947 956 4040 Amplius
998 3954 1228 4015 antem
1293 3942 1603 4033 ejusdem
1658 3941 1929 4033 generis
1965 3941 2107 4011 exi-

553 4055 801 4127 stentia
826 4051 1172 4131 animalia,
1206 4073 1359 4142 quae
1383 4058 1544 4118 sunt
1580 4047 1896 4117 videlicet
1931 4072 2107 4142 qna-

550 4162 877 4255 drupedia
946 4161 1344 4252 generantia
1416 4155 1548 4227 sibi
1604 4156 1882 4236 similia,
1950 4155 2102 4225 loco

548 4292 876 4339 mannum
898 4266 1199 4337 hominis
1226 4264 1483 4334 habent
1510 4261 1718 4355 pedes
1745 4262 2045 4332 anterius
2078 4287 2096 4333 ε

544 4389 611 4449 et
647 4377 1123 4471 quodcumque
1183 4371 1459 4442 illorum
1519 4371 1657 4438 tissi
1715 4369 1908 4460 pedis
1966 4379 2095 4449 est,

542 4486 842 4555 anterius
869 4482 1072 4552 habet
1093 4478 1465 4574 quamdam
1496 4477 1868 4569 digitorum
1903 4478 2099 4544 simi-

543 4589 925 4669 litudinem,
967 4597 1035 4657 et
1061 4588 1130 4655 in
1161 4585 1395 4654 multis
1425 4584 1567 4652 suis
1604 4582 1926 4674 operibus
1956 4584 2098 4653 uti-

540 4704 653 4767 tur
687 4696 786 4767 eis
820 4693 972 4765 loco
1016 4713 1349 4761 manuum
1374 4688 1717 4758 hominis:
1743 4697 1814 4759 et
1838 4713 2092 4759 conve-

541 4805 641 4874 nit
669 4803 873 4872 etiam
902 4802 973 4870 in
996 4796 1130 4870 hoc
1161 4796 1343 4892 quod
1372 4820 1496 4890 pes
1525 4794 1800 4866 sinister
1828 4795 1895 4864 in
1936 4796 2095 4868 tali-

539 4913 670 4983 bus
698 4909 1104 4980 animalibus
1131 4930 1270 4976 non
1309 4914 1416 4977 est
1457 4902 1837 4992 absolutus,
1869 4928 2091 4999 neque

540 5019 709 5090 levis
748 5025 998 5095 motus,
1031 5012 1148 5084 sed
1203 5013 1453 5106 ligatus
1498 5018 1567 5080 et
1596 5012 1791 5104 quasi
1835 5019 2089 5080 tractus

536 5135 693 5221 post
732 5124 967 5203 alium,
1018 5125 1191 5192 sicut
1237 5141 1461 5212 neque
1519 5140 1763 5186 titanus
1818 5117 2085 5189 sinistra

1593 334 1675 400 D.
1729 333 1929 401 ALB.
1985 331 2198 398 MAG.
2254 332 2457 404 Ono.
2516 338 2811 406 PRAED.

2248 529 2370 572 sna
2408 533 2421 574 :
2457 519 2523 576 ct
2553 510 2681 577 hoc
2721 520 2821 577 est
2845 510 3023 587 ideo,
3062 512 3219 600 quia
3252 534 3389 577 non
3430 509 3636 578 habet
3666 535 3808 577 om-

2249 614 2408 680 nino
2459 617 2693 681 lissum
2733 617 2976 705 pedem
3034 620 3360 693 anterius,
3399 641 3521 686 nec
3581 619 3811 684 omni-

2246 739 2333 780 no
2375 721 2623 810 digitos
2650 721 2838 811 pedis
2869 720 3152 788 solutos.
3203 721 3419 788 Pedes
3450 725 3655 791 etiam
3687 747 3803 789 an·
3854 780 3864 791 .

2244 826 2524 893 teriores
2572 815 2949 916 elephantis
3007 826 3224 893 multo
3290 837 3452 893 sunt
3509 831 3804 916 majores

2243 933 2759 1016 posterioribus,
2794 935 2954 1024 quia
2997 935 3225 1024 potins
3267 941 3428 1000 sunt
3467 933 3551 1000 ad
3600 937 3804 1001 susti-

2242 1041 2532 1106 nendam
2586 1041 2837 1107 molem
2890 1044 3195 1131 corporis
3236 1065 3442 1132 quam
3501 1041 3585 1108 ad
3635 1066 3806 1131 ope-

2239 1148 2528 1214 ramlnm
2577 1149 2881 1215 cumeis.
2932 1149 3283 1216 Snstinere
3332 1152 3515 1217 enim
3564 1172 3807 1239 corpo-

2240 1252 2330 1319 ris
2391 1257 2690 1322 anterins
2746 1256 2873 1322 snit
2912 1257 3131 1346 magis
3199 1259 3660 1324 necessarium
3730 1260 3798 1323 in

2236 1383 2517 1451 corpore
2583 1363 2963 1451 elephantis
3000 1371 3119 1431 :et
3167 1363 3318 1431 ideo
3389 1365 3801 1432 confortavit

2237 1471 2542 1537 membra
2597 1479 2836 1537 natura
2901 1471 2984 1538 ad
3040 1470 3191 1547 hoc,
3264 1480 3328 1538 et
3384 1471 3542 1538 fecit
3609 1472 3794 1539 aliud

2235 1576 2618 1644 membrum
2659 1577 2842 1669 quod
2900 1585 3003 1644 est
3037 1577 3420 1668 probosciS,
3474 1578 3660 1668 quod
3710 1580 3798 1645 sit

2234 1681 2321 1745 ibi
2365 1681 2514 1750 loco
2559 1706 2803 1751 manns
2839 1692 2954 1752 :et
2982 1684 3139 1774 quia
3190 1684 3454 1766 lissum,
3498 1684 3650 1753 loco
3684 1685 3798 1752 di-

2231 1788 2551 1876 gitorum,
2588 1794 2814 1882 potius
2863 1798 2968 1859 est
3022 1791 3109 1858 ad
3157 1790 3503 1883 figendum
3547 1792 3791 1882 pedem

2231 1904 2343 1963 aut
2391 1898 2474 1966 ad
2523 1898 2859 1967 subtiliter
2913 1899 3363 1990 operandum,
3438 1923 3645 1990 qnam
3706 1900 3792 1968 ad

2228 2004 2727 2084 sustinendum,
2771 2005 2926 2075 ideo
2984 2005 3337 2094 conjunxit
3397 2005 3648 2097 digitos
3716 2007 3784 2073 in

2228 2109 2395 2198 pede
2459 2111 2862 2202 elephantis,
2928 2112 3089 2202 qnia
3148 2134 3231 2177 ex
3279 2111 3580 2200 pondere
3642 2134 3787 2178 cor-

2226 2220 2408 2304 poris
2451 2222 2613 2286 satis
2652 2221 2980 2311 infigitur,
3016 2228 3084 2287 et
3138 2243 3275 2286 non
3336 2219 3630 2312 indignit
3694 2220 3779 2287 ad

2229 2321 2354 2390 hoe
2417 2327 2655 2394 fissura
2710 2328 3109 2418 digitorum,
3180 2326 3298 2395 sed
3370 2328 3781 2394 confortavit

2224 2436 2784 2518 sustentationem
2818 2434 3006 2525 pedis
3038 2457 3121 2501 ex
3158 2435 3642 2523 conjunctione
3684 2434 3783 2500 di-

2222 2539 2545 2628 gitorum.
2587 2541 2691 2609 Ex
2723 2541 2963 2614 eadem
3011 2565 3215 2609 cansa
3255 2550 3379 2618 est,
3418 2542 3604 2632 qnod
3647 2542 3782 2609 duo

2221 2668 2424 2736 parva
2456 2646 2672 2716 cahab
2715 2650 2858 2717 sive
2892 2650 3070 2717 duos
3116 2673 3367 2739 parvos
3424 2649 3780 2717 calcaneos

2219 2752 2420 2824 habet
2482 2769 2788 2849 respectu
2848 2758 3338 2849 magnitudinis
3397 2757 3588 2846 pedis
3645 2761 3773 2826 sui.

2218 2859 2529 2932 Diximus
2567 2867 2749 2934 enim
2791 2867 2859 2932 in
2909 2865 3082 2931 libro
3114 2866 3364 2955 primo,
3402 2864 3588 2954 qnod
3636 2865 3781 2933 cal-

2218 2988 2465 3036 caneus
2532 2973 2604 3038 tit
2694 2970 3155 3062 principaliter
3236 2979 3519 3061 propter
3583 2971 3776 3060 pedis

2216 3074 2537 3144 tixionem
2573 3100 2588 3144 ε
2627 3087 2690 3145 et
2727 3076 2858 3145 hoc
2892 3101 3030 3146 non
3063 3076 3357 3144 multum
3401 3086 3645 3144 natura
3678 3079 3777 3144 in-

2215 3179 2428 3269 dignit
2470 3184 2538 3253 in
2575 3183 2957 3276 elephante,
2992 3195 3059 3253 et
3096 3183 3247 3253 ideo
3288 3183 3447 3253 fecit
3493 3208 3768 3275 parvos.

2215 3290 2558 3360 Animalia
2622 3297 2801 3361 enim
2850 3292 3317 3385 quadrupedia
3375 3295 3776 3383 generantia

2213 3397 2337 3464 sibi
2405 3403 2677 3480 similia,
2749 3404 2944 3468 tis-sos
3020 3402 3225 3492 pedes
3300 3401 3650 3480 habentia,
3706 3404 3774 3469 in

2212 3506 2514 3594 quolibet
2559 3511 2980 3577 anteriorum
3022 3508 3274 3599 pedum
3305 3506 3561 3577 habent
3601 3507 3776 3575 duos

2212 3611 2586 3696 calcaneos,
2625 3639 2763 3684 non
2796 3616 3076 3685 inferius
3115 3616 3186 3684 in
3216 3614 3386 3706 pede
3427 3617 3619 3693 sitos,
3656 3615 3773 3685 sed

2211 3723 2520 3809 superius
2560 3723 2628 3790 in
2668 3732 2858 3814 parte
2890 3722 3105 3791 cruris
3137 3722 3529 3801 intrinseca,
3577 3722 3646 3789 in
3679 3722 3778 3790 lo·

2211 3851 2290 3892 co
2330 3830 2395 3896 in
2428 3854 2567 3921 quo
2618 3833 2985 3899 tlectuntnr
3011 3830 3207 3920 digiti
3238 3829 3432 3920 pedis
3468 3852 3484 3897 ε
3519 3838 3585 3898 et
3615 3840 3772 3898 sunt

2210 3935 2360 4004 ‹lua-
2394 3963 2619 4030 parva:
2666 3940 2942 4031 ungulae
2994 3947 3367 4008 retrorsum
3410 3948 3767 4029 porrectae,

2209 4069 2361 4135 quae
2394 4050 2677 4115 nimiam
2733 4047 2925 4139 pedis
2964 4047 3142 4115 acuti
3193 4046 3578 4136 impediunt
3604 4069 3771 4137 pro-

2207 4150 2882 4245 fumlationem,quia
2931 4152 3049 4221 illa
3091 4152 3453 4244 impediret
3501 4147 3768 4223 motum

2208 4258 2667 4328 voluntarium
2715 4259 3057 4330 animalis.
3121 4259 3600 4351 Magnitudine
3648 4262 3775 4351 igi·

2204 4373 2314 4431 tur
2364 4369 2429 4434 in
2490 4366 2847 4458 elephante
2916 4390 3056 4436 non
3117 4366 3439 4458 indiguit,
3495 4390 3582 4433 ex
3633 4389 3771 4458 quo

2203 4478 2501 4543 anterior
2542 4501 2659 4568 pes
2708 4499 3001 4567 magnus
3048 4486 3113 4543 et
3156 4474 3367 4543 latior
3425 4474 3578 4543 aliis
3615 4475 3768 4553 fnit,

2200 4581 2372 4649 sieut
2411 4582 2556 4671 jam
2625 4580 3128 4651 diximustsed
3186 4581 3418 4673 potius
3484 4580 3772 4673 impedi·

2200 4696 2505 4758 mentum
2536 4696 2927 4781 generasset
2972 4710 3062 4758 ex
3099 4688 3462 4781 gravitate,
3506 4688 3563 4754 si
3604 4687 3767 4756 t'uis·

2197 4805 2294 4862 set
2349 4821 2663 4889 magnus.
2726 4798 3044 4888 Oportuit
3114 4803 3343 4864 tamen
3418 4818 3565 4864 esse
3643 4794 3767 4864 ali·

2197 4906 2627 4994 quantulum,
2663 4906 2823 4997 qnia
2861 4905 3259 4974 calcaneum
3305 4901 3558 4972 talibus
3608 4903 3764 4971 ani-

2196 5015 2488 5083 malibus
2535 5015 2690 5083 t'ecit
2740 5023 3021 5107 propter
3074 5013 3213 5083 duo
3271 5035 3505 5105 opera,
3577 5035 3759 5104 quo-

2194 5144 2343 5190 rum
2377 5145 2593 5191 unum
2641 5131 2745 5192 est
2780 5123 2969 5215 qnod
3016 5122 3341 5191 diximus·
3386 5120 3593 5189 Aliud
3633 5144 3756 5187 au-

537 5234 847 5305 absoluta
891 5237 1015 5308 est,
1057 5237 1121 5298 et
1151 5227 1382 5320 gravis
1432 5232 1662 5293 motus
1706 5231 1809 5293 est
1854 5223 1925 5295 in
1955 5223 2090 5294 ho·
2191 5235 2328 5297 tem
2375 5237 2496 5309 est,
2534 5230 2696 5323 qnia
2745 5229 2981 5323 posuit
3031 5229 3104 5299 in
3141 5230 3243 5298 eis
3281 5225 3647 5299 calcaneos
3674 5248 3761 5294 ex

534 5361 729 5522 Ἣ
781 5446 912 5518 hac
971 5454 1202 5517 tamen
1253 5440 1699 5537 generalitate
1753 5443 2085 5535 excipitur

2192 5338 2506 5428 opposito
2562 5337 2878 5408 flexionis
2934 5336 3312 5429 digitorum
3380 5333 3600 5426 pedis,
3668 5354 3757 5402 ne

2192 5444 2398 5515 nimia
2429 5446 2546 5516 ssat
2576 5447 2778 5516 flexio
2810 5448 2878 5515 et
2905 5445 3315 5540 frangantur
3357 5441 3627 5511 articuli
3664 5463 3753 5511 ex

531 5558 856 5654 elephas:
890 5553 1049 5647 quia
1088 5552 1199 5622 ille
1228 5576 1370 5624 non
1407 5552 1624 5621 utitur
1664 5548 1837 5644 pede
1884 5558 2084 5622 ante-
2188 5551 2487 5643 pondere
2518 5579 2535 5624 ε
2569 5556 2745 5624 sicut
2791 5551 2876 5622 ἰιιι
2926 5550 3211 5622 homine
3255 5549 3489 5644 posuit
3539 5544 3753 5618 limen

530 5667 689 5739 riori
728 5689 852 5758 pro
917 5682 1149 5734 mann,
1206 5660 1324 5728 sed
1391 5660 1623 5751 potins
1676 5629 2395 5752 proboscideffisuper
2446 5686 2654 5756 genu,
2713 5670 2782 5732 et
2833 5658 2988 5731 ideo'
3023 5659 3401 5753 geminavit
3450 5659 3526 5727 in
3591 5656 3754 5726 uli-
