4919 6371
630 374 752 441 154

623 551 720 608 tes
758 539 944 629 quod
972 558 1112 604 non
1143 536 1279 601 sint
1306 536 1436 601 nisi
1477 538 1606 602 viae
1679 559 1802 625 per
1867 559 2041 626 quas
2109 535 2184 604 fit

623 646 926 714 attractio
968 641 1268 717 alterius,
1305 640 1435 709 hoc
1474 652 1598 721 est,
1634 643 1901 733 hepatis
1971 647 2185 710 virtu-

625 762 713 819 te.
760 749 1094 816 Inducunt
1132 757 1362 817 autem
1429 753 1727 819 rationes
1785 750 1982 818 dictis
2038 752 2179 816 suis

623 860 943 939 dicenteS,
1004 857 1189 947 quod
1259 859 1314 924 si
1405 858 1734 926 haberent
1790 858 2179 924 mesaraicae

619 970 943 1035 virtutem
1002 967 1456 1044 attractivam,
1563 965 1899 1033 haberent
1973 965 2178 1031 etiam

618 1076 1018 1166 digestivam
1059 1095 1072 1138 :
1135 1071 1313 1140 hanc
1379 1082 1604 1139 autem
1685 1095 1826 1137 non
1893 1069 2173 1148 habent,

615 1207 771 1252 cum
792 1181 982 1250 cibus
1011 1202 1152 1247 non
1182 1189 1490 1247 moretur
1519 1181 1586 1245 in
1619 1180 1786 1269 ipsis
1818 1197 2177 1268 quousque

613 1291 1084 1357 alterationem
1124 1295 1191 1354 et
1259 1286 1787 1377 completionem
1850 1289 2172 1376 patiatur.

700 1394 944 1461 Adhuc
992 1401 1223 1460 autem
1280 1394 1337 1459 si
1395 1392 1727 1461 haberent
1785 1394 2177 1460 mesaraicas

613 1503 734 1570 has
771 1503 1082 1578 virtutes,
1119 1509 1185 1570 et
1211 1524 1506 1592 quorum
1536 1510 1637 1570 est
1695 1502 2178 1570 convenientia

613 1613 680 1676 in
718 1611 992 1688 virtute,
1026 1631 1265 1676 eorum
1297 1611 1506 1676 etiam
1552 1609 2039 1677 convenientia
2078 1613 2181 1673 est

611 1720 679 1786 in
707 1719 1108 1796 substantia,
1140 1723 1217 1783 ut
1255 1715 1514 1783 dicunt.
1553 1717 1716 1783 Haec
1774 1724 2010 1783 autem
2061 1736 2175 1782 so-

612 1826 894 1917 phistica
937 1832 1003 1891 et
1056 1823 1305 1891 debilia
1372 1832 1579 1890 sunt:
1642 1824 1983 1913 quoniam
2049 1846 2176 1912 pro

611 1940 791 1999 certo
821 1931 893 1997 in
920 1928 1257 1997 meatibus
1283 1928 1516 1996 multis
1547 1937 1649 1997 est
1710 1930 2072 1998 attractiva
2099 1938 2174 1996 ut

610 2040 963 2128 adjuvanS,
996 2059 1152 2105 cum
1191 2045 1421 2105 tamen
1452 2039 1542 2106 sit
1582 2039 1653 2105 in
1704 2036 1965 2127 hepate
2003 2038 2179 2106 sicut

615 2146 1076 2236 operationem
1118 2144 1495 2233 complens.
1533 2144 1652 2211 Est
1677 2146 1866 2212 enim
1900 2145 1971 2211 in
2002 2143 2175 2211 meri

620 2253 990 2329 attractiva,
1033 2272 1190 2318 cum
1215 2259 1443 2317 tamen
1476 2251 1562 2317 sit
1599 2259 1889 2328 meatuS,
1926 2258 1993 2318 et
2028 2271 2172 2318 non

616 2360 811 2428 estin
839 2380 920 2425 eo
949 2356 1306 2448 digestiva,
1348 2357 1477 2423 nisi
1508 2356 1686 2425 sorte
1745 2379 1975 2448 parvae
2030 2359 2175 2425 vir-

617 2468 804 2541 tutis,
847 2466 928 2533 de
984 2487 1118 2553 qua
1172 2486 1314 2531 non
1372 2471 1472 2531 est
1532 2465 1939 2547 curandum,
2011 2467 2171 2555 quia

625 2598 760 2640 non
800 2582 897 2639 est
928 2573 995 2638 in
1028 2571 1124 2638 eis
1155 2595 1317 2638 vera
1347 2572 1637 2661 digestio
1671 2594 1687 2638 ε
1751 2572 1870 2641 sed
1935 2580 2038 2640 est
2104 2573 2172 2641 in

623 2684 719 2750 eis
757 2703 918 2749 vera
944 2681 1279 2759 attractio,
1319 2687 1389 2749 et
1423 2679 1735 2771 expulsio
1772 2680 2169 2771 aliquando.

626 2790 710 2858 lli
782 2790 965 2856 enim
1021 2810 1159 2855 non
1233 2796 1411 2857 recte
1437 2788 2040 2857 consideraverunt
2095 2809 2176 2857 ea

625 2919 775 2988 qum
813 2895 1152 2973 videntur,
1186 2895 1371 2986 quod
1398 2895 1713 2964 videlicet
1742 2895 1984 2988 chylus
2013 2919 2178 2964 sen-

624 3001 911 3070 sibiliter
936 3001 1356 3069 convertitur
1390 3004 1462 3070 in
1499 3003 1893 3071 mesaraicis
1945 3002 2179 3094 aliqua

622 3110 1068 3177 conversione
1106 3108 1531 3176 alterationis
1579 3108 1956 3201 digestivae.
2019 3109 2177 3178 Non

623 3216 806 3283 enim
836 3213 1225 3305 negandum
1256 3222 1384 3290 est,
1414 3216 1581 3306 quin
1611 3218 1680 3284 in
1721 3215 1842 3284 illo
1909 3219 1980 3285 in
2038 3237 2177 3308 quo

628 3333 730 3391 est
768 3324 1165 3414 penetratio,
1196 3323 1285 3391 sit
1331 3322 1557 3414 aliqua
1612 3324 1932 3415 digestio.
2004 3324 2179 3393 Nam

629 3432 879 3499 scimus
907 3430 1373 3521 experimento
1410 3431 1482 3498 in
1510 3453 1629 3499 ore
1669 3432 1817 3523 ipso
1845 3455 1996 3502 esse
2052 3431 2186 3501 ali-

632 3560 836 3630 quam
864 3536 1339 3628 digestionem.

718 3643 963 3714 Adbuc
1006 3653 1233 3714 autem
1263 3645 1335 3714 in
1364 3644 1534 3715 orbo
1564 3655 1667 3716 est
1693 3646 1926 3739 aliqua
1965 3648 2189 3740 diges-

640 3754 734 3820 tio
771 3759 837 3819 et
874 3752 1183 3820 attractio
1246 3761 1317 3821 et
1368 3751 1683 3843 expulsio
1713 3776 1731 3821 ε
1764 3776 1925 3824 cnm
1956 3763 2188 3825 tamen

639 3862 724 3928 sit
780 3858 1162 3928 membrum
1193 3859 1378 3950 quod
1422 3861 1753 3931 velociter
1788 3872 2183 3933 evacuatur.

722 3965 966 4035 Adhuc
992 3975 1220 4035 autem
1251 3989 1390 4035 non
1410 3977 1514 4036 est
1542 3971 2190 4063 consequens,qnod

633 4074 938 4164 ejusdem
998 4074 1396 4144 substantiae
1431 4077 1568 4145 sint
1596 4100 1750 4168 quae
1803 4087 1966 4147 sunt
2002 4080 2195 4167 ejus-

632 4183 789 4250 dem
855 4184 1296 4272 operationis,
1368 4185 1495 4252 nisi
1561 4188 1646 4252 sit
1721 4184 2192 4256 substantialis

638 4288 948 4378 operatio
1003 4310 1270 4358 eorum.
1317 4287 1519 4369 Quod
1565 4293 1625 4359 si
1663 4292 1873 4360 otiam
1939 4314 2194 4361 conoe-

634 4396 859 4474 datur,
891 4404 1052 4465 tunc
1084 4419 1207 4487 pro
1260 4405 1450 4466 certo
1502 4397 1647 4467 villi
1692 4398 1944 4490 quibus
1979 4397 2198 4493 hepar

637 4502 1094 4586 attraliitffiunt
1116 4503 1201 4573 de
1216 4504 1596 4575 substantia
1614 4508 2144 4577 mesaraicnrum
2171 4529 2189 4578 z

639 4620 699 4676 et
740 4619 899 4679 tunc
929 4613 1314 4680 mesaraicae
1368 4612 1675 4701 ejusdem
1718 4626 1869 4682 sunt
1949 4640 2198 4706 opera-

640 4719 842 4785 tionis
921 4738 1079 4795 cum
1152 4715 1421 4809 hepate.

730 4824 890 4894 llaec
930 4824 1137 4914 igitur
1160 4824 1244 4895 de
1262 4825 1534 4918 hepatis
1559 4838 1821 4898 natum
1849 4831 2032 4901 dicta
2060 4833 2198 4902 sint

644 4953 683 4998 a
715 4930 938 4999 nobis.

733 5147 846 5215 Fel
876 5157 1104 5218 autem
1134 5159 1235 5218 est
1272 5152 1459 5219 cistis
1485 5151 1793 5242 pendens
1861 5174 1947 5221 ex
2000 5177 2197 5247 syma

644 5250 905 5342 hepatis
934 5256 1018 5323 ad
1049 5267 1308 5347 partem
1350 5258 1781 5333 stoniaclii,et
1816 5260 2022 5330 habet
2037 5265 2202 5331 uni-

644 5382 792 5430 cam
822 5363 1122 5431 tunicam
1170 5386 1564 5447 nervosam,
1619 5374 1688 5435 et
1742 5367 1951 5436 habet
2006 5369 2202 5439 oriss-

644 5468 823 5537 cium
850 5467 936 5535 ad
964 5467 1199 5561 hepar,
1234 5496 1317 5542 eo
1346 5475 1528 5564 quod
1559 5474 1628 5542 in
1688 5476 1833 5567 ipsa
1860 5475 2013 5545 cisti
2050 5477 2201 5568 ejus

1606 365 1691 431 D.
1742 363 1946 431 ALB.
2000 362 2220 432 MAG.
2275 365 2484 433 ORD.
2538 367 2833 435 PRAED.

2296 546 2362 604 et
2392 536 2736 604 choleram
2765 537 3100 604 citrinam.
3135 534 3590 602 Continuatur
3619 537 3844 598 autem

2291 653 2558 711 meatus
2590 646 2714 711 iste
2746 666 2900 710 cum
2931 643 3174 731 hepate
3214 652 3280 708 et
3308 642 3501 708 venis
3542 641 3612 707 in
3688 639 3845 729 qui-

2290 752 2419 818 bus
2457 758 2821 841 generatur
2849 750 3148 839 sanguiS,
3213 757 3280 815 et
3329 748 3537 815 habet
3596 747 3690 815 ibi
3754 745 3838 812 fel

2288 860 2625 949 plurimos
2659 880 2881 925 ramos
2922 879 3276 930 nervosos‚
3335 857 3648 945 quamvis
3701 857 3841 944 ipse

2291 968 2638 1045 introitus,
2676 967 2790 1056 qui
2845 972 2948 1032 est
3005 987 3089 1032 ex
3154 985 3352 1054 syma
3425 960 3688 1051 hepatis
3752 960 3838 1027 ad

2289 1076 2513 1142 cistim
2553 1075 2748 1153 fellis,
2811 1076 2897 1142 sit
2953 1071 3551 1164 perpendicularis
3624 1068 3846 1135 Habet

2286 1184 2494 1250 etiam
2521 1205 2729 1273 poros
2760 1190 3025 1272 apertos
3051 1180 3136 1248 ad
3164 1176 3593 1247 stomachum
3637 1183 3703 1242 et
3732 1175 3847 1240 in-

2287 1294 2560 1370 testina,
2594 1290 2680 1358 ad
2730 1312 2880 1380 quae
2932 1290 3211 1355 mandat
3255 1285 3545 1353 cholerae
3601 1305 3846 1372 super-

2289 1399 2649 1482 fluitatem,
2684 1405 2762 1464 ut
2807 1394 3249 1463 mordicando
3314 1414 3395 1460 ea
3469 1391 3715 1460 excitet
3759 1388 3846 1455 ad

2286 1506 2762 1596 expulsionem
2823 1513 2889 1572 et
2952 1505 3327 1594 appetitum
3393 1500 3837 1568 attractionis.

2287 1613 2512 1701 Hujus
2539 1620 2768 1680 autem
2802 1620 3070 1679 meatus
3102 1632 3332 1678 ramus
3385 1630 3566 1675 unus
3620 1606 3845 1673 conti-

2286 1727 2538 1787 nuatur
2630 1740 2785 1787 cum
2874 1717 3217 1795 duodeno,
3285 1723 3353 1784 et
3433 1713 3843 1805 quandoque

2285 1825 2473 1893 aliud
2513 1848 2808 1917 parvum
2839 1824 2923 1892 de
2955 1824 3197 1893 eodem
3236 1831 3467 1890 meatu
3497 1821 3850 1888 continua-

2285 1941 2397 1999 tur
2434 1954 2593 2000 c-um
2629 1931 2846 2000 fundo
2891 1928 3254 1999 stomachi.
3305 1924 3694 2018 Aliquando
3724 1946 3854 1991 au-

2282 2047 2426 2108 tem
2468 2061 2506 2108 e
2531 2047 2769 2108 contra
2792 2059 3083 2129 magnus
3112 2037 3423 2127 pervenit
3451 2034 3535 2101 ad
3562 2032 3849 2102 fundum

2281 2144 2650 2224 stomachi,
2695 2154 2762 2214 et
2802 2168 3055 2236 parvus
3121 2144 3204 2212 ad
3263 2143 3681 2211 duodenum.
3735 2139 3857 2208 'Ut

2283 2255 2351 2322 in
2409 2253 2723 2345 pluribus
2797 2261 3025 2320 autem
3090 2259 3194 2319 est
3261 2258 3529 2319 meatus
3602 2248 3845 2316 unicus

2280 2383 2439 2429 cum
2476 2360 2792 2429 duodeno
2824 2360 3251 2448 conjunctus.

2365 2466 2613 2535 Adhuc
2641 2476 2867 2535 autem
2908 2466 3227 2534 introitus
3266 2485 3511 2532 cannae
3538 2461 3843 2554 sugentis

2280 2572 2654 2650 choleram,
2721 2572 3076 2663 proximus
3152 2581 3251 2639 est
3319 2569 3626 2637 introitui
3689 2568 3833 2636 sive

2282 2682 2543 2749 meatui
2569 2681 2808 2748 vesicae
2832 2679 2901 2746 in
2921 2679 3167 2746 vesica.
3192 2676 3478 2766 Antiqui
3496 2684 3723 2743 autem
3748 2673 3835 2741 l'el

2280 2788 2509 2854 cistim
2568 2789 2898 2854 minorem
2936 2792 3377 2860 vocaverunt,
3419 2793 3489 2851 et
3534 2782 3830 2850 vesicam

2283 2895 2514 2961 cistim
2577 2894 2939 2982 majorem.
3010 2893 3230 2959 Causa
3300 2899 3531 2958 autem
3627 2909 3841 2979 quare

2285 3001 2578 3071 cliolerae
2607 3003 2791 3070 cistis
2814 3012 2915 3070 est
2946 3003 3013 3068 in
3045 3000 3316 3090 hepate,
3359 3007 3463 3066 est
3488 3006 3570 3065 ut
3632 3019 3845 3065 mun·-

2286 3110 2488 3178 detur
2569 3108 2780 3201 hepar
2831 3132 2872 3175 a
2943 3108 3407 3199 superfluitate
3471 3103 3838 3180 cholerica,

2286 3227 2356 3286 et
2397 3224 2478 3285 ut
2529 3215 2873 3285 calefaciat
2911 3216 3085 3283 sicut
3108 3235 3234 3283 vas
3263 3236 3384 3305 per
3411 3210 3836 3281 submersio-

2289 3346 2450 3393 nem
2468 3323 2748 3415 ignis,et
2764 3321 3135 3391 subtiliatio
3156 3319 3511 3411 sanguinis
3540 3340 3581 3386 a
3603 3339 3847 3408 super-

2292 3431 2556 3499 ssuitate
2573 3437 2998 3521 spumosa,et
3019 3430 3227 3498 etiam
3256 3436 3334 3497 ut
3349 3426 3614 3495 facilius
3644 3422 3850 3492 resol—

2290 3546 2546 3607 vantur
2568 3537 2764 3607 bees
2790 3535 3064 3629 quando
3090 3534 3423 3603 mixtione
3448 3531 3629 3602 tellis
3650 3552 3851 3599 cosn-

2296 3655 2578 3716 movent
2608 3644 3048 3715 mordicando
3077 3644 3423 3721 intestina,
3444 3648 3516 3710 et
3539 3639 3750 3710 etiam
3773 3645 3852 3705 ut

2296 3751 2783 3822 molliticentur
2832 3750 3064 3821 lacerti
3117 3771 3358 3819 eorum
3410 3770 3493 3817 ex
3548 3746 3853 3815 siccitate

2298 3861 2591 3932 cholerae
2665 3861 2905 3930 retenti
2967 3860 3055 3929 ab
3128 3856 3419 3926 humore
3476 3854 3848 3946 superfluo.

2299 3970 2501 4052 Quod
2524 3977 2751 4037 autem
2780 3968 2848 4036 in
2868 3966 3178 4059 pluribus
3196 3986 3336 4034 non
3355 3973 3458 4032 est
3478 3960 3746 4032 vietelli
3767 3959 3855 4031 ad

2299 4075 2731 4148 stomachum
2770 4077 2943 4144 sicut
2969 4074 3055 4143 ad
3083 4073 3214 4142 alia
3257 4073 3600 4152 intestina,
3649 4077 3725 4140 ut
3752 4068 3859 4136 la-

2301 4193 2550 4253 ventur
2583 4204 2670 4251 ex
2692 4180 3045 4251 stomacho
3111 4178 3615 4271 superfluitates
3677 4176 3852 4263 ejus,

2302 4295 2479 4363 sicut
2505 4292 2820 4361 lavantur
2853 4313 2939 4359 ex
2969 4290 3120 4358 aliis
3151 4286 3513 4363 intestinis,
3545 4284 3701 4354 ideo
3722 4292 3852 4364 est,

2303 4402 2467 4495 quia
2493 4398 2746 4469 humor
2796 4397 2973 4468 tellis
3025 4397 3207 4466 hedit
3266 4392 3728 4471 stomachum.
3790 4400 3857 4461 et

2302 4530 2388 4578 ex
2418 4510 2569 4600 ipso
2597 4507 2853 4599 patitur
2877 4526 3228 4581 nauseam,
3275 4511 3346 4572 et
3399 4500 3861 4591 corrumpitur

2310 4618 2375 4682 in
2419 4617 2569 4706 ipso
2595 4614 2787 4683 cibus
2821 4620 2888 4682 et
2915 4612 3205 4703 digestio
3225 4633 3349 4702 per
3403 4609 3471 4676 id
3510 4608 3691 4699 quenl
3739 4606 3861 4673 mi-

2306 4732 2534 4792 scetur
2568 4722 2631 4790 ei
2661 4721 2744 4789 de
2771 4718 3062 4789 humore
3090 4718 3288 4818 [allis.
3322 4715 3718 4784 Adveniunt
3745 4736 3863 4781 au·

2306 4837 2445 4898 tem
2473 4826 2613 4897 teni
2653 4848 2738 4896 ex
2783 4847 2959 4894 vena
3015 4820 3315 4916 pulsatili
3380 4829 3449 4889 et
3515 4842 3598 4889 ex
3646 4841 3859 4887 nervo

2306 4934 2427 5025 qni
2453 4932 2896 5001 continuatur
2918 4949 3077 4999 cum
3142 4925 3413 5017 hepate,
3481 4923 3621 4992 duo
3690 4921 3860 4991 rami

2222 5118 2227 5125 .
2307 5037 2510 5108 valde
2540 5038 2755 5130 parvi.

2400 5153 2517 5224 Fel
2548 5156 2753 5222 etiam
2782 5153 2956 5222 sicut
2988 5153 3217 5220 vesica
3245 5170 3458 5218 unam
3513 5143 3720 5215 habet
3748 5155 3867 5214 tu-

2308 5267 2537 5334 nicam
2564 5263 3015 5353 compositam
3080 5282 3164 5329 ex
3230 5256 3449 5327 tribus
3513 5256 3866 5345 speciebus

2311 5370 2662 5439 villorum.
2724 5368 3013 5449 Quando
3079 5376 3307 5435 auten·
3400 5388 3537 5429 non
3589 5361 3867 5430 attrahit

2310 5477 2400 5547 iel
2438 5475 2814 5556 choleram,
2854 5482 2971 5542 aut
2998 5472 3336 5564 siqnidem
3376 5465 3682 5545 attrahit,
3748 5467 3867 5536 sed

644 5583 746 5644 est
781 5584 1049 5645 meatus
1073 5579 1221 5648 sive
1256 5601 1466 5672 porus
1520 5580 1872 5652 attrahens
1943 5580 2204 5654 humo·
2313 5605 2457 5654 non
2548 5581 2907 5674 complete,
2995 5579 3322 5649 eveniunt
3419 5584 3861 5649 nocumenta.

649 5705 790 5752 rem
817 5682 1136 5755 subtilem
1171 5687 1532 5757 incensum
1586 5690 1706 5782 qui
1759 5691 2079 5782 congruit
2106 5691 2195 5777 ei,

2313 5689 2611 5772 Quando
2635 5690 2822 5758 enim
2846 5686 3119 5759 cholera
3151 5685 3480 5756 retinetur
3513 5703 3722 5775 super
3746 5682 3860 5762 tel,
