4919 6371
1955 354 2123 422 Llss.
2186 351 2305 420 vll
2356 348 2476 415 DE
2524 340 3117 431 ANIMALIBUS,
3167 345 3478 415 TRACT.
3534 345 3628 412 111

1717 1491 2010 1560 CAPUT
2050 1490 2168 1558 111.

1180 2240 1271 2304 Et
1301 2247 1394 2304 est
1422 2259 1750 2302 otenessio
1798 2234 2158 2302 declarans
2203 2255 2482 2300 comam
2513 2254 2725 2322 quare

1268 2343 1582 2435 qeeaedam
1630 2341 1970 2409 animalia
2011 2342 2228 2409 latent
2283 2339 2380 2406 ad
2403 2349 2719 2436 ¹tempus,

1263 2451 1578 2541 quaedam
1621 2460 1851 2517 autem
1895 2458 2168 2517 ululant
2200 2448 2448 2516 Iocum.

1255 3309 1354 3377 Ea
1391 3334 1551 3380 vero
1585 3336 1737 3403 quae
1782 3311 1960 3381 dicta
2009 3319 2168 3379 sunt
2219 3312 2300 3381 de
2341 3316 2716 3381 mutatione

1165 3419 1472 3488 locorum
1539 3420 1964 3500 animalium,
2046 3430 2312 3512 oportet
2392 3422 2479 3490 ad
2544 3422 2718 3491 duos

1164 3528 1406 3597 modos
1443 3529 1741 3597 ordinari
1772 3537 1836 3599 et
1870 3529 2121 3599 reduci.
2176 3529 2502 3610 Quaedam
2533 3531 2715 3600 enim

1163 3636 1444 3703 oumino
1475 3634 1682 3703 latent
1713 3637 1907 3727 quasi
1940 3637 2349 3706 dormientia
2378 3646 2443 3707 et
2476 3639 2719 3707 immo·

1166 3745 1354 3823 bilia,
1389 3753 1453 3812 et
1484 3744 1653 3813 nihil
1685 3747 1755 3813 in
1784 3745 2013 3814 cibum
2053 3747 2475 3838 accipientia.
2522 3749 2718 3830 Qua·-

1160 3852 1322 3921 dam
1356 3860 1582 3921 autem
1620 3852 1702 3921 de
1742 3853 1894 3922 loco
1943 3861 2295 3922 transeunt
2334 3855 2419 3922 ad
2458 3855 2713 3936 locum,

1161 3964 1231 4024 ut
1282 3957 1831 4048 temperatiorem
1908 3958 2261 4027 inveniant
2298 3982 2551 4027 aerem.
2634 3961 2717 4029 lit

1160 4064 1405 4135 horum
1463 4076 1910 4159 utrorumque
1983 4077 2249 4161 oportet
2314 4071 2485 4139 scire
2547 4094 2715 4140 cau-

1163 4198 1335 4242 sam.

1251 4283 1571 4351 Dicamus
1612 4286 1839 4376 igitur,
1885 4284 2069 4376 quod
2100 4309 2546 4380 quaecumque
2576 4288 2718 4355 ani·

1166 4389 1366 4456 malia
1435 4389 1676 4481 frigida
1749 4400 1932 4471 sunt,
2002 4400 2067 4461 et
2114 4392 2375 4484 frigidis
2427 4395 2711 4474 utentia,

1159 4504 1401 4565 etcum
1430 4494 1562 4566 hoc
1599 4497 1797 4566 valde
1825 4507 1986 4567 suut
2013 4500 2302 4576 viscosa.
2339 4509 2404 4569 et
2441 4502 2715 4569 voracia

1155 4613 1310 4671 sunt
1369 4614 1888 4697 consequenter,
1960 4629 2043 4675 eo
2112 4607 2296 4699 quod
2382 4607 2713 4699 frigiditas

1158 4711 1616 4782 inordinatum
1649 4715 1801 4783 facit
1832 4715 1964 4784 cibi
1995 4717 2370 4808 appetitum
2426 4739 2442 4784 :
2486 4726 2546 4784 et
2573 4716 2714 4786 haec

1159 4845 1431 4890 necesse
1507 4834 1607 4892 est
1657 4825 1911 4893 multos
1939 4824 2340 4895 contrahere
2405 4850 2492 4895 ex
2547 4827 2715 4895 cibis

1162 4925 1482 4998 humores
1513 4933 1896 5023 superfluos
1933 4934 2241 5003 viscosos
2279 4936 2455 5003 circa
2487 4933 2713 5002 lorum

1162 5038 1601 5129 digestionis:
1663 5042 1987 5131 quoniam
2054 5042 2237 5110 calor
2273 5041 2514 5110 debilis
2554 5051 2715 5133 pot-

1166 5171 1287 5215 ens
1361 5156 1457 5215 est
1542 5159 1888 5231 converte,
1967 5161 2031 5221 et
2116 5176 2256 5220 non
2312 5161 2410 5219 est
2472 5160 2712 5243 potens

1161 5253 1572 5325 sufficienter
1618 5258 1902 5327 alterare
1958 5269 2025 5329 et
2061 5259 2290 5352 digere
2348 5268 2415 5328 et
2471 5282 2712 5350 super-

1162 5361 1374 5429 fluum
1423 5387 1866 5435 consumere:
1916 5375 2194 5460 propter
2239 5368 2418 5459 quod
2466 5365 2713 5460 phleg-

1160 5472 1444 5538 maticus
1483 5473 1655 5542 circa
1717 5475 2035 5544 intestina
2089 5474 2391 5544 adhaeret
2458 5475 2711 5543 multus

1156 5584 1218 5642 et
1259 5578 1530 5669 pinguis
1565 5578 1838 5662 humor,
1883 5582 2000 5674 qui
2049 5590 2151 5651 est
2206 5583 2491 5651 materia
2544 5581 2709 5650 honi

1143 5687 1503 5777 sanguinis
1550 5688 1606 5755 si
1653 5699 1828 5760 esset
1869 5689 2078 5773 calor,
2122 5692 2235 5784 qui
2284 5700 2513 5784 posset
2550 5717 2707 5762 eum

4261 349 4391 415 413

2824 516 3239 583 sufficienter
3283 515 3675 583 terminare.
3740 513 4203 606 Quaecumque
4256 539 4389 583 au-

2821 631 2960 690 tem
3066 623 3307 690 talium
3378 630 3538 689 suut
3641 620 3811 700 haec,
3893 631 4391 714 consequenter

2819 753 3095 798 necesse
3129 740 3230 798 est
3269 732 3473 797 etiam
3528 752 3674 796 esse
3716 731 3951 819 spissae
4003 740 4068 797 et
4106 732 4390 800 viscosae

2817 836 3058 924 pellis:
3125 838 3452 926 quoniam
3529 837 3727 928 pellis
3797 859 4034 904 eorum
4113 860 4197 906 ex
4273 838 4390 904 tali

2820 951 3219 1032 procreatur
3245 942 3559 1024 humido,
3606 944 3791 1034 quod
3832 953 4098 1011 constat
4127 967 4391 1036 coagu-

2819 1050 3031 1120 latum
3077 1054 3145 1121 in
3176 1055 3459 1122 circuitu
3488 1076 3502 1120 :
3538 1062 3606 1122 et
3652 1062 3931 1145 propter
3957 1053 4152 1145 pellis
4182 1053 4385 1142 hujus

2825 1161 3337 1251 spissitudinem
3397 1171 3461 1230 et
3518 1161 3981 1228 viscositatem
4054 1161 4388 1252 frigiditas

2822 1265 3077 1334 claudit
3107 1290 3312 1358 poros
3344 1275 3409 1335 et
3448 1269 3841 1357 comprimit
3897 1277 4123 1357 partes
4162 1267 4384 1358 pellis,

2822 1373 2916 1438 ita
2956 1371 3143 1463 quod
3182 1372 3352 1440 nihil
3406 1395 3488 1441 ex
3525 1372 3867 1465 profundo
3906 1372 4390 1465 vaporabiliter

2823 1479 3077 1567 spirare
3110 1487 3333 1569 potest
3362 1503 3484 1571 per
3522 1481 3768 1570 ipsam.
3818 1479 3955 1547 Sed
4020 1488 4087 1548 et
4136 1480 4390 1571 siquid

2825 1586 3028 1654 debili
3100 1610 3354 1678 vapore
3444 1589 3529 1656 ab
3610 1590 3916 1657 interiori
3998 1589 4384 1669 resolvitur,

2826 1696 3193 1762 reflectitur
3276 1718 3546 1763 rursus·
3584 1695 3671 1763 ad
3711 1697 4032 1763 interiora
4104 1719 4144 1764 a
4213 1696 4388 1787 pelle

2826 1802 3083 1887 clausa,
3141 1803 3336 1892 cujus
3381 1803 3529 1894 pori
3580 1802 3862 1894 oppilati
3903 1812 4083 1883 sunt,
4119 1812 4186 1872 et
4214 1826 4388 1873 con-

2826 1913 3113 1980 vertitur
3143 1913 3211 1979 in
3243 1911 3607 1981 humorem
3647 1912 4207 2005 phlegmaticum.
4236 1912 4391 1982 Sic-

2827 2027 2903 2088 ut
2961 2042 3202 2088 sumus
3258 2020 3564 2089 elevatus
3639 2044 3680 2089 a
3736 2021 3947 2088 fundo
4006 2022 4159 2090 ollae
4216 2044 4385 2090 coo-

2827 2136 3058 2218 pertae,
3105 2151 3257 2220 quae
3315 2136 3417 2196 est
3474 2128 3561 2197 ad
3617 2127 3895 2195 dibilern
3948 2130 4219 2220 ignem:
4273 2127 4384 2196 hic

2827 2235 3011 2302 enim
3044 2257 3082 2301 a
3123 2235 3530 2326 cooperculo
3590 2237 3908 2315 reflexus,
3970 2236 4389 2305 convertitur

2828 2342 2898 2409 in
2937 2365 3216 2433 aquam,
3259 2352 3325 2411 et
3364 2344 3737 2412 recurritin
3778 2343 4021 2411 ollam:
4060 2344 4154 2411 ita
4175 2346 4382 2411 etiam

2828 2451 2981 2519 talis
3020 2452 3343 2521 exaltatio
3376 2453 3641 2522 rediens
3689 2461 3895 2543 auget
3931 2451 4279 2544 phlegma,
4321 2461 4388 2522 et

2827 2563 3166 2652 proecipue
3207 2570 3512 2653 tempore
3542 2561 3837 2652 frigoris,
3863 2562 4048 2652 quod
4088 2563 4385 2629 exterius

2829 2669 3048 2759 magis
3079 2671 3482 2760 constringit
3540 2692 3769 2761 poros,
3830 2677 3895 2736 et
3944 2667 4382 2737 immobilitat

2829 2775 3153 2845 animalia
3192 2786 3255 2845 et
3286 2776 3600 2869 prohibet
3642 2777 3727 2844 ab
3768 2776 4274 2844 ambulatione:
4321 2783 4386 2842 et

2828 2890 2987 2952 tunc
3020 2886 3423 2975 inspissatur
3459 2883 3731 2961 humor,
3768 2895 3830 2951 et
3883 2882 4241 2952 hebetatur
4269 2881 4385 2949 di-

2826 2992 3070 3081 gestio,
3115 3000 3179 3060 et
3230 2992 3550 3084 pigrescit
3595 2991 4009 3059 desiderium
4067 2989 4197 3058 cibi
4234 3011 4250 3056 :
4299 3011 4381 3057 eo

2825 3100 3009 3191 quod
3044 3100 3428 3169 mesaraicae
3458 3099 3677 3192 plenae
3705 3105 3864 3166 sunt
3917 3099 4133 3191 spisso
4183 3106 4386 3166 natu-

2826 3208 2947 3276 rali
2978 3208 3394 3301 phlegmate,
3431 3209 3613 3299 quod
3672 3207 3859 3277 calor
3912 3208 4135 3276 cordis
4175 3214 4240 3277 et
4269 3206 4385 3275 he-

2821 3320 2997 3409 patis
3028 3326 3423 3388 convertere
3454 3328 3518 3385 et
3552 3318 3956 3385 distribuere
3986 3340 4109 3407 per
4136 3338 4383 3406 corpus

2822 3449 2962 3495 non
3003 3434 3253 3517 potest.
3301 3425 3556 3495 Eadem
3624 3425 3831 3493 etiam
3893 3425 4155 3492 ratione
4191 3446 4385 3491 venae

2820 3542 3003 3602 stant
3074 3535 3295 3626 plena:
3351 3532 3471 3602 tali
3548 3531 3864 3610 humore,
3935 3541 4001 3602 et
4070 3532 4386 3600 similiter

2823 3639 3131 3709 membra
3163 3641 3230 3709 in
3271 3640 3520 3732 quibus
3557 3637 3803 3706 ultima
3841 3636 4218 3707 celebratur
4269 3637 4385 3706 di-

2819 3749 3083 3840 gestio:
3117 3755 3398 3839 propter
3444 3746 3632 3837 quod
3692 3755 4059 3836 utrumque
4111 3745 4386 3814 deside-

2820 3854 2999 3922 rium
3050 3853 3136 3922 ab
3168 3852 3448 3921 animali
3511 3861 3673 3922 tunc
3728 3852 4143 3944 praeciditur,
4189 3851 4386 3920 famis

2819 3961 3160 4041 videlicet,
3206 3968 3271 4029 et
3328 3961 3516 4029 sitis:
3589 3969 3655 4028 et
3709 3960 4015 4051 pigrities
4073 3959 4373 4050 frigoris»,

2819 4079 2886 4140 et
2952 4069 3222 4161 pondus
3281 4070 3589 4161 corporis
3674 4066 4166 4159 superimpleti,
4227 4068 4387 4136 facit

2819 4178 3229 4247 desiderium
3271 4177 3519 4270 quietis
3549 4183 3614 4244 et
3644 4175 4157 4244 absconsionis:
4194 4184 4258 4243 et
4288 4176 4383 4243 sic

2821 4287 2889 4356 in
2922 4285 3205 4355 latibula
3226 4286 3731 4377 ingrediuntur,
3765 4294 3832 4354 et
3861 4285 4218 4376 quiescunt
4240 4283 4386 4374 plu-

2820 4397 2992 4464 rima
3031 4394 3458 4463 animalium.
3510 4394 3863 4484 Praecipue
3903 4401 4133 4461 tamen
4192 4392 4268 4459 fit
4308 4393 4380 4460 in

2818 4502 2926 4571 his
2964 4526 3117 4594 quae
3145 4502 3402 4570 fructus
3449 4500 3557 4569 vel
3620 4524 3888 4568 vermes
3926 4508 4042 4568 aut
4082 4522 4281 4569 ranas
4318 4506 4384 4566 et

2818 4611 2950 4679 alia
3017 4611 3320 4701 repentia
3385 4607 3628 4701 frigida
3669 4615 3734 4675 et
3790 4607 4103 4699 aquatica
4155 4630 4386 4676 come-

2817 4721 3011 4797 dunt,
3047 4739 3130 4785 eo
3162 4715 3347 4807 quod
3376 4714 3538 4784 talia
3580 4717 3999 4784 nutrimenta
4056 4738 4194 4782 non
4246 4714 4381 4782 cito

2816 4833 3310 4897 convertuntur
3370 4825 3439 4893 in
3496 4825 3929 4917 sanguinem,
3988 4822 4104 4891 sed
4154 4823 4383 4914 potius

2818 4937 2885 5002 iu
2918 4932 3240 5026 phlegma
3269 4956 3284 5000 :
3328 4942 3396 5001 et
3424 4941 3661 5023 postea
3683 4930 4146 5022 perdiutinam
4172 4929 4385 4999 deco-

2816 5044 3115 5113 ctionem
3145 5044 3261 5111 vix
3291 5041 3578 5110 redeunt
3617 5039 3702 5108 ad
3732 5039 4141 5129 sanguinem
4182 5038 4382 5129 frigi-

2816 5151 3005 5229 dum,
3040 5159 3107 5219 et
3144 5150 3339 5242 quasi
3397 5146 3869 5239 congelatum:
3942 5155 4008 5215 et
4074 5155 4177 5215 est
4241 5168 4382 5214 non

2815 5279 3223 5351 purpureus,
3303 5256 3423 5324 sed
3506 5253 4008 5345 phlegmaticus
4074 5253 4377 5347 sanguis.

2819 5365 3103 5458 l’ropter
3131 5364 3318 5457 quod
3379 5362 3598 5454 pisces
3665 5361 3869 5429 etiam
3947 5361 4101 5453 plus
4167 5360 4378 5430 latent

2815 5499 3023 5569 quam
3088 5474 3317 5564 aliqua
3364 5469 3498 5537 alia
3528 5469 3878 5552 animalia,
3923 5478 3989 5538 et
4047 5478 4200 5562 post
4236 5468 4383 5538 haec

2814 5606 3001 5660 aves,
3036 5590 3103 5651 et
3162 5585 3317 5672 post
3345 5574 3493 5647 haec
3548 5576 4021 5669 quadrupedia
4088 5574 4377 5667 reptilia,

2815 5701 2883 5762 et
2939 5691 3209 5785 reptilia
3249 5689 3618 5780 serpentia,
3661 5696 3725 5755 et
3794 5695 3948 5778 post
4003 5683 4148 5753 haec
4202 5706 4382 5775 qua-
