4919 6371
1995 432 2164 502 LIB.
2220 430 2316 498 1·v
2364 430 2483 499 DE
2534 425 3116 506 ANlMALlBUS‚
3168 424 3482 494 TRACT,
3538 425 3567 491 I

1195 612 1441 680 habere
1483 607 1760 699 aliquod
1791 606 1971 674 aliud
2016 609 2539 674 instrumentum
2594 625 2754 670 sen-

1193 747 1308 791 sus
1338 721 1622 790 omnino
1655 717 2110 786 manifestum.
2427 798 2437 807 ·

1278 826 1524 896 Adhuc
1555 834 1782 894 autem
1816 826 2127 917 quiedam
2182 823 2453 890 illorum
2497 819 2747 886 liabent

1190 937 1577 1005 membrum
1608 935 1829 1003 simile
1869 935 2142 1024 linguae,
2192 952 2331 996 non
2369 926 2644 1018 quidem
2677 925 2743 990 in

1190 1044 1432 1136 figura,
1469 1042 1678 1113 sedin
1709 1066 1862 1120 usu,
1894 1042 2053 1131 quia
2075 1045 2362 1104 utuntur
2393 1033 2510 1100 illo
2536 1055 2748 1100 mem·

1197 1153 1321 1221 bro
1353 1154 1439 1221 ad
1479 1162 1754 1244 gustum
1794 1174 1808 1217 :
1844 1158 1909 1216 et
1940 1145 2292 1238 quodlibet
2322 1165 2557 1210 eorum
2597 1163 2745 1232 quae

1191 1270 1350 1329 sunt
1387 1261 1592 1349 liujus
1624 1257 1914 1349 generiS,
1966 1253 2171 1320 habet
2220 1251 2496 1341 aliquod
2540 1273 2749 1318 mem-

1193 1372 1389 1437 brum
1422 1368 1509 1436 ad
1538 1388 1738 1433 usum
1801 1364 1936 1428 oris
1982 1382 2103 1450 per
2152 1359 2335 1449 quod
2376 1359 2610 1449 recipit
2647 1359 2748 1426 ci-

1191 1479 1406 1546 bum:
1466 1483 1533 1543 et
1580 1473 1711 1540 hoc
1767 1471 2153 1537 membrum
2205 1470 2388 1560 quod
2446 1475 2549 1535 est
2593 1467 2744 1534 loco

1189 1586 1466 1675 linguae,
1503 1584 1572 1649 iu
1630 1578 2037 1670 quibusdam
2088 1579 2335 1645 durum
2384 1585 2508 1654 est,
2572 1576 2746 1642 etin

1192 1690 1604 1785 quibusdam
1643 1688 1849 1756 molle
1884 1708 1900 1755 :
1965 1688 2211 1756 durum
2243 1685 2519 1777 quidem
2574 1686 2748 1751 sicut

1189 1803 1260 1869 in
1325 1820 1562 1868 musca
1605 1807 1915 1876 cornuta,
1959 1819 2111 1888 quae
2178 1795 2408 1862 Graece
2464 1801 2748 1862 vocatur

1189 1910 1521 1986 chironia,
1602 1915 1667 1975 et
1741 1908 1810 1974 in
1874 1904 2151 1972 animali
2221 1903 2404 1994 quod
2466 1909 2749 1969 vocatur

1193 2018 1548 2096 barcham,
1586 2017 1768 2108 quod
1798 2013 2003 2082 habet
2033 2011 2344 2082 aculeum
2386 2013 2454 2079 in
2505 2034 2621 2078 ore
2669 2033 2747 2078 ac

1191 2129 1245 2195 si
1277 2134 1503 2195 teneat
1533 2126 1601 2192 in
1634 2147 1714 2191 eo
1746 2122 2075 2200 lanceam,
2120 2144 2255 2212 qua
2285 2121 2369 2188 sit
2406 2128 2744 2187 armatum

1196 2235 1279 2302 ad
1335 2233 1800 2301 defensionem
1844 2253 1860 2297 ε
1923 2237 1991 2298 et
2045 2228 2177 2296 hoc
2215 2229 2742 2296 instrumentum

1188 2365 1327 2410 non
1368 2342 1576 2410 estin
1634 2336 1912 2407 animali
1953 2335 2243 2404 habente
2298 2335 2557 2415 dentes,
2618 2335 2742 2402 nisi

1189 2454 1259 2520 iu
1304 2450 1501 2518 valde
1529 2449 1759 2540 paucis
1798 2456 1865 2516 et
1894 2447 2144 2539 ignotis
2174 2445 2373 2514 nobis
2409 2446 2582 2514 forte
2621 2468 2634 2512 :
2681 2455 2746 2514 et

1188 2560 1316 2629 boc
1348 2567 1448 2627 est
1482 2560 2008 2625 instrumentum
2063 2578 2182 2646 per
2208 2553 2391 2645 quod
2431 2562 2746 2645 pungunt

1185 2689 1437 2735 muscae
1484 2673 1552 2734 et
1599 2662 1963 2732 extrahunt
2015 2664 2419 2754 sanguinem
2469 2685 2589 2753 per
2626 2684 2747 2728 ro-

1188 2776 1364 2843 rium
1391 2776 1888 2864 jumentorum.
1923 2770 2360 2839 Musciliones
2390 2779 2615 2837 autem
2649 2773 2748 2836 si-

1184 2885 1436 2952 militer
1501 2888 1815 2972 pungunt
1871 2879 1988 2948 tali
2046 2880 2523 2961 instrumente,
2594 2880 2743 2947 licet

1189 2992 1481 3060 debilior
1546 2992 1632 3058 sit
1676 2998 2010 3081 punctura
2083 3011 2346 3056 eorum.
2407 2988 2742 3056 Differunt

1187 3109 1415 3168 autem
1457 3097 1795 3167 annulosa
1862 3097 1929 3163 in
1999 3097 2203 3164 modo
2262 3095 2553 3165 habendi
2613 3095 2746 3163 hu-

1176 3207 1479 3299 jusmodi
1513 3208 1867 3276 lanceam:
1910 3205 2222 3297 quaedam
2268 3206 2449 3273 enim
2489 3203 2745 3273 liabent

1185 3342 1335 3388 eam
1360 3319 1669 3400 interius,
1703 3326 1766 3384 et
1801 3313 2117 3383 emittunt
2144 3337 2296 3382 eam
2319 3336 2477 3383 cum
2505 3313 2744 3382 volunt

1186 3426 1453 3502 laedere,
1491 3426 1664 3494 sicut
1693 3446 1925 3515 vespa,
1971 3431 2035 3490 et
2064 3424 2233 3514 apis.
2270 3421 2599 3502 Quaedam
2627 3446 2744 3491 au-

1191 3545 1331 3605 tem
1396 3533 1651 3604 habent
1716 3555 1867 3601 eam
1922 3531 2354 3601 manifestam
2418 3532 2738 3614 exterius,

1188 3645 1363 3712 sicut
1418 3640 1713 3732 scorpio.
1775 3639 2167 3731 Scorpionis
2230 3647 2461 3706 autem
2528 3637 2742 3707 multa

1186 3757 1344 3820 sunt
1384 3770 1677 3840 genera:
1720 3756 1785 3816 et
1812 3746 2158 3838 quoddam
2196 3769 2413 3838 genus
2450 3755 2553 3815 est
2586 3746 2744 3815 lon-

1184 3884 1287 3951 gae
1334 3857 1596 3936 caudae,
1639 3863 1707 3925 et
1736 3854 1866 3925 boc
1895 3853 2097 3924 babet
2123 3855 2296 3924 duos
2324 3855 2640 3925 aculeos:
2674 3866 2737 3925 et

1186 3964 1531 4057 quoddam
1599 3962 1853 4031 animal
1928 3984 2216 4054 parvum
2283 3964 2351 4030 in
2415 3963 2740 4031 membris

1185 4073 1370 4166 quod
1425 4072 1768 4164 scorpioni
1819 4078 1921 4139 est
1968 4070 2216 4149 simile,
2276 4078 2340 4138 et
2405 4072 2740 4162 praecipue

1184 4180 1252 4247 in
1293 4177 1448 4257 hoc,
1506 4175 1693 4269 quod
1759 4175 1967 4245 etiam
2017 4177 2242 4267 ipsum
2304 4174 2508 4244 babet
2567 4176 2738 4245 duos

1181 4285 1479 4363 aculeos,
1511 4292 1582 4352 et
1617 4292 1902 4350 vocatur
1938 4294 2308 4362 terrenum,
2350 4306 2433 4353 eo
2465 4284 2649 4377 quod
2670 4284 2739 4352 in

1180 4393 1439 4462 fissuris
1467 4399 1663 4461 terrae
1691 4388 1974 4459 habitat.

1271 4501 1515 4571 Adhuc
1547 4510 1776 4570 autem
1818 4522 1902 4568 ex
1956 4522 2206 4591 genere
2245 4498 2737 4568 annulosorum

1183 4608 1439 4682 animal
1466 4608 1709 4678 volans
1738 4608 2148 4677 annulosum
2179 4605 2387 4677 habet
2411 4608 2556 4677 alas
2584 4630 2739 4676 cum

1182 4719 1334 4787 aliis
1389 4717 1824 4810 praeinductis
1899 4717 2226 4785 membris
2282 4739 2300 4786 :
2359 4726 2429 4787 et
2492 4716 2739 4786 horum

1186 4824 1496 4918 quaedam
1545 4831 1701 4893 sunt
1760 4847 1911 4915 quoe
1957 4846 2095 4891 non
2134 4821 2384 4892 habeut
2415 4825 2546 4892 nisi
2574 4824 2743 4892 duas

1186 4936 1329 5005 alas
1359 4943 1652 5020 tantum,
1686 4944 1759 5003 ut
1799 4956 2051 5004 muscae
2087 4934 2463 5004 secuudum
2491 4959 2744 5027 genera

1184 5065 1306 5111 sua
1343 5064 1359 5111 τ
1393 5052 1463 5112 et
1497 5042 1809 5135 quaedam
1844 5064 2083 5111 eorum
2115 5051 2274 5111 sunt
2313 5064 2464 5134 qum
2494 5039 2743 5111 liabent

1184 5159 1502 5242 quatuor,
1565 5158 1637 5217 ut
1714 5172 1921 5240 apum
1979 5171 2254 5241 genera.
2326 5150 2744 5218 Generaliter

1186 5266 1413 5325 autem
1446 5256 1712 5324 nullum
1744 5254 2159 5323 annulosum
2205 5256 2447 5324 volans
2487 5255 2743 5325 bala-us

1186 5362 1500 5431 aculeum
1541 5361 1684 5430 sive
1717 5361 2049 5438 lanceam,
2110 5361 2178 5428 in
2219 5364 2578 5452 posteriori
2617 5386 2742 5429 suo

1187 5469 1392 5539 babet
1450 5469 1621 5538 duas
1677 5469 1844 5548 alas,
1887 5468 2004 5536 sed
2044 5478 2382 5561 quatuor:
2445 5470 2566 5539 sed
2604 5493 2741 5538 non

1190 5579 1633 5647 convertitur.
1702 5564 1711 5575 ⁸

1281 5683 1524 5754 Adhuc
1552 5693 1783 5755 autem
1820 5684 2205 5753 volantium
2250 5685 2742 5754 annulosorum

1192 5793 1505 5886 quiedam
1535 5793 1789 5863 babent
1808 5793 1951 5863 alas
1971 5816 2129 5863 suas
2149 5804 2505 5888 coopertas
2533 5819 2746 5869 mem·

4288 427 4416 492 283

2863 600 3100 674 brana,
3137 597 3311 663 sicut
3349 599 3875 666 sacarabeorum
3915 605 3983 666 et
4026 596 4417 664 soraborum

2851 729 3130 797 genera,
3166 727 3336 795 quas
3363 707 3647 796 quidam
3689 731 3925 799 vespas
3963 713 4232 776 vocant.
4281 704 4418 773 Sed

2851 814 2983 883 hoc
3022 812 3210 905 quod
3240 837 3368 881 nos
3419 837 3695 906 vespam
3741 817 4092 884 communi
4138 815 4416 883 nomine

2849 946 3204 1000 vocatum,
3250 921 3454 992 habet
3505 923 3646 991 alas
3715 922 4200 1014 discoopertas,
4244 924 4417 991 sicut

2853 1033 3022 1121 apis.
3090 1031 3424 1100 Generale
3483 1041 3713 1101 autem
3772 1040 3897 1111 est,
3954 1031 4139 1123 quod
4179 1053 4414 1098 omnes

2851 1140 2975 1208 alae
3007 1141 3512 1211 membranales
3563 1141 3889 1210 differunt
3944 1140 4027 1208 ab
4073 1140 4196 1209 alis
4251 1162 4415 1232 pen-

2853 1257 3173 1316 natorum
3221 1272 3236 1317 :
3272 1251 3434 1340 quia
3464 1272 3700 1318 cannae
3731 1248 3940 1317 nullae
3970 1259 4129 1318 sunt
4166 1248 4411 1340 quibus

2852 1357 3271 1424 membranae
3311 1356 3689 1448 inligantur
3735 1357 4008 1447 corpori
4039 1356 4413 1424 annuloso·

2852 1487 3028 1531 rum.
3068 1462 3204 1531 Sed
3242 1464 3312 1531 in
3344 1462 3470 1532 alis
3501 1474 3958 1555 pennatorum
3986 1472 4145 1532 sunt
4179 1486 4412 1533 cannae

2849 1594 3258 1662 pennarum,
3333 1572 3584 1663 quibus
3639 1574 3710 1642 iu
3770 1596 4044 1643 carnem
4111 1571 4412 1665 infigitur

2850 1677 2957 1746 ala
2995 1679 3141 1746 avis
3166 1686 3507 1768 pennatae.

2942 1784 3188 1855 Adhuc
3243 1795 3475 1855 autem
3541 1787 3856 1879 quaedam
3921 1787 4409 1856 annulosorum

2849 1894 3105 1962 habent
3171 1894 3475 1964 maculas
3540 1918 3750 1986 supra
3812 1896 4046 1965 oculos
4111 1895 4410 1965 lucentes

2851 2001 3380 2092 aliquantulum,
3459 2004 3636 2072 sicut
3689 2004 3974 2095 apiculae
4037 2005 4410 2073 secundum

2851 2135 3068 2203 genus
3099 2135 3328 2180 suum.

2940 2221 3411 2311 Quaecumque
3466 2230 3698 2289 autem
3754 2220 4248 2289 annulosorum
4306 2242 4415 2288 co·

2850 2337 3014 2396 eunt
3045 2351 3166 2418 per
3204 2328 3456 2396 saltum
3489 2352 3647 2397 cum
3683 2328 4062 2413 ambulant,
4105 2330 4198 2397 ita
4232 2329 4413 2420 quod

2851 2458 3067 2503 unum
3099 2435 3257 2503 salit
3284 2458 3493 2526 supra
3532 2434 3852 2515 alterum,
3912 2437 4088 2504 sicut
4136 2458 4408 2516 museae,

2850 2555 2917 2614 et
2946 2568 3132 2635 apes,
3176 2543 3434 2613 habent
3466 2545 3673 2635 pedes
3738 2545 4149 2635 posteriores
4202 2544 4414 2633 majo-

2852 2675 2957 2721 res
2991 2675 3198 2742 quam
3240 2651 3642 2720 anteriores.
3677 2649 3847 2731 Quae
3900 2675 4067 2721 vero
4107 2652 4174 2718 in
4231 2653 4413 2720 coitu

2852 2760 3131 2827 flectunt
3170 2781 3269 2836 se,
3332 2761 3426 2827 ita
3474 2757 3662 2849 quod
3699 2760 4037 2850 posterius
4077 2761 4277 2826 unius
4318 2782 4415 2826 re·

2850 2868 3133 2957 scipitur
3172 2867 3350 2934 intra
3379 2868 3745 2957 posterius,
3789 2866 4066 2936 alterius
4097 2876 4162 2935 et
4198 2869 4412 2958 capite

2852 2986 3296 3043 removentur
3334 2998 3371 3045 a
3403 2998 3476 3044 se
3533 2976 3862 3053 maxime,
3908 2976 4000 3043 ita
4038 2975 4219 3066 quod
4256 2984 4412 3044 sunt

2850 3084 3042 3174 quasi
3081 3082 3401 3174 colligata
3451 3084 3813 3174 posterius,
3872 3084 4045 3152 sicut
4082 3082 4406 3159 scarabei,

2848 3202 2908 3260 et
2956 3192 3295 3260 vermium
3349 3192 3734 3262 volantium
3782 3216 4056 3284 genera,
4109 3217 4248 3261 non
4286 3191 4414 3261 lia-

2850 3301 3010 3368 bent
3041 3301 3212 3371 adeo
3257 3323 3551 3391 magnos
3588 3302 4002 3392 posteriores
4058 3302 4262 3392 pedes
4296 3324 4310 3368 ε
4346 3310 4411 3370 et

2849 3409 2978 3478 hoc
3002 3411 3210 3478 inodo
3241 3409 3673 3501 applicantur
3700 3410 3831 3478 sibi
3870 3411 4110 3479 cameli
4140 3410 4410 3502 quando

2849 3529 3119 3587 coeunt.
3189 3519 3559 3588 l’osteriori
3604 3527 3837 3587 autem
3895 3519 4102 3587 modo
4165 3527 4411 3588 coeunt

2848 3625 3320 3719 quadrupedia
3348 3627 3592 3705 multa,
3626 3636 3695 3697 et
3726 3629 4064 3719 praecipue
4091 3650 4251 3696 aves
4280 3626 4408 3696 boc

2848 3735 3057 3803 modo
3096 3744 3347 3803 coeunt
3376 3735 3810 3805 ascendendo
3859 3759 4065 3827 super
4100 3735 4407 3804 toeminas

2847 3866 3030 3910 suas.
3074 3842 3345 3910 Creatio
3378 3850 3609 3911 autem
3648 3866 4014 3935 corporum
4044 3842 4410 3912 annuloso·

2850 3975 3002 4019 rum
3042 3972 3183 4019 non
3215 3958 3317 4021 est
3356 3953 3452 4020 ita
3492 3953 3676 4044 quod
3723 3975 3885 4022 caro
3950 3954 4038 4021 sit
4092 3952 4267 4020 intra
4306 3960 4409 4020 te-

2848 4070 3023 4129 stam
3051 4083 3065 4128 :
3096 4083 3317 4152 neque
3338 4062 3545 4130 etiam
3575 4062 3933 4131 exterioris
3958 4084 4112 4153 pars
4132 4069 4233 4129 est
4252 4083 4409 4129 vere

2848 4176 3042 4243 testa,
3103 4168 3221 4236 sed
3289 4177 3389 4237 est
3455 4168 3762 4239 medium
3828 4169 4171 4261 quoddam
4238 4168 4413 4237 inter

2849 4275 3209 4344 mollitiem
3265 4277 3492 4346 carnis
3549 4286 3615 4346 et
3673 4277 3997 4346 duritiam
4046 4285 4285 4345 testae:
4345 4287 4409 4346 et

2849 4384 3010 4474 quia
3073 4385 3163 4451 ita
3203 4384 3446 4452 duram
3495 4382 3704 4454 habet
3758 4384 4234 4463 substantiam,
4269 4406 4406 4452 non

2847 4488 3049 4560 babet
3109 4492 3409 4581 spinam,
3471 4514 3694 4582 neque
3761 4515 3840 4561 os
3887 4491 4188 4582 aliquod,
4248 4491 4409 4583 quia

2848 4601 3012 4668 satis
3051 4600 3356 4670 salvatur
3390 4624 3515 4692 per
3540 4602 3849 4693 corporis
3893 4601 4238 4670 duritiam.
4292 4600 4407 4668 Est

2848 4718 3078 4777 autem
3122 4709 3190 4777 in
3236 4710 3595 4778 annulosis
3633 4713 3936 4780 exterius
3963 4712 4252 4794 corium,
4286 4708 4404 4779 sed

2850 4827 2947 4886 est
2981 4820 3275 4887 multum
3316 4820 3590 4891 subtile.

2939 4928 3250 4998 Membra
3306 4940 3538 5000 autem
3580 4931 3905 5001 interiora
3943 4928 4149 5000 habet
4184 4950 4410 4998 annu-

2852 5037 3078 5105 losum
3128 5035 3260 5106 hoc
3304 5039 3539 5107 modo.
3600 5038 3770 5107 Post
3825 5060 3904 5106 os
3959 5037 4232 5128 quidem
4289 5060 4409 5127 pur

2853 5146 3037 5238 quod
3073 5147 3311 5237 recipit
3341 5146 3601 5225 cibum,
3672 5146 3878 5216 babet
3924 5145 4162 5214 venale
4194 5146 4413 5238 quod-

2852 5257 3010 5323 dam
3069 5263 3328 5323 reetuin
3388 5264 3748 5324 extensum
3780 5278 3995 5347 usque
4061 5255 4144 5322 ad
4174 5277 4408 5331 anum,

2852 5387 3208 5456 perquem
3268 5374 3366 5432 est
3407 5364 3633 5433 exitus
3680 5365 4188 5455 superfluitatis,
4231 5371 4290 5429 et
4342 5363 4407 5428 in

2852 5472 3086 5563 paucis
3127 5469 3253 5538 hoc
3293 5471 3536 5539 venale
3567 5480 3665 5540 est
3700 5471 4109 5539 involutum.
4147 5470 4227 5539 Et
4256 5494 4413 5538 om-

2857 5584 3043 5650 nimo
3086 5579 3312 5647 nullus
3343 5580 3707 5649 modorum
3755 5580 4245 5649 annulosorum
4288 5579 4415 5647 lia-

2857 5691 2968 5757 lwt
3000 5696 3268 5762 testam,
3304 5688 3434 5755 nisi
3481 5687 3857 5756 secundum
3889 5688 4074 5779 quod
4104 5687 4412 5755 narravi-

2855 5822 3034 5876 mus,
3095 5796 3473 5865 secundum
3531 5796 3717 5887 quod
3772 5795 4087 5864 videlicet
4149 5796 4409 5863 corium
