4919 6371
608 373 737 439 5¹8

615 561 755 607 non
812 535 1105 602 multum
1171 532 1514 597 invenitur
1563 537 2029 605 menstruum,
2100 549 2179 593 eo

610 644 789 736 quod
821 644 889 710 in
940 642 1042 708 lac
1089 640 1508 708 convertitur
1541 661 1554 704 ε
1594 638 1905 728 quaedam
1938 644 2167 703 tamen

604 752 928 820 lactantes
1002 755 1457 826 menstruam,
1547 747 1666 813 sed
1722 746 2001 835 sanguis
2069 751 2169 811 est

599 856 799 925 valde
829 855 1151 922 humidus
1193 862 1257 923 et
1302 877 1627 945 aquosuS,
1663 859 1730 919 et
1761 860 1927 917 tunc
1956 851 2098 917 exit
2130 872 2170 916 a

606 963 914 1056 pluribus
943 964 1107 1032 locis
1125 985 1460 1031 venarum
1482 959 1807 1033 matricis,
1844 961 2020 1025 sicut
2052 979 2171 1024 ac-

606 1074 769 1143 cidit
799 1076 866 1141 in
915 1075 1280 1143 emissione
1335 1070 1694 1160 sanguinis
1748 1068 1865 1157 qui
1916 1066 2068 1132 ssuit
2096 1066 2166 1131 in

606 1179 1147 1258 haemorrhoidis,
1181 1188 1244 1244 et
1281 1175 1669 1264 repurgatio
1722 1170 1962 1238 talium
2004 1194 2166 1238 mu-

603 1291 846 1358 lierum
871 1297 970 1355 est
1004 1285 1191 1354 tarda
1220 1292 1286 1351 ct
1323 1285 1570 1373 turpiS,
1613 1283 1945 1371 quoniam
2014 1302 2167 1345 san-

606 1394 759 1484 guis
790 1394 934 1482 ejus
972 1411 1271 1480 aquosus
1319 1396 1418 1454 est
1468 1387 1644 1454 sicut
1709 1387 1795 1453 sit
1848 1384 2164 1452 saniosus

607 1506 673 1566 et
730 1497 846 1564 diu
906 1496 1077 1563 ssuit.
1140 1494 1269 1562 Hic
1325 1502 1552 1561 autem
1606 1492 1888 1582 sanguis
1965 1512 2166 1556 men-

609 1606 926 1673 struusin
963 1602 1371 1695 quibusdam
1402 1599 1806 1668 mulieribus
1845 1599 2167 1689 aliquan-

604 1713 691 1781 do
756 1711 928 1780 forte
973 1711 1161 1778 vadit
1206 1733 1246 1777 a
1289 1709 1493 1777 dorso
1535 1708 1622 1775 ad
1663 1704 1920 1775 anchus
1968 1713 2166 1773 ante-

606 1844 809 1912 quam
840 1819 1190 1910 perveniat
1238 1818 1322 1884 ad
1363 1817 1745 1898 matricem,
1805 1824 1874 1883 et
1923 1821 2165 1905 gravat

599 1938 761 1997 tunc
790 1926 1099 1996 membra
1136 1925 1276 1994 illa.

691 2035 921 2105 Unum
951 2042 1178 2101 autem
1209 2032 1395 2123 quod
1422 2031 1682 2122 pluries
1714 2029 1961 2099 accidit
1997 2052 2163 2121 pue-

602 2145 694 2210 ris
733 2149 1036 2210 recenter
1081 2142 1257 2208 natis
1321 2148 1602 2230 propter
1654 2136 2158 2229 plenitudinem

603 2272 868 2328 eorum,
911 2256 1012 2316 est
1050 2270 1363 2338 spasmus
1400 2270 1414 2313 ε
1466 2254 1745 2335 propter
1789 2244 1977 2336 quod
2007 2267 2161 2311 ma-

598 2358 783 2424 xime
821 2356 1062 2424 accidit
1098 2354 1203 2422 his
1244 2355 1360 2444 qui
1399 2352 1573 2420 bene
1604 2351 1922 2419 cibantur
1950 2360 2017 2420 et
2056 2350 2163 2418 la-

598 2470 868 2532 ctantur
893 2484 1071 2553 saepe
1102 2462 1274 2530 lacte
1305 2483 1569 2551 grosso,
1607 2461 1783 2527 sicut
1811 2468 1915 2527 est
1943 2460 2162 2527 vacci-

606 2594 797 2649 num,
832 2578 899 2638 et
941 2568 1214 2660 quando
1255 2570 1552 2636 nutrices
1623 2567 1874 2635 fuerint
1906 2567 2159 2635 fertiles

600 2684 665 2746 et
701 2677 874 2746 bene
914 2676 1130 2766 plenae
1172 2675 1339 2743 laete
1382 2677 1713 2766 corporis.
1771 2674 1851 2742 ln
1881 2698 2157 2765 spasmo

605 2785 787 2854 enim
844 2793 1041 2853 nocet
1071 2784 1438 2852 multitudo
1483 2782 1699 2851 lactis.
1761 2781 2160 2851 Nutricibus

603 2902 830 2963 autem
863 2915 1014 2985 quae
1044 2893 1294 2960 lactant
1332 2915 1606 2983 pueroS‚
1653 2901 1754 2959 est
1791 2891 2163 2959 observan-

604 3001 688 3069 da
727 3000 906 3069 dieta
940 3023 955 3067 :
1008 3001 1333 3092 quoniam
1365 3001 1605 3067 vinum
1647 3001 1923 3091 nigrum
1975 2999 2162 3067 bibi-

601 3118 818 3178 tuma
855 3110 1114 3178 nutrice
1162 3108 1314 3201 plus
1372 3117 1567 3177 nocet
1626 3132 1834 3201 quam
1893 3107 2153 3178 album.

607 3216 939 3287 Similiter
975 3226 1203 3287 autem
1268 3226 1469 3286 nocet
1526 3215 1762 3285 album
1820 3219 2063 3286 vinum
2102 3224 2161 3289 si

1610 356 1695 422 D.
1748 353 1951 422 ALB.
2004 352 2223 421 MAG.
2278 351 2484 423 ORD.
2536 351 2830 420 PRAED.

2294 549 2430 592 non
2463 535 2563 593 est
2590 548 2950 616 aquosum,
3004 533 3069 592 et
3116 524 3426 591 similiter
3464 524 3592 592 cibi
3627 527 3830 593 intla-

2284 635 2403 700 tivi
2424 644 2489 700 et
2527 637 2736 701 consti
2745 633 2951 722 pativi
2977 643 3220 699 nocent
3244 632 3539 699 lactanti.
3579 634 3831 701 Caven-

2280 740 2441 806 dum
2476 742 2656 807 enim
2687 741 2882 807 valde
2938 748 3040 807 est
3070 741 3318 830 pueris,
3391 742 3552 831 quia
3601 742 3827 832 plures

2279 851 2470 937 pueri
2494 850 2560 915 in
2590 872 2860 938 spasmo
2880 851 3263 916 moriuntur
3283 859 3436 917 ante
3458 852 3822 940 septimum

2280 958 2457 1025 diem
2525 956 2607 1023 ab
2674 957 3060 1045 inceptione
3120 957 3530 1024 infirmitatis
3564 979 3580 1023 :
3645 967 3709 1025 et
3765 959 3822 1024 si

2278 1066 2663 1135 transierint
2711 1065 2891 1133 diem
2957 1068 3348 1156 septimum,
3403 1067 3698 1134 evadunt
3755 1068 3820 1132 in

2277 1175 2517 1262 majori
2566 1182 2751 1262 parte
2787 1196 2801 1239 t
2859 1174 3018 1263 quia
3047 1183 3206 1241 tunc
3256 1174 3659 1241 diminuitur
3699 1173 3825 1242 hu-

2275 1306 2426 1349 mor
2464 1284 2843 1372 superfluus
2882 1284 2951 1348 in
2993 1284 3112 1350 eis.
3160 1281 3239 1349 ln
3285 1281 3412 1350 hac
3451 1290 3677 1349 autem
3715 1284 3823 1349 in-

2275 1390 2589 1456 firmitate
2631 1411 2838 1479 puero
2878 1398 3366 1457 necumentum
3406 1399 3823 1481 aggravatur

2274 1500 2343 1567 in
2382 1509 2747 1589 augmento
2794 1498 2974 1566 lunae
3012 1500 3217 1589 :quia
3281 1507 3441 1566 tunc
3498 1507 3806 1567 crescunt

2274 1614 2338 1673 et
2368 1605 2698 1673 ebulliunt
2733 1602 3172 1673 humiditates
3201 1607 3271 1672 in
3300 1605 3698 1695 corporibus
3719 1606 3824 1672 in-

2273 1714 2618 1781 feriorum.
2655 1711 2985 1804 Spasmus
3025 1723 3249 1781 autem
3292 1715 3404 1804 qui
3439 1714 3669 1803 pueris
3700 1736 3822 1781 ac-

2273 1821 2456 1900 cidit,
2489 1820 2683 1887 valde
2722 1819 3139 1910 periculosus
3179 1828 3304 1898 est,
3347 1821 3620 1910 quando
3654 1821 3818 1888 inci-

2270 1931 2368 2020 pit
2398 1954 2435 1998 a
2466 1938 2652 2020 parte
2689 1929 2898 2011 dorsi,
2932 1940 2998 1998 et
3025 1931 3121 1997 sic
3149 1929 3614 2021 prolongatur.

2362 2034 2520 2103 llaec
2550 2036 2752 2126 igitur
2778 2045 2938 2103 sunt
2985 2058 3136 2125 quae
3174 2036 3575 2103 aveteribus
3615 2035 3815 2102 Peri-

2269 2143 2572 2232 pateticis
2603 2144 2984 2231 accepimus
3023 2143 3103 2209 de
3139 2142 3485 2232 principiis
3533 2151 3599 2210 et
3629 2142 3813 2209 acci-

2269 2250 2584 2318 dentibus
2637 2251 3094 2341 generationis
3146 2250 3506 2319 hominum
3540 2259 3604 2318 et
3633 2250 3806 2317 alio·

2268 2381 2419 2425 rum
2459 2357 2882 2424 animalium.
2927 2356 3070 2426 Nos
3089 2367 3317 2426 autem
3341 2358 3712 2426 redibimus
3743 2366 3809 2424 et

2270 2488 2603 2557 ponemus
2692 2464 3260 2533 contradictiones
3358 2464 3812 2557 quorumdam

2267 2582 2500 2642 contra
2550 2596 2627 2640 ea
2658 2595 2807 2662 quae
2838 2572 3014 2641 dicta
3045 2582 3227 2657 sunt,
3257 2581 3324 2641 et
3361 2572 3812 2662 investigabi-

2272 2702 2422 2747 mus
2451 2678 2614 2746 nlias
2671 2680 2960 2747 aliorum
3020 2682 3401 2772 opiniones,
3463 2689 3529 2748 et
3570 2689 3806 2770 postea

2269 2787 2692 2855 conferemus
2725 2790 2884 2855 istas
2922 2789 3307 2878 opiniones,
3350 2796 3425 2855 ut
3452 2788 3808 2854 videamus

2271 2919 2418 2988 quae
2456 2897 2540 2963 sit
2563 2896 2785 2963 verior
2813 2897 2989 2964 inter
3015 2919 3153 2973 eas,
3189 2895 3477 2964 utillum
3518 2896 3819 2985 accipia—

2270 3026 2423 3071 mus
2479 3011 2542 3069 et
2592 3003 3014 3071 dimittamus
3071 3004 3421 3072 residuas:
3470 3004 3566 3070 sic
3631 3005 3814 3069 enirn

2267 3110 2525 3178 facilior
2588 3121 2652 3179 et
2685 3110 2974 3180 lucidior
3011 3120 3078 3179 et
3120 3111 3477 3204 perfectior
3522 3111 3648 3178 erit
3686 3109 3822 3214 do-

2271 3220 2509 3288 ctrina.
