4919 6371
2053 454 2223 521 LIB.
2278 452 2339 518 II
2388 450 2508 518 DE
2553 446 3145 529 ANIMALIBUS,
3197 446 3508 518 TRACT.
3561 449 3588 514 I

1207 640 1358 685 nem
1411 619 1913 706 protenduntur
1951 631 2018 690 et
2065 628 2427 701 acuuntur,
2463 621 2555 685 ita
2586 618 2769 708 quod

1204 734 1362 792 aetas
1396 747 1633 792 eorum
1667 729 1872 795 etiam
1921 732 1990 796 in
2039 727 2363 796 cornibus
2409 727 2771 816 cognosci-

1208 844 1317 901 tur
1367 855 1381 899 :
1436 842 1500 899 et
1565 836 1844 904 emissio
1907 835 2183 926 quidem
2238 835 2440 901 unius
2489 836 2647 902 anni
2696 836 2766 902 in

1201 937 1536 1028 principio
1578 942 1683 1008 sui
1714 940 1925 1009 habet
1954 939 2254 1029 ungulas
2293 940 2647 1030 quasdam,
2702 948 2768 1007 et

1198 1051 1353 1133 post
1416 1044 1566 1113 illas
1631 1054 1733 1114 est
1798 1067 2012 1112 cornu
2061 1044 2346 1134 planum
2409 1068 2628 1135 usque
2681 1046 2766 1113 ad

1200 1153 1635 1220 emissionem
1679 1152 1960 1219 alterius
2004 1153 2191 1232 anni,
2257 1160 2325 1221 et
2374 1155 2623 1220 iterum
2672 1153 2767 1219 ihi

1202 1270 1511 1352 rugatur,
1545 1267 1612 1327 et
1642 1259 1775 1327 hoc
1808 1261 2150 1351 praecipue
2179 1268 2458 1351 apparet
2489 1261 2559 1325 in
2610 1281 2768 1326 cor-

1203 1367 1403 1434 nibus
1435 1389 1844 1456 magnorum
1875 1366 2287 1436 bubalorum
2320 1365 2759 1445 silvestrium,

1201 1499 1351 1567 quae
1399 1476 1614 1543 visent
1644 1477 1827 1567 apud
1873 1498 2001 1545 nos
2048 1486 2406 1554 vocantur,
2468 1497 2761 1566 quorum

1198 1591 1358 1651 sunt
1386 1604 1641 1652 cornua
1671 1606 1924 1676 magna
1946 1590 2014 1653 et
2052 1573 2321 1653 excelsa
2342 1582 2566 1652 valde.
2603 1581 2764 1651 Om-

1204 1691 1316 1758 nia
1344 1692 1528 1758 enim
1559 1691 1721 1761 talia
1750 1689 2077 1760 animalia
2114 1712 2256 1759 non
2286 1691 2565 1781 ejiciunt
2603 1687 2762 1760 co'r-

1199 1820 1333 1865 nua
1361 1818 1488 1867 sua
1526 1800 1655 1867 nisi
1696 1822 1818 1890 per
1859 1799 2292 1868 occasionem
2332 1798 2619 1887 alicujus
2638 1822 2762 1868 no·

1197 1909 1521 1984 cumenti,
1558 1906 1731 1974 sicut
1772 1914 1873 1974 est
1893 1905 2082 1976 laesio
2110 1906 2436 1976 violentia
2461 1907 2569 1974 vel
2599 1927 2760 1999 apo·

1197 2025 1438 2081 stema.
1491 2013 1575 2081 Et
1633 2013 1840 2103 hujus
1888 2037 2095 2084 causa
2133 2022 2260 2095 est,
2324 2016 2486 2106 quia
2531 2015 2761 2084 incre-

1198 2129 1428 2188 mento
1459 2117 1941 2189 diminuuntur
1978 2128 2045 2191 et
2099 2130 2463 2200 acuuntur,
2515 2130 2580 2190 et
2618 2145 2756 2190 non

1195 2226 1368 2295 ultra
1410 2227 1692 2296 modum
1727 2237 2019 2318 gravant
2061 2228 2366 2319 pondere
2395 2250 2545 2297 suo.
2583 2228 2759 2298 Huic

1194 2342 1421 2402 autem
1441 2335 1614 2425 parti
1640 2334 1957 2403 animalis
1979 2333 2456 2405 nihilomnino
2480 2358 2761 2427 respon-

1192 2439 1300 2507 det
1335 2439 1404 2507 in
1436 2463 1722 2532 corpore
1752 2441 2101 2510 hominis:
2134 2442 2298 2534 quia
2326 2465 2468 2512 non
2496 2453 2651 2511 sunt
2684 2444 2756 2511 in

1191 2569 1271 2614 eo
1309 2548 1481 2616 tales
1518 2549 2053 2639 superfluitates,
2088 2572 2311 2643 neque
2349 2550 2602 2643 indiget
2646 2559 2757 2620 ta-

1192 2653 1365 2722 libus
1395 2656 1628 2734 armiS,
1679 2679 1760 2724 eo
1807 2656 1990 2747 quod
2023 2663 2266 2726 natura
2313 2657 2494 2727 dedit
2525 2658 2584 2727 ei
2623 2658 2753 2726 de-

1190 2760 1567 2828 fensionem
1600 2784 1874 2840 manuS,
1900 2771 1965 2830 et
1999 2763 2420 2833 intellectum
2453 2788 2577 2855 pro
2609 2788 2755 2832 om·

1190 2865 1386 2935 nibus
1417 2866 1690 2946 talibus,
1756 2869 1927 2937 sicut
1995 2893 2121 2939 uos
2178 2871 2249 2939 in
2307 2871 2749 2964 sequentibus

1189 2974 1375 3042 libris
1405 2974 1871 3045 ostendemus.

1273 3214 1587 3307 Amplius
1635 3224 1865 3285 autem
1925 3215 2391 3286 mamillarum
2463 3219 2633 3286 situs
2678 3225 2746 3287 et

1183 3343 1506 3390 numerus
1555 3322 1940 3393 diversatur
1996 3325 2065 3393 in
2122 3324 2275 3393 aliis
2332 3325 2742 3393 animalibus

1181 3426 1420 3503 brutis,
1456 3429 1734 3521 quando
1781 3430 2185 3501 mulieribus
2231 3440 2736 3524 comparantur,

1179 3542 1243 3600 et
1281 3534 1596 3605 similiter
1631 3538 2168 3607 instrumentum
2214 3539 2359 3606 sive
2402 3562 2740 3632 organum

1179 3643 1465 3712 coeundi
1496 3645 1565 3712 in
1598 3641 2024 3724 hominibus,
2059 3644 2146 3715 ab
2176 3668 2439 3735 organo
2488 3669 2626 3738 quo
2664 3648 2742 3716 tit

1180 3748 1389 3816 saltus
1419 3752 1489 3819 in
1529 3752 1682 3820 aliis
1709 3774 1725 3819 ε
1751 3751 1890 3821 fere
1919 3755 2101 3822 enim
2156 3756 2384 3820 ..mnia
2428 3752 2737 3822 saltando

1179 3877 1384 3946 super
1411 3856 1691 3925 dorsum
1720 3856 2156 3927 faeminarum
2179 3881 2461 3928 suarum
2488 3869 2739 3929 coeunt

1177 3959 1367 4030 bruta
1400 3964 1749 4034 animalia.
1791 3962 2115 4034 Mamilloe
2160 3966 2346 4035 enim
2404 3989 2739 4058 quorum-

1173 4068 1329 4136 dam
1357 4079 1517 4138 sunt
1548 4071 1620 4140 in
1657 4078 1935 4162 pectore
1962 4081 2083 4141 aut
2111 4092 2326 4163 prope
2372 4080 2635 4165 pectus,
2667 4080 2741 4144 et

1175 4176 1548 4245 secundum
1588 4199 1955 4247 numerum
1989 4178 2272 4271 quidem
2310 4199 2450 4247 non
2481 4177 2736 4248 habent

1174 4282 1299 4349 nisi
1329 4281 1500 4350 duas
1529 4284 1871 4353 mamillas
1914 4286 2060 4354 sive
2088 4285 2264 4355 duos
2312 4307 2550 4364 conos,
2601 4285 2734 4357 hoe

1171 4397 1296 4463 est.
1339 4389 1624 4482 papulas
1653 4391 2146 4473 mamillarum,
2177 4395 2235 4461 si
2275 4393 2448 4462 forte
2479 4392 2733 4463 habent

1171 4495 1378 4566 ubera
1405 4499 1770 4587 conjuncta
1809 4508 1878 4569 et
1905 4500 2123 4578 unita.
2156 4502 2334 4570 sicut
2377 4523 2613 4582 vacca,
2665 4511 2736 4573 et

1172 4604 1345 4680 ovis,
1378 4612 1443 4670 et
1482 4625 1708 4695 capra.
1743 4613 1812 4674 et
1842 4603 2236 4695 hujusmodi
2265 4626 2281 4672 τ
2325 4604 2469 4672 luec-
2498 4607 2733 4676 omnia

1176 4711 1356 4777 euim
1387 4707 1643 4779 habent
1667 4732 1886 4781 unum
1916 4711 2088 4782 uber
2116 4739 2200 4782 ex
2232 4720 2527 4805 quatuor
2556 4712 2735 4781 ube-

1177 4816 1388 4896 ribus,
1420 4824 1540 4887 aut
1566 4840 1651 4885 ex
1679 4817 1954 4887 duobus
1989 4821 2266 4889 unitum
2299 4829 2583 4914 propter
2619 4821 2733 4890 lo-

1175 4923 1330 4989 ciet
1365 4920 1537 4989 situs
1564 4921 2072 4993 arctitudinem.
2115 4922 2362 4994 Mulier
2405 4932 2635 4993 autem
2660 4934 2732 4995 et

1175 5025 1451 5117 elephas
1479 5037 1544 5097 et
1567 5029 1765 5096 simia
1795 5037 1862 5096 et
1885 5027 2281 5118 hujusmodi
2312 5031 2733 5100 conveniunt

1175 5135 1241 5202 in
1280 5156 1569 5202 numero
1608 5136 2102 5217 nuamillarum,
2145 5137 2332 5230 quod
2380 5138 2732 5230 quodlibet

1170 5242 1452 5310 istorum
1483 5242 1888 5311 animalium
1925 5265 2070 5313 non
2116 5243 2322 5314 habet
2376 5246 2506 5314 nisi
2555 5245 2730 5315 duas

1168 5347 1532 5428 mamillas,
1563 5351 1737 5417 sicut
1768 5350 2027 5420 dictum
2058 5362 2164 5421 est
2191 5374 2207 5419 :
2239 5352 2361 5421 sed
2408 5351 2730 5423 differunt

1166 5453 1668 5545 aliquantulum
1716 5458 1785 5525 in
1828 5458 1992 5538 situ,
2052 5459 2382 5550 quoniam
2446 5456 2727 5550 elephas

1166 5559 1335 5629 duas
1399 5560 1610 5632 habet
1671 5563 2018 5636 mamillas
2080 5567 2283 5656 juxta
2327 5564 2456 5634 sub
2506 5565 2729 5635 ascel-

1165 5668 1333 5737 laria
1366 5690 1537 5738 sua:
1569 5678 1639 5739 et
1664 5671 1976 5742 mamilla
2012 5670 2399 5766 elephantis
2426 5680 2531 5741 est
2576 5673 2730 5741 val-

1170 5779 1253 5848 de
1271 5799 1480 5870 parva
1502 5790 1811 5871 respectu
1829 5804 1973 5852 suo
1989 5784 2413 5876 quantitatis,
2434 5805 2518 5852 eo
2535 5783 2726 5874 quod

4301 448 4420 515 171

2874 620 3127 687 siecum
3161 619 3245 686 sit
3288 619 3538 684 animal
3570 624 3631 684 et
3662 638 3991 706 magnum
4021 623 4086 682 et
4116 615 4230 682 diu
4259 615 4429 683 lacte

2873 728 3047 795 sicut
3077 726 3511 793 convenienti
3552 731 3616 790 et
3646 724 4007 791 sufficienti
4046 723 4431 790 nutrimen-

2873 840 2943 899 to
2994 831 3237 897 nutriri
3287 852 3427 896 non
3469 828 3724 918 possit:
3764 836 3829 895 et
3869 829 4023 896 ideo
4055 853 4196 897 non
4236 830 4427 897 auxit

2874 947 3119 1006 natura
3159 937 3499 1005 mamillas
3529 937 3657 1005 nisi
3680 943 4012 1027 quantum
4046 938 4295 1006 sufficit
4325 960 4429 1005 re-

2872 1051 3105 1113 center
3134 1045 3310 1112 natis
3349 1066 3472 1135 pro
3504 1045 3946 1111 nutrimento.
4000 1041 4245 1111 Mulier
4301 1067 4429 1111 au-

2869 1162 3007 1223 tem
3047 1177 3333 1246 magnas
3362 1153 3559 1222 valde
3587 1152 3792 1219 habet
3820 1151 4163 1220 mamillas
4193 1174 4429 1242 respe-

2871 1271 2981 1330 ctu
3013 1264 3115 1330 sui
3148 1263 3454 1352 corporis
3492 1268 3769 1350 propter
3818 1282 4095 1327 causam
4144 1260 4431 1351 opposi-

2870 1379 3010 1438 tam
3041 1394 3055 1438 :
3092 1372 3254 1460 quia
3283 1368 3605 1436 humidus
3635 1376 3702 1435 et
3726 1374 3917 1435 tener
3945 1374 4049 1436 est
4080 1367 4326 1450 infans,
4361 1374 4429 1435 et

2870 1475 3110 1568 quaerit
3148 1475 3353 1544 talem
3386 1474 3641 1553 cibum,
3676 1480 3741 1540 et
3778 1473 3895 1540 diu
3916 1473 4065 1542 vult
4092 1480 4427 1541 sustenta-

2870 1586 2924 1650 ri
2958 1605 3081 1674 per
3109 1583 3334 1673 ipsum
3381 1605 3395 1648 :
3441 1589 3507 1650 et
3542 1581 3695 1649 ideo
3727 1589 3971 1649 natura
4000 1582 4191 1648 auxit
4216 1579 4428 1647 ubera

2868 1698 2933 1758 et
2964 1689 3067 1757 lac
3104 1689 3175 1756 in
3208 1688 3399 1778 ipsis,
3444 1695 3509 1755 et
3536 1686 3861 1776 disjunxit
3891 1708 3972 1754 ea
4018 1693 4095 1753 ut
4134 1686 4426 1776 amplius

2866 1803 3213 1887 caperent.
3259 1790 3438 1872 Quia
3491 1814 3653 1861 vero
3722 1793 4000 1860 loemina
4046 1790 4428 1882 elephantis

2863 1925 3076 1995 parva
3105 1901 3312 1970 habet
3342 1901 3553 1969 ubera
3578 1908 3644 1968 et
3660 1900 3784 1968 sub
3808 1899 4095 1978 ascellis,
4122 1898 4275 1966 ideo
4297 1898 4427 1967 fre-

2864 2019 3154 2102 quenter
3182 2031 3321 2077 non
3355 2017 3679 2100 apparent
3709 2007 3778 2074 in
3810 2016 4101 2097 utroque
4130 2006 4421 2075 laterum

2863 2120 3100 2209 ipsius.
3147 2117 3369 2186 Mares
3400 2118 3602 2184 etiam
3637 2115 4073 2206 elephantum
4106 2114 4274 2182 duas
4301 2113 4425 2182 ha-

2863 2227 3026 2298 bent
3055 2227 3399 2296 mamillas
3423 2235 3704 2319 propter
3740 2246 4014 2295 causam
4063 2246 4270 2316 quam
4310 2224 4424 2292 di-

2864 2338 3093 2405 ximus
3123 2337 3439 2428 superius
3469 2335 3551 2404 de
3580 2337 3767 2402 viriS.

2952 2444 3283 2525 Quaedam
3366 2451 3593 2512 autem
3655 2443 3951 2510 foenuinae
4017 2440 4421 2509 animalium

2859 2553 3121 2622 habent
3160 2561 3485 2644 quatuor,
3530 2560 3595 2620 et
3610 2549 3923 2642 quaedam
3962 2549 4131 2617 duas
4150 2557 4218 2618 et
4247 2548 4420 2617 duos

2858 2683 3070 2731 conos
3096 2668 3367 2730 tantum
3414 2661 3558 2729 sive
3604 2659 3887 2751 papulas
3924 2658 4413 2737 mamillarum,

2862 2771 3032 2838 sieut
3068 2790 3312 2837 omnes
3331 2769 3523 2859 pueri
3547 2766 3929 2834 hominum.
3965 2764 4293 2844 Quaedam
4320 2772 4418 2832 ta·

2863 2900 3022 2946 men
3075 2875 3331 2944 liabent
3386 2884 3684 2966 quatuor
3728 2894 3939 2941 conos
3976 2871 4412 2964 papularum,

2855 2986 2948 3052 ita
2989 2983 3173 3075 quod
3205 2985 3276 3051 in
3298 2992 3584 3073 utraque
3611 2980 4070 3048 mamillarum
4092 2988 4254 3047 sunt
4275 2979 4413 3046 duo

2852 3092 3007 3160 roni
3082 3090 3519 3182 papularum,
3578 3090 3751 3156 sicut
3834 3107 4058 3155 vaccae
4116 3109 4410 3177 quarum

2856 3200 3051 3278 ulier,
3081 3205 3157 3266 ut
3183 3197 3511 3275 diximus,
3541 3205 3643 3265 est
3679 3219 3765 3264 ex
3793 3195 4059 3264 duabus
4088 3194 4413 3263 mamillis

2851 3312 2916 3373 et
2942 3304 3184 3372 dextra
3222 3313 3289 3372 et
3326 3305 3598 3372 sinistra
3649 3302 4096 3390 conjunctum
4141 3310 4211 3369 et
4249 3299 4413 3367 uni-

2847 3423 3021 3481 tum.
3048 3411 3380 3493 Quaedam
3407 3419 3637 3479 autem
3669 3408 3923 3477 habent
3960 3407 4299 3477 mamillas
4336 3410 4410 3476 in

2847 3530 3109 3599 ventre.
3142 3528 3210 3588 et
3238 3540 3381 3588 non
3410 3519 3668 3587 suntin
3697 3526 3970 3610 pectore
4000 3538 4222 3608 neque
4276 3516 4407 3584 sub

2846 3627 3140 3706 ascania,
3164 3637 3291 3695 aut
3320 3646 3529 3717 prope
3557 3624 3708 3693 loca
3747 3626 3901 3702 ista,
3931 3646 4154 3715 neque
4176 3646 4406 3714 prope

2844 3758 3078 3813 coxas,
3119 3746 3195 3804 ut
3228 3759 3457 3810 canes,
3486 3744 3555 3802 et
3596 3733 3786 3824 porci
3828 3756 3844 3801 :
3896 3742 3966 3801 et
4006 3730 4401 3820 hujusmodi

2844 3845 3167 3914 animalia
3194 3853 3357 3913 sunt
3385 3844 3681 3936 plurium
3719 3865 4053 3912 concrum
4094 3849 4160 3910 et
4189 3862 4405 3932 papu-

2848 3955 3070 4024 larum
3097 3977 3114 4023 :
3147 3954 3265 4023 sed
3296 3975 3437 4023 non
3464 3974 3706 4023 omnes
3732 3962 3895 4020 sunt
3928 3950 4227 4043 equales
4254 3971 4401 4019 ma·

2841 4064 3051 4134 millo
3074 4084 3347 4142 eorum,
3386 4069 3460 4131 et
3486 4060 3617 4130 boc
3651 4069 3754 4129 ast
3786 4060 3990 4138 torta,
4050 4060 4213 4149 quia
4254 4079 4400 4128 non

2840 4193 3082 4242 omnes
3109 4171 3506 4264 implentur,
3537 4177 3655 4237 aut
3680 4168 3820 4241 fere
3857 4190 4101 4238 omnes
4143 4175 4213 4237 et
4267 4166 4404 4236 ali-

2839 4279 3115 4372 quando
3152 4300 3400 4348 omnes
3423 4286 3804 4370 aquantur,
3838 4277 4115 4370 quando
4158 4299 4403 4369 ‹equa-

2838 4386 2994 4455 liter
3017 4393 3363 4476 suguntur
3397 4407 3439 4453 a
3467 4383 3643 4453 natis
3671 4382 3837 4452 suis.
3859 4380 4182 4475 Oportuit
4207 4385 4398 4452 enim

2839 4499 2911 4560 ut
2968 4488 3250 4560 animali
3299 4489 3529 4583 plures
3593 4489 3863 4558 facienti
3911 4488 4120 4557 simul
4165 4497 4391 4567 natos,

2837 4598 3068 4691 plures
3095 4607 3498 4691 aptarentur
3520 4596 3870 4680 mamilla,
3904 4606 3982 4665 ut
4009 4618 4252 4666 omnes
4297 4596 4399 4666 si-

2837 4705 2980 4774 mul
3011 4705 3245 4774 lactari
3275 4712 3551 4797 possent
3580 4726 3595 4771 ε
3628 4726 3713 4770 eo
3746 4703 3934 4795 quod
3969 4711 4215 4772 natura
4239 4703 4403 4773 facit

2837 4816 3177 4908 optimum
3200 4814 3289 4883 in
3314 4834 3736 4907 unoquoque
3764 4835 4038 4906 genere.
4069 4813 4262 4882 Talia
4276 4836 4401 4881 au-

2837 4933 2976 4992 tem
3003 4920 3330 4991 animalia
3345 4930 3508 4990 aunt
3535 4920 3753 4990 multa
3780 4920 3977 4990 valde
4002 4942 4022 4989 :
4044 4919 4186 4989 fere
4206 4920 4395 4990 enim

2836 5048 3289 5123 quoecumque
3337 5027 3661 5097 animalia
3716 5035 3874 5096 sunt
3924 5026 4395 5119 quadrupedia

2839 5136 3164 5206 findentia
3205 5134 3412 5226 pedes
3442 5135 3511 5203 in
3549 5133 3804 5202 multos
3829 5133 4109 5224 digitos,
4140 5141 4393 5203 etcum

2838 5244 2968 5312 hoe
2996 5241 3250 5311 habent
3275 5240 3518 5310 dentes
3542 5239 3809 5319 ferales,
3837 5249 4003 5309 sunt.
4019 5239 4395 5310 multarum

2837 5349 3240 5442 papularum
3270 5356 3341 5417 et
3377 5347 3865 5417 mamillarum.
3919 5346 4060 5417 Sed
4112 5350 4182 5416 in
4233 5350 4396 5441 qui-

2835 5455 3123 5525 busdam
3152 5456 3476 5525 instantia
3512 5463 3617 5522 est
3656 5476 3674 5522 ε
3708 5455 3872 5545 quia
3913 5453 4198 5525 immina
4241 5453 4397 5525 leo·

2836 5564 3028 5658 pauli
3060 5585 3214 5657 quo
3237 5562 3695 5633 odadun-eoo
3717 5561 3990 5642 dicitur,
4009 5561 4216 5632 habet
4245 5562 4397 5653 qui·

2831 5672 2990 5742 dem
3019 5669 3365 5740 mamillas
3393 5670 3465 5737 in
3501 5676 3764 5750 ventre,
3816 5669 3944 5740 sed
3990 5692 4130 5739 non
4185 5668 4394 5740 habet

2830 5780 2962 5850 nisi
2993 5788 3294 5873 quatuor
3322 5786 3405 5846 ut
3426 5779 3503 5846 in
3526 5777 3875 5869 pluribus.¹
3893 5778 4142 5849 Lama
4160 5786 4391 5849 autem
