4919 6371
1969 514 2139 581 LlB.
2197 516 2326 585 XI!
2378 516 2498 586 DE
2545 517 3138 599 ANlMALIBUS,
3186 519 3494 588 TRACT.
3552 520 3580 586 1

1108 692 1519 759 caliditatem
1566 711 1580 754 :

1107 807 1239 876 tur,
1292 796 1422 862 hoc
1471 793 1712 861 accidit
1759 796 1820 860 ei
1866 817 1950 860 ex
2000 795 2473 864 instrumentis
2515 818 2668 886 quae

1109 908 1497 974 ministrant
1529 904 1614 979 ei,
1651 904 1823 970 sicut
1863 913 1964 971 est
2002 903 2280 993 spiritus
2331 927 2345 970 :
2392 903 2666 993 quando

1105 1011 1288 1079 enim
1347 1009 1458 1075 ille
1518 1008 1973 1100 infrigidatur,
2028 1010 2327 1076 multum
2383 1006 2667 1098 impedit

1110 1118 1330 1186 cordis
1361 1117 1900 1185 sensibilitatem.

1192 1226 1431 1293 Melius
1460 1226 1867 1317 igitur-quod
1892 1228 1961 1292 in
1992 1225 2121 1292 bac
2148 1246 2217 1290 re
2250 1222 2379 1290 dici
2412 1231 2659 1312 potest,

1104 1342 1203 1400 est
1246 1334 1430 1425 quod
1470 1334 1755 1413 dicatur,
1801 1332 1985 1421 quod
2029 1333 2330 1420 primum
2373 1351 2662 1418 operans

1103 1463 1377 1509 sensum
1414 1442 1499 1508 sit
1530 1441 1807 1531 spiritus
1853 1461 1866 1503 :
1905 1445 1969 1504 et
2013 1436 2198 1527 quod
2231 1458 2370 1504 non
2414 1458 2661 1505 conse-

1102 1552 1333 1640 quitur
1367 1550 1597 1639 aliquo
1640 1547 1844 1615 modo
1905 1555 1980 1613 ut
2031 1567 2189 1613 area
2227 1543 2505 1635 spiritus
2544 1552 2661 1613 aut

1100 1656 1403 1723 custodia
1443 1677 1589 1731 sua,
1635 1662 1749 1721 aut
1826 1652 1893 1719 id
1938 1651 2125 1742 quod
2181 1660 2519 1741 temperat
2555 1653 2661 1742 ip-

1099 1785 1251 1829 sum
1283 1773 1348 1830 et
1374 1769 1595 1851 aequat
1631 1760 1716 1829 ad
1746 1759 2206 1837 sentiendum,
2241 1760 2328 1826 sit
2358 1760 2656 1826 sentiens

1101 1870 1329 1961 aliquo
1398 1869 1602 1937 modo
1669 1893 1683 1936 :
1735 1868 1852 1936 sed
1911 1874 2183 1957 oportet
2248 1875 2324 1934 ut
2380 1867 2657 1956 recipiat

1100 1977 1644 2067 complexionem
1669 1984 1733 2043 et
1763 1974 2216 2042 substantiam
2251 1996 2403 2063 quae
2443 1975 2656 2064 possit

1099 2111 1368 2177 aequare
1424 2096 1489 2156 et
1543 2098 1918 2176 temperare
1968 2084 2246 2174 spiritus
2299 2083 2653 2150 sensibiles

1093 2196 1179 2263 ad
1236 2218 1559 2263 sensuum
1610 2194 2106 2284 operationem.
2160 2190 2406 2259 Melius
2449 2191 2654 2281 igitur

1099 2313 1199 2373 est
1244 2314 1318 2371 ut
1357 2305 1617 2372 dicatur
1672 2310 1747 2370 ut
1785 2300 2175 2369 membrum
2233 2301 2534 2368 sentiens
2586 2299 2651 2366 id

1098 2414 1281 2503 quod
1326 2421 1429 2481 est
1480 2412 1698 2502 magis
1749 2410 2035 2501 aequale,
2098 2410 2275 2477 sic-ut
2339 2432 2520 2485 car0,
2584 2418 2650 2477 et

1088 2520 1466 2588 substantia
1505 2519 1837 2589 excedens
1879 2520 1946 2586 in
1977 2517 2235 2609 frigido
2267 2525 2332 2583 et
2363 2514 2647 2583 humido

1085 2630 1398 2719 aquatico
1439 2632 1614 2696 sicut
1643 2635 1745 2695 est
1788 2626 2171 2705 cerebrum,
2207 2648 2487 2693 sensum
2520 2624 2649 2692 lia-

1079 2735 1236 2805 bere
1272 2760 1406 2804 non
1456 2737 1729 2827 poterit.
1789 2734 2084 2825 Spiritus
2127 2741 2359 2800 autem
2402 2732 2646 2800 babilis

1082 2852 1150 2910 ut
1201 2843 1406 2911 vehat
1444 2844 1757 2920 virtutes,
1804 2851 1903 2909 est
1951 2841 2214 2908 calidus
2267 2863 2282 2907 ε
2339 2864 2419 2909 eo
2462 2841 2644 2932 quod

1086 2951 1406 3042 frigidum
1438 2951 1797 3042 stupefacit
1836 2952 2145 3018 virtutes.

1177 3060 1254 3126 Et
1288 3061 1341 3125 si
1375 3059 1760 3150 objiciatur,
1810 3058 1995 3149 quod
2025 3058 2382 3149 inspiratio
2404 3066 2505 3125 est
2535 3058 2646 3125 sri-

1086 3166 1266 3257 gida‚
1302 3191 1453 3259 quie
1488 3175 1716 3235 tamen
1762 3166 2098 3235 confortat
2126 3166 2442 3257 spiritum
2480 3189 2493 3232 ε
2540 3164 2643 3233 ‹li-

1087 3297 1318 3342 cemus
1367 3274 1551 3365 quod
1599 3275 1956 3365 inspiratio
2015 3297 2155 3341 non
2208 3281 2307 3342 est
2358 3273 2442 3341 ad
2481 3273 2636 3351 boc,

1083 3379 1264 3470 qnod
1313 3389 1533 3471 mquet
1584 3389 1650 3449 et
1713 3389 2046 3471 temperet
2091 3382 2435 3472 spiritum,
2524 3380 2640 3449 sed

1060 3483 1306 3578 ‘potius
1347 3499 1447 3557 est
1481 3498 1556 3556 ut
1597 3490 1925 3581 impediat
1968 3490 2176 3557 nimis
2214 3490 2511 3558 calidum
2546 3492 2644 3558 in-

1073 3596 1352 3664 tendere
1385 3598 1700 3689 spiritum
1750 3620 1765 3664 :
1802 3596 1933 3666 ltoc
1973 3597 2157 3666 enim
2201 3599 2256 3666 si
2299 3597 2642 3667 conforta·

1076 3711 1285 3784 retur,
1329 3704 1731 3774 dissolveret
1775 3706 2092 3797 spiritum
2124 3715 2190 3776 et
2229 3707 2639 3776 diminueret

1077 3808 1329 3899 ipsum.
1374 3811 1751 3880 Eventatur
1783 3813 1996 3903 igitur
2025 3812 2113 3879 ab
2160 3811 2632 3905 inspiratione,

1081 3927 1146 3984 et
1199 3919 1596 4010 prohibetur
1632 3922 1718 3988 ab
1750 3921 2362 4011 evaporationibus
2410 3946 2639 4014 super·

1082 4026 1258 4093 fluis.

1169 4134 1351 4203 luter
1400 4134 1707 4203 membra
1763 4136 1972 4224 igitur
2027 4136 2376 4206 sensibilia
2420 4139 2636 4230 magis

1076 4243 1334 4333 aequale
1390 4252 1491 4311 est
1556 4247 1777 4336 magis
1852 4246 2200 4314 sensibile.
2263 4246 2633 4314 cerebrum

1626 687 1740 753 sed
1791 687 2019 775 potius
2069 689 2344 778 quando
2390 690 2673 780 impedi-

4207 518 4335 589 6¹5

2785 698 3014 756 autem
3044 689 3560 778 frigidissimum
3592 700 3712 767 est,
3747 702 3817 757 ut
3849 714 4038 781 aeque
4079 692 4335 758 distans

2781 795 2968 862 cordi
3030 795 3342 861 refraenet
3399 794 3692 861 calorem
3742 806 3804 863 et
3866 797 4331 865 ebullitionem

2779 903 3013 991 ipsiuS.
3058 902 3265 968 Juvat
3312 901 3519 968 etiam
3551 904 3858 993 spiritum
3901 904 4028 970 sibi
4059 926 4097 969 a
4129 905 4328 971 corde

2771 1009 3188 1088 venientem,
3222 1017 3288 1076 et
3319 1010 3523 1077 nimis
3555 1011 3951 1079 calefactum
3983 1012 4069 1079 ad
4093 1034 4330 1102 aequa-

2774 1115 3030 1182 litatem
3063 1115 3363 1206 aliquam
3416 1124 3748 1207 temperat
3790 1139 3803 1183 ε
3850 1140 4000 1207 quae
4044 1117 4329 1207 tequali-

2774 1232 2879 1290 tas
2930 1227 3250 1291 convenit
3308 1224 3608 1292 motibus
3684 1234 3744 1291 et
3813 1226 4326 1314 operationibus

2771 1333 3100 1399 virtutum
3152 1332 3407 1400 cerebri
3445 1354 3459 1397 z
3496 1333 3710 1399 virtus
3745 1334 3925 1401 enim
3974 1335 4229 1402 motiva
4262 1342 4327 1402 et

2771 1442 3095 1510 sensitiva
3124 1441 3311 1508 venit
3342 1464 3380 1507 a
3411 1441 3611 1509 corde
3643 1442 3726 1509 ad
3754 1442 4104 1510 cerebrum
4131 1453 4325 1511 vecta

2770 1547 3011 1642 spiritu
3054 1574 3069 1618 :
3105 1550 3381 1641 spiritus
3418 1568 3583 1619 vero
3625 1553 3994 1642 procedens
4033 1576 4073 1620 a
4119 1554 4322 1622 corde

2767 1659 2837 1725 in
2905 1659 3354 1726 substantiam
3438 1659 3719 1736 cerebri,
3799 1659 4029 1727 multis
4098 1662 4319 1729 modis

2765 1766 3217 1834 substantiam
3286 1766 3542 1834 cerebri
3611 1768 3951 1847 rectificat,
4014 1770 4189 1836 sicut
4246 1770 4317 1835 in

2766 1875 3032 1953 nutriri,
3078 1882 3144 1941 et
3172 1876 3432 1965 augeri,
3469 1884 3534 1941 et
3566 1874 3795 1942 multis
3840 1875 3990 1943 aliis
4026 1898 4042 1943 :
4077 1879 4310 1943 omnia

2765 1981 2947 2047 enim
2987 1980 3133 2048 haec
3169 1988 3329 2047 sunt
3359 2003 3400 2048 a
3425 1982 3673 2049 virtute
3723 1982 3966 2049 cordis.
4020 1981 4314 2073 Spiritus

2764 2089 2970 2178 igitur
3042 2086 3382 2154 secundus
3450 2088 3566 2178 qui
3633 2110 3672 2154 a
3728 2088 3926 2155 corde
3982 2088 4309 2179 procedit,

2762 2193 3013 2262 multas
3078 2191 3287 2262 habet
3368 2194 3653 2263 virtutes
3710 2202 3774 2263 et
3856 2199 4307 2285 operationes,

2762 2302 2934 2370 Cum
2974 2310 3202 2370 autem
3237 2302 3589 2370 intraverit
3628 2303 3710 2369 ad
3742 2301 3950 2394 hepar
3988 2304 4092 2372 vel
4125 2328 4315 2372 cere-

2759 2410 2986 2489 brum,
3026 2418 3295 2501 aptatur
3356 2410 3812 2501 complexioni
3871 2410 4131 2501 hepatis
4196 2411 4304 2480 vel

2757 2519 3016 2586 cerebri
3060 2540 3075 2583 :
3113 2526 3180 2585 et
3203 2524 3365 2585 tunc
3395 2540 3535 2585 non
3566 2515 3769 2584 habet
3801 2519 3927 2586 nisi
3984 2520 4303 2587 virtutem

2758 2623 2853 2691 illi
2895 2623 3204 2691 membro
3242 2624 3787 2691 convenientem.
3838 2623 3976 2691 Nec
4021 2625 4311 2715 impedi-

2757 2742 2867 2802 tur
2907 2732 3016 2799 illa
3067 2753 3500 2823 quacumque
3545 2730 3676 2797 alia
3715 2754 3752 2797 a
3792 2730 3990 2799 corde
4031 2732 4309 2799 venien-

2756 2851 2820 2908 te
2865 2862 2879 2905 :
2917 2841 3074 2930 quia
3104 2861 3375 2929 semper
3419 2845 3692 2928 aptatur
3727 2837 3810 2904 ad
3860 2838 4038 2905 illius
4082 2862 4304 2905 niem-

2753 2949 2856 3016 bri
2897 2970 3199 3038 operam.
3248 2946 3393 3014 1100
3439 2954 3667 3013 autem
3708 2953 3924 3012 totum
3973 2967 4056 3012 ex
4100 2947 4301 3013 corde

2753 3064 3071 3125 causatur
3130 3077 3144 3121 ε
3191 3077 3345 3122 cum
3410 3055 3594 3123 enim
3653 3056 3879 3121 anima
3940 3056 4026 3121 sit
4065 3077 4199 3122 una
4232 3055 4302 3121 in

2754 3185 2891 3231 uno
2946 3184 3255 3254 corpore,
3325 3167 3598 3253 aptatur
3648 3163 3876 3230 anima
3925 3162 4040 3228 uni
4073 3162 4296 3252 primo

2754 3273 3063 3340 inetnbro
3121 3271 3307 3362 quod
3361 3281 3464 3340 est
3528 3271 3932 3363 principium
3991 3273 4304 3339 omnium

2752 3382 3070 3458 aliorum,
3106 3388 3171 3448 et
3211 3382 3279 3449 in
3303 3380 3530 3448 medio
3571 3403 3803 3450 eorum
3837 3383 4132 3471 positum
4183 3404 4198 3448 :
4234 3389 4301 3449 et

2752 3490 2938 3560 calor
2976 3491 3088 3580 qui
3122 3497 3223 3556 est
3281 3490 3350 3556 in
3408 3491 3582 3580 ipso,
3642 3497 3741 3556 est
3783 3489 4305 3557 instrumentum

2752 3601 3062 3668 omnium
3119 3600 3454 3665 virtutum
3517 3619 3687 3688 quas
3730 3594 3917 3664 vehit
3957 3597 4023 3664 in
4065 3598 4302 3665 ‹nnnia

2752 3705 3062 3775 membra
3093 3725 3109 3773 ε
3147 3712 3212 3772 et
3242 3702 3388 3772 haec
3426 3703 3963 3772 determinantur
3999 3712 4064 3772 et
4091 3704 4305 3794 speci-

2753 3813 3041 3880 ficantur
3076 3811 3453 3879 secundum
3502 3810 3960 3901 a‘qualitatem
4002 3818 4067 3879 et
4105 3833 4302 3878 com-

2748 3921 3135 4012 plexionem
3169 3942 3373 4010 quam
3404 3918 3639 4008 recipit
3667 3920 3940 4010 spiritus
3969 3919 4038 3985 in
4070 3918 4295 3985 omni·

2752 4029 2876 4096 bus
2915 4025 3264 4095 membris.

2837 4135 2996 4203 llaec
3037 4136 3244 4225 igitur
3271 4142 3457 4213 sunt,
3520 4157 3672 4225 qua·
3705 4132 3925 4201 dicere
3956 4134 4303 4201 voluimus

2745 4243 2828 4312 de
2857 4240 3370 4335 operationibus
3408 4240 3604 4309 calidi
3639 4250 3702 4310 et
3734 4239 3982 4331 frigidi.
