4919 6371
2005 471 2175 537 LIB.
2226 468 2353 536 XII
2402 467 2522 532 DE
2567 463 3156 549 ANIMALIBUS,
3206 464 3514 534 TRACT.
3570 467 3630 533 ΙΙ
4251 471 4381 538 625

1151 641 1281 709 leir.
1320 642 1457 711 Sed
1487 643 1698 709 homo
1733 643 1908 708 inter
1948 647 2190 705 caetera
2218 636 2562 714 animalia,
2598 636 2713 702 ha-

1147 750 1262 818 bet
1300 750 1655 818 cerebrum
1715 748 1962 833 majus.
2028 744 2200 811 Cum
2261 745 2439 811 enim
2501 743 2708 811 homo

2822 636 2914 703 les
2946 647 3019 705 ut
3051 639 3375 728 recipiant
3405 640 3689 704 virtutes
3730 640 3900 726 ejuS‚
3948 650 4012 707 et
4037 641 4376 732 gradatim

2815 746 2898 812 ab
2939 747 3087 836 ipso
3127 744 3582 835 prceeedentes
3625 744 4032 814 indurantur
4072 759 4135 815 et
4180 750 4378 817 forti-

1144 858 1378 946 plures
1408 856 1658 923 habeat
1685 856 1975 919 virtutes
2007 860 2073 918 et
2103 854 2533 941 operationes
2566 852 2708 918 ani-

1147 962 1387 1039 maleS,
1424 962 1569 1048 ejus
1601 957 2008 1049 magnitudo
2051 966 2153 1025 est
2193 960 2260 1025 in
2285 957 2562 1026 homine
2595 978 2707 1023 ne-

1143 1071 1459 1137 cessaria.

1232 1176 1608 1266 Dispositio
1650 1184 1880 1243 autem
1920 1176 2179 1245 cerebri
2237 1175 2536 1243 hominis
2577 1178 2699 1246 est,

1141 1284 1328 1375 quod
1378 1308 1535 1375 pars
1580 1285 1728 1375 ejus
1770 1285 2004 1352 tendat
2064 1284 2150 1351 ad
2192 1282 2581 1355 medullam,
2639 1287 2703 1345 et

1137 1391 1404 1484 reliqua
1433 1417 1590 1484 pars
1626 1395 1773 1482 ejus
1802 1393 2040 1460 tendat
2069 1391 2153 1459 ad
2179 1389 2530 1480 pelliculas
2559 1389 2699 1454 sive

1139 1501 1644 1578 membranam,
1690 1508 1756 1566 et
1815 1499 2016 1567 tertia
2072 1497 2310 1565 tendat
2347 1495 2433 1562 ad
2490 1517 2704 1584 quos-

1139 1608 1297 1676 dam
1355 1608 1775 1675 ventriculos
1841 1605 2088 1695 plenos
2155 1605 2420 1693 spiritu.
2495 1601 2698 1669 Nervi

1137 1724 1365 1783 autem
1406 1723 1566 1782 sunt
1606 1715 1800 1804 quasi
1836 1715 2008 1781 rami
2042 1711 2319 1804 quidam
2371 1732 2702 1778 emanan-

1136 1831 1238 1890 tes
1269 1846 1308 1889 a
1338 1820 1618 1894 cerebro
1684 1845 1699 1889 :
1737 1845 1877 1889 non
1936 1823 2027 1889 ita
2073 1821 2350 1911 quidem
2401 1818 2587 1909 quod
2617 1816 2732 1884 de·

1130 1930 1513 1998 substantia
1543 1931 1784 2021 ipsiuS,
1819 1929 1939 1997 sed
1979 1930 2211 2020 potius
2242 1927 2430 2018 quod
2458 1932 2703 1994 exten-

1133 2037 1388 2104 duntur
1426 2059 1644 2128 usque
1684 2036 1772 2104 ad
1812 2036 2039 2126 ipsum
2070 2035 2152 2102 de
2184 2032 2383 2100 eorde
2432 2040 2696 2110 eunteS,

1133 2147 1310 2213 sicut
1357 2145 1518 2212 alibi
1568 2144 1938 2234 probatum
1990 2151 2115 2210 est.
2176 2142 2423 2209 Totum
2473 2148 2699 2207 autem

1137 2261 1343 2343 caput
1402 2251 1781 2320 secundum
1841 2252 1947 2318 sui
2006 2249 2506 2341 longitudinem
2567 2255 2699 2315 tres

1139 2360 1559 2429 ventriculos
1600 2359 1887 2439 bahem,
1949 2357 2153 2427 babet
2214 2358 2696 2426 mediationem

1134 2469 1329 2559 quasi
1386 2491 1508 2559 per
1549 2467 1800 2535 lineam
1838 2490 1964 2557 per
2018 2465 2519 2556 longitudinem
2568 2463 2700 2530 du-

1132 2586 1312 2645 ctam
1353 2599 1476 2667 per
1514 2574 1930 2644 ventriculos
1979 2584 2047 2643 et
2092 2573 2528 2643 membranas
2563 2595 2577 2639 z
2633 2578 2700 2639 et

1133 2685 1204 2751 in
1244 2686 1582 2751 vacuitate
1618 2683 1731 2750 illa
1764 2692 1866 2751 est
1896 2684 2378 2772 juvamentum
2411 2680 2597 2772 quod
2630 2681 2698 2747 in

1136 2792 1551 2861 antehabitis
1581 2792 2221 2868 determinavimus,
2258 2789 2570 2880 quamvis
2630 2790 2697 2854 in

1136 2898 1595 2967 anterioribus
1635 2898 2037 2966 ventriculis
2069 2899 2288 2987 magis
2319 2895 2699 2963 immil'este-

1140 3016 1250 3075 tur
1282 3008 1560 3097 spiritus
1599 3005 1970 3075 sensibilis.

1217 3113 1458 3181 Creata
1491 3121 1592 3181 est
1631 3122 1864 3180 autem
1906 3111 2288 3180 substantia
2320 3111 2574 3178 cerebri
2608 3110 2699 3177 le·

1123 3224 1241 3289 vis
1281 3230 1348 3290 et
1389 3229 1720 3289 unctuosa
1767 3243 1782 3287 :
1829 3228 1894 3289 et
1949 3221 2372 3287 unctuositas
2419 3218 2692 3310 quidem

1129 3330 1284 3398 ideo
1317 3339 1417 3398 est
1457 3338 1532 3398 ut
1573 3331 1802 3397 nervis
1856 3329 1941 3396 ad
1982 3351 2053 3397 se
2114 3328 2528 3396 continuatis
2585 3328 2698 3394 in-

1130 3441 1299 3508 ssuat
1338 3441 1867 3507 unctuositatem
1920 3446 1985 3506 et
2024 3437 2509 3504 viscositatem.
2568 3435 2697 3502 Le-

1129 3549 1306 3616 vitas
1345 3556 1573 3615 autem
1605 3548 1749 3614 sive
1782 3545 2106 3613 mollities
2153 3544 2524 3614 secundum
2558 3544 2699 3611 Ga-

1129 3654 1364 3722 lenum
1398 3663 1526 3733 est,
1563 3660 1635 3720 ut
1675 3676 1761 3721 ex
1793 3652 2015 3742 ligura
2049 3651 2224 3719 levis
2261 3658 2328 3718 et
2375 3649 2693 3743 qualitate

1129 3762 1442 3830 mollitiei
1485 3762 1567 3830 de
1608 3760 1787 3828 sanciti
1849 3767 2247 3828 exerceatur
2301 3757 2385 3826 ad
2442 3757 2693 3824 fortnas

1127 3867 1487 3938 sensibiles
1517 3876 1585 3936 et
1615 3866 2060 3956 imaginarias
2095 3887 2110 3932 ε
2146 3891 2228 3933 eo
2258 3864 2441 3955 quod
2473 3861 2695 3932 bumi-

1127 3975 1293 4043 dum
1343 3983 1407 4041 et
1458 3973 1668 4042 molle
1721 3972 1804 4040 de
1854 3971 2035 4039 faciti
2089 3972 2324 4061 recipit
2357 3971 2695 4062 imagina-

1125 4082 1348 4148 tiones
1416 4086 1482 4145 et
1540 4077 2028 4167 impressiones
2098 4075 2498 4142 formarum.
2548 4073 2692 4141 lloe

1125 4194 1357 4253 autem
1416 4206 1558 4253 non
1615 4183 1903 4250 omnino
1978 4204 2219 4249 verum
2288 4202 2433 4248 esse
2500 4179 2695 4247 vide-

1128 4302 1239 4359 tur
1300 4314 1315 4358 ε
1379 4289 1746 4360 humidum
1805 4288 1990 4358 enim
2050 4288 2133 4355 de
2189 4286 2366 4356 facili
2416 4286 2690 4378 quidem

1130 4400 1368 4490 recipit
1398 4399 1681 4478 formas,
1716 4397 1835 4466 sed
1874 4418 2014 4465 non
2063 4396 2252 4464 omni
2294 4395 2524 4470 modo,
2574 4391 2710 4462 sed'

1129 4531 1280 4602 quae
1313 4509 1549 4599 recipit
1580 4531 1737 4576 cum
1798 4514 1992 4574 motu
2041 4513 2107 4572 et
2137 4503 2471 4572 divisione
2520 4526 2694 4594 qua-

1130 4620 1290 4686 dam
1329 4639 1701 4707 corporum
1762 4616 2163 4682 intrantium
2222 4614 2291 4680 in
2345 4614 2565 4703 ipsum
2623 4619 2688 4679 et

1127 4724 1582 4793 dividentium
1622 4731 1852 4815 partes
1890 4721 2064 4810 ejus.
2114 4719 2520 4811 Imaginatio
2560 4743 2688 4786 au-

1127 4840 1266 4902 tem
1322 4840 1388 4900 et
1444 4840 1711 4900 caeterae
1779 4829 2067 4897 virtutes
2131 4826 2484 4895 sensibiles
2549 4851 2687 4896 non

1123 4940 1297 5008 fiunt
1326 4962 1482 5008 cum
1516 4946 1710 5006 motu
1743 4937 2050 5027 eorporis
2080 4943 2148 5004 et
2177 4935 2513 5004 divisione
2555 4935 2690 5003 ali-

1119 5073 1253 5141 qua
1311 5071 1463 5139 qum
1522 5049 1638 5115 liat
1699 5047 1770 5114 in
1829 5046 2002 5137 ipso.
2085 5043 2394 5111 Dicimus
2454 5044 2683 5135 igitur,

1126 5156 1309 5247 quod
1337 5179 1542 5224 eausa
1578 5154 1894 5224 mollitiei
1927 5154 2075 5243 ejus
2098 5161 2223 5230 est,
2248 5153 2424 5220 utsit
2446 5153 2692 5220 remol-

1124 5264 1297 5333 lieus
1326 5264 1648 5333 duritiem
1683 5285 2083 5340 nervorum,
2117 5270 2185 5329 et
2213 5269 2286 5328 ut
2317 5263 2689 5329 nutrimen-

1119 5382 1267 5443 tum
1300 5373 1561 5442 bonum
1593 5380 1867 5466 praestet
1898 5370 2123 5437 nervis
2153 5369 2512 5452 gradatim.
2539 5369 2690 5438 Me-

1124 5481 1367 5550 liorem
1407 5483 1593 5550 cnim
1661 5480 2116 5548 substantiam
2175 5486 2243 5545 et
2308 5479 2690 5546 nutrimen-

1122 5599 1269 5659 tum
1302 5592 1398 5658 rei
1455 5593 1740 5659 viscosae
1772 5594 2051 5680 praestat
2083 5608 2190 5653 res
2221 5585 2447 5652 mollis
2478 5610 2680 5678 quam

1120 5721 1228 5767 res
1267 5698 1436 5766 dura
1481 5721 1498 5768 :
1531 5707 1600 5767 et
1627 5699 1726 5766 sic
1753 5697 1960 5766 etiam
1993 5694 2093 5776 lit,
2125 5692 2312 5784 quod
2341 5695 2530 5762 nervi
2560 5718 2684 5762 ve-

1126 5805 1388 5874 nientes
1436 5806 1715 5898 abipso
1772 5812 1934 5873 sunt
1963 5804 2165 5895 juxta
2222 5801 2446 5892 ipsum
2506 5803 2688 5870 mol-

1375 5959 1437 6002 11

2816 854 3121 920 ficantur.
3158 850 3399 919 Adhuc
3439 861 3666 919 autem
3718 853 3945 920 mollis
3995 854 4373 924 substantia

2814 959 3112 1027 abundat
3152 961 3218 1027 in
3258 960 3500 1051 spiritu
3552 983 3757 1052 quem
3805 960 4091 1054 largitur
4141 967 4371 1033 nervis

2811 1069 3087 1134 motivis
3111 1077 3175 1136 et
3203 1069 3659 1137 sensibilibus,
3688 1070 3932 1139 Adbuc
3954 1083 4185 1141 autem
4210 1074 4372 1142 sub-

2808 1174 3054 1240 stantia
3084 1176 3229 1263 ejus
3248 1175 3374 1242 suit
3402 1176 3644 1266 frigida
3673 1180 4065 1268 spongiosa‚
4094 1189 4169 1248 ut
4192 1190 4371 1249 esset

2807 1280 3022 1348 levior
3051 1291 3117 1349 et
3153 1283 3394 1373 spiritu
3426 1282 3690 1371 plenior
3736 1306 3750 1349 τ
3785 1285 3947 1373 quia
3978 1286 4365 1355 substantia

2806 1391 3172 1479 spongiosa
3203 1389 3453 1466 mollis,
3492 1388 3706 1457 levior
3735 1400 3794 1458 et
3830 1396 4225 1482 spumosior
4258 1403 4368 1463 est

2808 1518 3012 1585 quam
3051 1496 3376 1562 continua
3407 1502 3470 1562 et
3504 1494 3697 1563 dura.

2894 1602 3207 1693 Amplius
3247 1611 3477 1670 autem
3525 1602 3909 1673 substantia
3947 1608 4209 1676 cerebri
4257 1609 4379 1677 di-·

2803 1708 3224 1777 versificatur
3260 1710 3331 1775 in
3371 1709 3675 1799 partibus
3730 1734 3745 1780 ε
3793 1715 4122 1803 quoniam
4167 1725 4365 1785 ante-

2807 1817 2945 1884 rior
2968 1827 3069 1885 est
3099 1817 3374 1886 mollior
3401 1826 3467 1885 et
3507 1818 3878 1901 humidior,
3914 1832 3984 1889 et
4023 1828 4367 1914 posterior

2807 1934 2905 1993 est
2935 1925 3169 1994 durior
3221 1933 3285 1994 et
3343 1926 3609 1994 siccior.
3666 1928 3994 1998 Dividens
4033 1942 4260 2002 autem
4292 1936 4362 2002 in

2805 2043 3030 2124 partes
3101 2034 3456 2105 cerebrum
3523 2046 3622 2106 est
3698 2040 4095 2108 membrana
4163 2043 4356 2112 dura.

2809 2141 3079 2210 Partem
3166 2151 3393 2212 autem
3473 2147 3882 2215 anteriorem
3961 2148 4362 2218 mollificant

2807 2250 3120 2318 medullae
3158 2275 3306 2343 quae
3350 2254 3440 2321 ibi
3471 2264 3627 2323 sunt
3658 2255 3726 2322 in
3759 2257 4211 2325 vacuitatibus
4252 2282 4361 2327 os-

2807 2360 3007 2425 sium.
3046 2359 3188 2426 Hor
3218 2371 3445 2429 autem
3483 2363 3630 2429 ideo
3670 2372 3794 2441 est,
3839 2366 3999 2453 quia
4038 2365 4123 2432 ab
4163 2374 4362 2435 ante-

2809 2470 2957 2536 tiori
2992 2477 3176 2560 parte
3206 2473 3487 2538 veniunt
3523 2471 3713 2539 multi
3749 2472 4347 2553 ne1·viseusibileS‚

2808 2586 2873 2646 et
2911 2581 3245 2668 praecipue
3291 2581 3481 2647 visus
3529 2590 3594 2647 et
3632 2581 3903 2648 auditus
3943 2581 4057 2671 qui
4098 2605 4355 2650 secun-

2806 2686 2967 2753 dum
3007 2695 3317 2754 naturam
3358 2699 3517 2757 sunt
3548 2688 3805 2756 humidi
3840 2698 3903 2755 et
3937 2690 4200 2759 molles.
4236 2690 4364 2758 Di-

2804 2816 3016 2882 gnum
3066 2801 3293 2860 autem
3366 2803 3464 2861 est
3514 2796 3737 2862 visum
3802 2819 3949 2863 esse
4017 2804 4202 2879 ante,
4275 2821 4357 2866 eo

2806 2899 2987 2989 quod
3036 2901 3208 2966 visui
3271 2909 3622 2992 tamquam
3679 2902 4084 2993 speculatori
4156 2904 4359 2973 datur

2806 3015 2943 3072 tnta
2972 3006 3279 3075 custodia
3315 3011 3642 3097 eorporis.
3684 3008 3886 3077 Nervi
3929 3021 4159 3077 autem
4203 3034 4363 3079 mo-

2806 3114 2920 3181 tivi
2947 3115 3163 3204 magis
3184 3114 3265 3180 ad
3284 3118 3618 3206 posterius
3648 3115 3904 3184 cerebri
3936 3118 4355 3210 diriguntur,

2802 3231 2868 3290 et
2895 3224 3232 3313 praecipue
3272 3224 3353 3291 ad
3415 3225 3708 3294 nucbam
3764 3249 3918 3317 quie
3952 3236 4052 3295 est
4094 3228 4356 3296 cerebri

2803 3330 3080 3396 nuntius
3119 3337 3185 3396 et
3231 3329 3547 3407 vicarius,
3591 3331 3861 3422 supplet
3926 3335 4108 3402 enim
4168 3336 4355 3403 vices

2803 3438 2947 3525 ejus
3004 3438 3069 3502 iu
3128 3436 3234 3502 via
3294 3436 3475 3503 dorsi
3540 3437 4017 3507 descendendo
4078 3463 4093 3508 z
4161 3444 4357 3510 nervi

2802 3542 2985 3607 euim
3070 3541 3305 3608 motivi
3410 3545 3629 3635 magis
3713 3544 4020 3635 indigent
4106 3546 4357 3615 duritie

2803 3671 3008 3738 quam
3039 3646 3417 3716 sensibiles.
3480 3647 3718 3717 Nnc-ba
3767 3659 3999 3720 autem
4038 3653 4361 3722 distracta

2802 3763 2866 3822 et
2896 3762 3213 3846 cooperta
3240 3763 3340 3823 est
3372 3756 3793 3838 membrana,
3821 3766 3895 3825 ut
3926 3760 4013 3827 sit
4044 3759 4362 3829 differen-

2803 3862 2897 3929 tia
2926 3870 3142 3931 tactus
3179 3861 3356 3930 inter
3387 3861 3680 3931 nucbam
3712 3874 3778 3932 et
3807 3866 4170 3956 spondilia.

2890 3968 3257 4038 Cerebrum
3296 3977 3553 4051 autem,
3605 3972 3779 4039 sieut
3818 3973 3888 4040 in
3942 3973 4355 4044 antehabitis

2802 4076 3057 4146 dictum
3104 4086 3229 4155 est,
3278 4080 3667 4169 cooperitur
3703 4080 3954 4173 duplici
4006 4082 4359 4151 membra-

2802 4206 2886 4251 na
2930 4205 2946 4253 ε
2983 4184 3113 4252 boc
3142 4186 3324 4252 enim
3356 4182 3559 4253 babet
3596 4187 3958 4256 utilitatem
4002 4190 4357 4280 permaxi-

2804 4315 2984 4359 mam
3020 4312 3035 4357 :
3074 4291 3140 4357 in
3180 4288 3311 4357 illis
3351 4292 3533 4359 euim
3579 4299 3895 4362 tenentur
3931 4302 3995 4362 et
4044 4295 4357 4386 comple-

2801 4406 3074 4465 ctuntur
3110 4420 3300 4465 venae
3332 4420 3469 4465 non
3513 4398 3863 4490 pulsatiles
3893 4426 4044 4495 qum
4075 4403 4166 4471 ibi
4199 4427 4355 4473 con·

2798 4508 3081 4573 veniunt
3135 4528 3150 4572 ε
3193 4512 3258 4572 et
3308 4510 3770 4576 extremitates
3825 4509 4096 4578 illarum
4137 4534 4359 4581 vena-

2802 4634 2952 4679 rum
3008 4611 3293 4678 veniunt
3328 4613 3668 4702 posterius
3733 4613 3816 4681 ad
3873 4616 4228 4685 lasciviam
4289 4626 4357 4686 et

2799 4718 3078 4812 planum
3109 4718 3373 4809 eapitis,
3407 4728 3471 4787 et
3515 4720 3874 4791 effundunt
3925 4722 4016 4791 ibi
4067 4725 4357 4817 sangui-

2799 4851 2979 4905 nem,
3014 4848 3164 4919 quae
3192 4825 3354 4893 dum
3388 4827 3592 4895 etiam
3625 4830 4136 4925 immerguntur
4164 4856 4359 4902 cere-

2797 4933 2918 5002 bro
2950 4933 3337 5002 ramiticata·
3381 4941 3447 5001 et
3493 4936 3882 5006 assimilatoe
3936 4942 4004 5007 in
4043 4948 4354 5009 extremo

2798 5067 2934 5111 suae
2974 5040 3369 5110 substantia!
3398 5041 3684 5124 cerebri,
3720 5053 3785 5113 et
3822 5050 4232 5139 sanguinem
4267 5047 4360 5116 ef-

2797 5151 3087 5219 fundunt
3125 5150 3193 5217 in
3223 5150 3716 5219 nutrimentum
3758 5154 4014 5245 ipsius:
4059 5165 4121 5224 et
4162 5168 4360 5248 post-

2798 5286 2878 5330 ea
2916 5262 3160 5328 iterum
3215 5256 3604 5326 adunantur
3657 5265 3849 5352 quasi
3894 5265 3978 5332 ad
4027 5265 4197 5332 duas
4232 5287 4361 5334 ve-

2800 5391 2919 5434 nas
2968 5388 2985 5435 :
3039 5372 3104 5432 ct
3152 5362 3281 5431 hoc
3323 5364 3396 5432 tit
3444 5363 3595 5433 ideo
3638 5376 3712 5435 ut
3748 5370 4244 5451 confortentur,
4278 5379 4357 5439 ut

2799 5499 2884 5543 ex
2920 5473 3017 5541 eis
3063 5478 3427 5538 nascantur
3463 5470 3835 5563 ligamenta
3884 5479 4141 5546 cerebri
4198 5502 4357 5548 cum

2800 5579 3196 5650 membrana
3224 5577 3467 5667 spissa,
3494 5602 3643 5670 quoe
3673 5590 3776 5650 est
3805 5585 3873 5651 in
3903 5587 4366 5677 aequidistan-

2800 5691 2893 5757 tia
2919 5695 3116 5755 sectae
3146 5705 3417 5753 coronae
3457 5687 3816 5758 anterioris
3845 5694 4056 5782 partis
4085 5693 4356 5783 capitis.

2805 5800 2878 5868 ln
2909 5792 3229 5866 anteriori
3257 5802 3487 5862 autem
3519 5803 3709 5885 parte
3738 5807 4113 5869 nascuntur
4131 5822 4220 5868 ex
4251 5800 4365 5891 ip..

4076 5937 4147 5992 ⁴0
