4919 6371
1984 400 2157 468 LIB.
2207 398 2238 464 I
2285 395 2407 464 DE
2453 393 3037 470 ANIMALIBUS,
3086 390 3393 459 TRACT.
3448 388 3511 455 II

1133 589 1405 675 oportet
1454 574 1639 667 quod
1689 580 1807 640 aut
1854 576 2296 639 consumatur
2330 566 2687 658 paulatim,

1134 686 1318 782 quod
1366 694 1599 751 tamen
1635 683 1755 747 vix
1810 678 1957 778 fieri
1994 685 2243 769 potest,
2286 684 2405 743 aut
2458 682 2697 764 putre-

1135 796 1262 864 scit
1290 793 1363 858 in
1396 812 1506 857 eo.

1223 897 1519 966 Inferius
1571 904 1830 974 autem,
1866 894 2042 962 sicut
2078 891 2402 964 diximus,
2447 882 2698 951 dividi-

1132 1014 1244 1074 tur
1281 1003 1560 1074 trachea
1598 1003 1823 1093 primo
1864 1001 1934 1066 in
1989 998 2151 1074 due,
2208 1000 2486 1086 propter
2531 990 2698 1057 duas

1130 1121 1362 1204 partes
1400 1110 1752 1203 pulmonis
1782 1106 1871 1174 ad
1913 1125 2117 1194 quem
2148 1097 2546 1189 respirando
2586 1096 2699 1163 de·

1132 1220 1264 1289 fert
1288 1218 1610 1310 spiritum
1644 1236 1660 1280 ε
1697 1218 1939 1303 postea
1968 1216 2198 1276 autem
2231 1204 2554 1274 dividitur
2582 1225 2702 1294 per

1134 1325 1356 1397 multa
1395 1323 1651 1398 stricta,
1713 1339 2009 1408 quorum
2059 1313 2392 1382 striaturis
2432 1333 2550 1379 aer
2596 1318 2703 1377 at-

1134 1436 1393 1506 tractus
1434 1428 1621 1498 cordi
1650 1426 2209 1517 proportionetur
2239 1430 2306 1490 et
2344 1420 2698 1509 dirigatur,

1135 1550 1215 1610 ut
1255 1540 1375 1607 fiat
1418 1531 1839 1606 conveniens
1906 1533 1993 1600 ad
2039 1553 2156 1599 cor
2214 1524 2698 1596 eventandum.

1137 1642 1478 1725 Quaelibet
1507 1649 1739 1709 tamen
1758 1638 1873 1704 via
1892 1635 2157 1704 arteriae
2178 1631 2438 1722 equitat
2457 1649 2705 1697 venam

1139 1751 1447 1843 quietam
1476 1755 1554 1816 ut
1582 1770 1669 1816 ex
1689 1746 1837 1836 ipsa
1864 1743 2362 1810 nutrimentum
2393 1735 2701 1827 accipiat.

1227 1858 1395 1926 Haec
1448 1856 1659 1946 igitur
1728 1849 2022 1920 tracheae
2099 1844 2455 1937 dispositio
2536 1842 2707 1909 forte

1139 1962 1480 2054 contingit
1527 1962 1763 2041 etiam,
1806 1956 1992 2048 quod
2039 1976 2280 2022 omnes
2318 1948 2554 2020 circuli
2596 1971 2707 2016 ar-

1142 2071 1332 2141 teriae
1358 2067 1637 2138 rotundi
1667 2071 1850 2133 sunt.
1890 2062 2026 2131 Sed
2054 2070 2215 2129 tunc
2236 2065 2505 2150 oportet
2525 2054 2708 2146 quod

1143 2178 1323 2248 colla
1379 2175 1654 2244 illorum
1717 2170 2120 2241 animalium
2169 2169 2240 2234 in
2271 2164 2521 2258 quibus
2579 2162 2710 2230 hoc

1143 2283 1508 2375 contingit,
1541 2282 1681 2351 sint
1705 2279 1907 2348 valde
1938 2276 2165 2369 ampla
2207 2280 2512 2365 respectu
2552 2293 2711 2340 suo·

1148 2416 1305 2462 rum
1341 2412 1742 2481 corporum,
1786 2387 1881 2454 ita
1910 2384 2094 2477 quod
2124 2381 2358 2452 circuli
2395 2378 2710 2471 oesopha-

1142 2498 1212 2590 gi
1241 2498 1316 2565 in
1346 2496 1447 2564 eis
1476 2516 1618 2563 non
1646 2492 1901 2560 faciant
1929 2487 2510 2559 constrictionem.
2549 2484 2707 2553 llaec

1137 2606 1350 2696 igitur
1387 2604 1460 2671 in
1498 2622 1775 2671 summa
1807 2599 1986 2667 dicta
2014 2604 2173 2664 sunt
2201 2595 2282 2662 de
2309 2616 2559 2662 canna.

1223 2709 1385 2778 Alia
1414 2716 1645 2778 autem
1684 2708 1800 2775 via
1844 2728 1994 2796 quae
2044 2702 2213 2771 meri
2241 2706 2527 2768 vocatur
2563 2698 2705 2764 sive

1140 2815 1589 2910 oesophagus,
1625 2823 1728 2884 est
1749 2812 2129 2903 composita
2158 2831 2242 2876 ex
2264 2804 2532 2874 duabus
2552 2801 2708 2870 sub-

1141 2921 1437 3003 stantiis,
1521 2940 1816 3011 quarum
1885 2913 2161 3006 quidem
2234 2919 2524 3000 utraque
2605 2914 2704 2974 est

1144 3027 1416 3108 villosa,
1449 3026 1572 3096 sed
1611 3023 1897 3094 interior
1933 3029 2036 3090 est
2063 3018 2321 3088 habens
2347 3015 2552 3084 villos
2580 3012 2708 3081 ha-

1144 3135 1387 3206 bentes
1416 3133 1565 3203 vias
1601 3155 1764 3201 suas
1792 3128 2168 3200 secundum
2206 3121 2703 3216 longitudinem

1146 3243 1676 3314 descendentem
1716 3240 1791 3308 in
1841 3262 1944 3308 ea.
1997 3236 2310 3305 Exterior
2338 3240 2568 3301 autem
2607 3237 2705 3300 est

1147 3353 1372 3443 magis
1401 3372 1717 3426 carnosa,
1752 3355 1821 3416 et
1857 3346 1944 3416 ad
1988 3366 2264 3413 sensum
2311 3337 2711 3409 manifesta-

1143 3468 1256 3529 tur
1283 3457 1665 3528 carnositas
1710 3455 1926 3546 ipsius
1961 3475 1978 3520 :
2032 3460 2100 3521 et
2136 3449 2280 3518 haec
2327 3446 2533 3516 habet
2577 3444 2711 3512 vil-

1144 3567 1249 3637 los
1296 3563 1793 3636 transversales
1849 3560 2226 3631 secundum
2283 3555 2708 3625 latitudinem

1144 3673 1542 3766 dispositos.
1595 3669 1824 3761 Hujus
1862 3676 2092 3738 autem
2132 3686 2340 3735 causa
2383 3669 2513 3747 est,
2553 3661 2710 3752 quia

4224 388 4348 453 109

2804 573 3066 631 motum
3131 583 3269 627 non
3326 565 3591 627 tantum
3645 561 3968 647 operatur
4024 552 4356 643 pelliculae

2806 668 3181 758 dispositiO,
3228 665 3344 732 sed
3393 666 3598 731 etiam
3645 664 3863 730 virtus
3910 661 4158 729 animae
4197 681 4357 728 mo-

2893 881 3048 947 Alia
3074 887 3297 947 autem
3329 878 3524 970 pellis
3562 878 3872 967 superior
3918 878 4145 945 tunica
4184 877 4357 945 meri

2808 989 3125 1065 existens,
3169 986 3372 1054 habet
3409 985 3611 1053 villos
3649 983 4028 1053 secundum
4058 983 4363 1051 latitudi-

2810 1119 2968 1164 nem
3005 1102 3318 1163 extensos
3350 1117 3365 1161 :
3401 1103 3466 1162 et
3505 1092 3604 1160 illi
3640 1093 3900 1161 faciunt
3945 1091 4033 1159 ad
4069 1089 4201 1158 cibi
4240 1090 4367 1158 de-

2808 1205 3226 1294 pressionem
3268 1224 3283 1268 :
3329 1201 3658 1293 quoniam
3706 1201 3775 1267 in
3827 1200 4018 1267 omni
4054 1197 4229 1288 pelle
4268 1197 4366 1266 sic

2812 1317 2936 1393 est,
2969 1309 3151 1401 quod
3180 1332 3336 1377 cum
3385 1307 3665 1374 inferior
3703 1313 3897 1375 extra
3935 1304 4363 1395 superficiem

2810 1415 3083 1506 planam
3135 1414 3218 1483 ad
3266 1414 3564 1499 exterius
3603 1409 4008 1479 extendatur
4053 1408 4366 1500 superior

2812 1548 2991 1616 parS,
3025 1546 3227 1614 supra
3255 1522 3567 1591 eamdem
3607 1522 3892 1589 interius
3939 1520 4359 1595 incurvatur,

2813 1640 2879 1700 et
2927 1633 3019 1699 ita
3065 1632 3140 1698 tit
3189 1631 3259 1697 in
3325 1639 3517 1697 motu
3574 1627 3897 1696 buccellae
3959 1648 3975 1693 :
4037 1625 4366 1717 quoniam

2816 1739 3085 1831 quando
3117 1737 3232 1806 illa
3269 1738 3613 1829 quantitas
3642 1759 3769 1803 sua
3797 1735 4189 1803 inferiorem
4217 1754 4370 1822 par-

2811 1858 2950 1918 tem
2989 1846 3338 1917 exterioris
3367 1848 3614 1915 tunicae
3660 1843 3985 1937 exprimit
4027 1842 4113 1910 ad
4170 1849 4363 1909 exte-

2814 1956 2977 2035 rius,
3037 1955 3344 2045 superior
3423 1951 3628 2021 villus
3685 1951 3915 2020 statim
3966 1950 4364 2017 incurvatur

2813 2088 3014 2155 super
3042 2087 3190 2132 eam
3230 2072 3298 2131 et
3330 2062 3650 2152 deprimit
3668 2069 3931 2139 eam,ut
3951 2055 4314 2127 descendat
4342 2076 4359 2121 t

2814 2172 2972 2240 facit
3017 2178 3245 2238 tamen
3284 2168 3415 2237 hoc
3462 2165 3929 2260 principaliter
3975 2165 4232 2241 anima,
4284 2183 4367 2229 eo

2815 2278 2999 2369 quod
3046 2278 3213 2346 meri
3261 2284 3363 2345 est
3407 2274 3607 2366 pellis
3656 2274 3983 2341 animata.
4027 2269 4164 2338 Sed
4211 2290 4367 2337 cum

2812 2396 3069 2454 naturae
3089 2385 3176 2452 sit
3195 2406 3368 2475 opus
3383 2379 4140 2456 convenientissimum,
4165 2376 4368 2445 etiam

2813 2502 3079 2586 oportet
3108 2492 3289 2585 quod
3318 2493 3622 2560 maxima
3649 2512 3803 2581 quae
3823 2510 3971 2557 esse
4001 2493 4248 2577 potest,
4282 2485 4369 2551 sit

2812 2600 3282 2669 convenientia
3328 2601 3396 2665 in
3455 2599 3937 2664 instrumento.
4005 2592 4079 2660 Si
4137 2599 4367 2659 autem

2810 2707 3172 2801 aliquando
3226 2705 3554 2775 scinditur
3610 2711 3728 2772 aut
3775 2702 4042 2772 laeditur
4097 2720 4366 2790 pannus

2811 2818 3111 2896 interior,
3144 2814 3270 2882 erit
3304 2814 3366 2881 ei
3397 2811 3719 2881 dolorosa
3748 2818 3815 2878 et
3845 2808 4186 2877 laboriosa
4215 2805 4368 2897 glu-

2810 2926 2960 3010 titio
2995 2931 3272 3015 propter
3308 2920 3787 2989 attractionem
3830 2939 3846 2984 ε
3900 2924 3969 2984 et
4018 2914 4076 2983 si
4106 2912 4367 2982 scindi·

2810 3042 2921 3101 tur
2943 3032 3252 3123 superior
3287 3028 3399 3097 vel
3439 3026 3712 3096 laeditur
3757 3045 4055 3115 pannus,
4089 3020 4218 3089 erit
4268 3018 4373 3087 la-

2810 3141 3081 3209 boriosa
3106 3145 3382 3231 propter
3416 3133 3929 3228 depressionem
3957 3127 4117 3199 cibi.

2901 3248 3071 3316 Cum
3119 3253 3348 3314 autem
3402 3242 3676 3335 glutitio
3728 3240 3847 3308 tiat
3885 3236 4157 3309 duobus
4214 3258 4373 3305 mo·

2812 3353 3150 3432 ventibuS‚
3193 3352 3498 3420 vomitus
3553 3370 3692 3416 non
3734 3348 3811 3414 tit
3854 3344 3985 3413 nisi
4027 3364 4197 3422 une,
4246 3338 4381 3409 hoc

2814 3470 2937 3539 est,
2977 3484 3100 3553 per
3124 3457 3327 3528 villos
3355 3454 3829 3528 latitudinales
3888 3474 3907 3523 ε
3958 3458 4025 3521 et
4064 3449 4219 3519 ideo
4250 3447 4386 3517 dir-

2814 3567 3009 3638 ficilis
3044 3575 3146 3637 est
3179 3566 3484 3635 vomitus
3511 3562 3739 3633 valde.
3782 3558 3934 3629 Hoc
3962 3566 4198 3630 autem
4228 3554 4383 3624 ideo

2813 3676 3067 3747 factum
3092 3684 3216 3755 est,
3257 3673 3422 3765 quia
3447 3670 3753 3741 vomitus
3797 3690 3923 3760 per
3961 3689 4037 3735 se
4077 3671 4185 3734 est
4210 3685 4384 3732 cou-

1146 3780 1441 3875 111111111111
1486 3788 1720 3849 11101113
1767 3776 1976 3848 11811111
2037 3798 2241 3844 81111111
2298 3773 2718 3841 11151111111θ11·
2817 3787 3065 3856 trarius
3094 3791 3378 3864 naturae,
3420 3789 3487 3849 et
3527 3800 3666 3847 non
3688 3776 3890 3868 juvat
3922 3775 4056 3845 nisi
4098 3793 4224 3865 per
4267 3792 4389 3838 ac-

1148 3898 1300 3959 111111
1348 3909 1668 3958 mmmm·
1720 3884 2007 3955 Gluffllss
2055 3891 2287 3952 111110111
2330 3888 2434 3950 (981
2490 3885 2717 3947 11101115
2819 3893 3096 3964 cidens:
3133 3898 3201 3959 et
3236 3890 3389 3959 ideo
3421 3896 3667 3957 natura
3714 3906 3856 3953 non
3902 3881 4137 3975 posuit
4164 3875 4389 3948 facili-

1152 3999 1274 4091 qui
1310 3995 1663 4090 perficitur
1695 3993 1933 4063 labore
1974 4000 2231 4060 naturae
2272 3994 2552 4080 propter
2585 3983 2717 4054 eibi
2820 4005 3033 4067 tau-m
3062 3995 3149 4064 gd
3180 4016 3364 4062 eum,
3410 3989 3552 4059 Sed
3595 3987 3871 4081 glutitio
3917 3988 4010 4055 im
4060 3985 4163 4065 fit,
4203 3976 4390 4074 quod

1153 4106 1483 4176 duritiam
1511 4110 1580 4173 et
1607 4103 2060 4195 quantitatem
2104 4121 2121 4167 :
2164 4106 2232 4167 et
2261 4097 2414 4166 ideo
2438 4094 2721 4186 requirit
2823 4103 3041 4174 salvat
3076 4099 3529 4169 „munnam
3587 4119 3605 4166 :
3658 4103 3728 4165 οι
3772 4093 3929 4164 {4100
3978 4114 4139 4161 cum
4176 4086 4397 4159 trahi.

1153 4213 1294 4284 duo
1334 4213 1793 4282 iustrumenta
1830 4208 2178 4279 moventia
2203 4213 2271 4276 et
2298 4203 2717 4295 adjuvtnfifl.
2824 4220 2938 4281 tur
2962 4209 3177 4291 cibus,
3217 4215 3379 4276 tunc
3412 4203 3558 4275 villi
3618 4196 4169 4295 longitudinales
4220 4193 4399 4265 inle-

1158 4341 1461 4415 quomm
1514 4340 1739 4387 111111111
1789 4316 1877 4385 811
1932 4313 2233 4391 trahens·
2302 4320 2371 4381 111
2432 4308 2722 4379 alterum
2827 4319 2968 4387 rius
3003 4315 3324 4386 continue
3352 4311 3620 4382 dilatari
3650 4309 3912 4379 faciunt
3966 4305 4154 4400 quod
4180 4325 4395 4397 supe·

1157 4429 1556 4522 11111111180118
1585 4434 1655 4496 et
1691 4423 2065 4518 expellens·
2116 4421 2449 4491 Attraclio
2494 4427 2723 4488 1111111111
2830 4428 2969 4495 rior
2994 4423 3200 4493 villus
3240 4417 3693 4492 latitudinalis
3739 4421 3966 4508 potest
3993 4435 4203 4505 super
4229 4410 4403 4480 iure-

1157 4536 1236 4607 fit
1286 4559 1414 4629 por
1465 4533 1672 4604 villos
1709 4530 2265 4625 longitudinales·
2316 4528 2491 4597 Cum
2541 4526 2727 4596 enim
2829 4535 3079 4604 riou-em
3117 4523 3649 4606 latitudinalem,
3702 4530 3772 4592 et
3808 4518 4198 4613 completur
4241 4515 4405 4610 glu-

1162 4646 1358 4716 cibus
1384 4644 1590 4715 estin
1618 4641 1819 4722 meri,
1851 4641 1996 4711 villi
2044 4636 2578 4732 longitudinales
2606 4657 2731 4703 su·
2830 4639 3008 4708 titio.

1163 4778 1289 4849 per
1330 4750 1678 4825 bucellam
1715 4750 2215 4822 contrahuntur
2260 4756 2328 4817 et
2382 4750 2727 4840 premunt,
2922 4743 3141 4814 Locus
3176 4748 3404 4810 autem
3446 4738 3617 4808 meri
3649 4744 3754 4807 est
3790 4756 4000 4829 super
4041 4730 4394 4827 spondiles

1169 4870 1240 4933 et
1272 4862 1404 4932 sub
1434 4883 1520 4932 eo
1548 4860 1624 4932 in
1652 4859 1895 4932 eadem
1932 4859 2185 4931 directa
2213 4858 2397 4927 linea
2431 4851 2736 4949 protensi
2834 4863 3012 4924 retro
3043 4853 3112 4920 in
3139 4848 3317 4919 collo
3369 4871 3386 4917 ε
3437 4857 3507 4918 et
3549 4844 3682 4915 hoc
3719 4842 3797 4913 tit
3830 4850 4114 4935 propter
4161 4846 4399 4908 custo-

1171 4970 1551 5043 dilatantur
1577 4969 1665 5039 ad
1701 4968 1916 5049 viam,
1959 4976 2026 5038 et
2070 4970 2168 5038 sic
2203 4963 2550 5056 complent
2582 4984 2738 5030 mo-
2836 4962 3018 5030 diam
3050 4959 3261 5051 ipsius
3316 4956 3679 5046 majorem.
3739 4949 4110 5019 Descendit
4163 4954 4395 5016 autem

1172 5088 1324 5149 tum
1353 5078 1808 5149 attractionis.
1842 5076 1993 5146 lloc
2019 5077 2204 5145 enim
2233 5082 2335 5142 est
2362 5069 2736 5141 secundum
2839 5093 2960 5162 per
2984 5067 3234 5137 collum
3264 5087 3423 5134 cum
3452 5064 3624 5132 meri
3667 5083 3790 5153 par
3826 5078 4199 5128 nervorum
4228 5077 4270 5126 a
4291 5077 4399 5123 ce·

1166 5184 1516 5282 pellicula
1559 5186 2082 5280 congruentiam
2127 5208 2145 5256 :
2186 5181 2515 5276 quoniam
2546 5178 2739 5273 pellis
2843 5176 3064 5255 rebro,
3095 5177 3269 5245 sicut
3295 5173 3600 5243 diximus
3627 5171 3699 5240 in
3746 5177 4107 5261 attalomm
4151 5185 4398 5234 :tervo-

1174 5303 1459 5366 extensa
1488 5295 1561 5364 in
1588 5294 1825 5386 aliquo
1846 5292 2024 5373 loco,
2055 5288 2484 5363 contrahitur
2508 5286 2741 5357 statim

1172 5404 1250 5475 in
1277 5403 1437 5475 loco
1477 5404 1596 5497 qui
1625 5425 1838 5496 supra
1874 5402 2070 5471 illum
2100 5409 2205 5470 est
2234 5421 2252 5469 ε
2286 5407 2356 5469 et
2384 5398 2538 5466 ideo
2584 5417 2740 5465 cum

1177 5510 1376 5583 cibus
1431 5510 1831 5607 ingrediens
1887 5510 2127 5580 dilatat
2179 5507 2463 5578 inferius
2514 5503 2742 5581 villos,

2841 5310 3024 5366 rum,
3056 5292 3123 5354 et
3159 5281 3432 5377 quando
3461 5280 3634 5349 meri
3670 5285 3776 5348 est
3821 5276 3893 5346 in
3922 5282 4108 5345 recto
4143 5278 4401 5365 quarta

2844 5389 3171 5485 spondilis
3209 5387 3529 5481 pectoris,
3571 5383 3941 5478 pertransit
3978 5378 4259 5473 quidem
4314 5375 4403 5445 il-

2848 5501 2984 5570 lam
3021 5495 3402 5591 spondilem
3444 5516 3462 5564 ε
3496 5501 3566 5564 et
3604 5502 3767 5563 tunc
3807 5510 4178 5582 parumper
4214 5508 4408 5557 recc-

1170 5618 1602 5713 ‚constabunt
1639 5641 1848 5711 super
1885 5620 2107 5711 ipsum
2156 5626 2224 5687 et
2259 5616 2467 5685 etiam
2514 5608 2752 5703 depel-
2850 5610 2950 5679 dit
2985 5610 3324 5679 divertens
3370 5604 3458 5674 ad
3505 5602 3817 5673 dextram
3874 5620 3893 5669 ε
3948 5606 4016 5669 et
4073 5595 4207 5667 hoc
4255 5594 4406 5663 ideo

1170 5728 1363 5829 ‚lentf
1390 5750 1579 5823 eum,
1618 5726 1988 5833 ‘plraecipue
2041 5726 2113 5795 in
2171 5725 2341 5794 meri
2396 5720 2516 5791 ubi
2570 5719 2753 5789 hunc
2853 5716 3012 5786 facit
3047 5722 3122 5783 ut
3167 5735 3292 5785 suo
3340 5732 3610 5781 recessu
3656 5704 3894 5777 dilatet
3939 5703 4169 5773 locum
4214 5720 4409 5768 vena
