4919 6371
1926 505 2092 572 LlB.
2149 501 2277 569 Xll
2325 501 2445 568 DE
2494 500 3078 581 ANlMALlBUS,
3130 503 3444 573 TRACT.
3499 503 3592 570 111

1127 688 1190 747 te
1226 703 1240 747 :
1277 688 1500 746 motus
1530 679 1714 744 enim
1743 697 1884 742 suae
1904 671 2246 763 palpebrae
2269 680 2370 739 est
2401 672 2663 739 tardus:

1124 797 1189 854 et
1218 787 1530 854 clausura
1559 781 1735 850 oculi
1776 803 1926 870 quae
1957 780 2122 869 tegit
2161 781 2409 861 visum,
2462 803 2667 871 prop-

1123 902 1221 961 ter
1250 913 1535 960 acumen
1575 888 1774 955 debet
1814 910 1956 954 esse
1981 886 2245 967 festina,
2282 897 2354 955 ut
2384 889 2515 955 cito
2557 910 2667 954 re-

1119 1001 1273 1068 deat
1292 999 1523 1065 lumen
1553 996 1730 1063 oculi
1761 994 1847 1062 ad
1877 995 2308 1087 dirigendum
2329 995 2658 1064 volatum.

1116 1106 1283 1173 Avis
1359 1113 1587 1171 autem
1653 1102 1924 1193 quando
1974 1102 2225 1170 claudit
2264 1101 2539 1169 oculum
2599 1106 2663 1165 et

1117 1213 1306 1301 tegit,
1372 1210 1622 1278 claudit
1659 1233 1778 1300 per
1832 1209 2039 1278 telam
2099 1231 2250 1299 quae
2303 1208 2664 1294 conjuncta

1113 1326 1213 1386 est
1241 1318 1492 1408 angulo
1533 1318 1712 1387 oculi
1760 1318 1844 1384 ad
1883 1319 2144 1385 corium
2178 1315 2348 1381 nasi.
2395 1312 2501 1379 Ab
2531 1311 2662 1379 hoc

1110 1426 1293 1493 enim
1325 1427 1653 1516 principio
1692 1426 1915 1515 aptius
1970 1428 2286 1490 movetur
2331 1419 2416 1486 ad
2472 1420 2662 1487 clau-

1111 1533 1435 1612 dendum,
1504 1556 1585 1600 eo
1659 1530 1841 1621 quod
1899 1530 1992 1597 ibi
2049 1528 2496 1618 propinquior
2560 1536 2659 1595 est

1108 1641 1335 1707 nervis
1393 1645 1458 1706 et
1504 1633 1827 1703 musculis
1879 1631 2151 1699 motivis
2195 1653 2210 1697 ε
2255 1639 2323 1700 et
2368 1631 2503 1699 tela
2545 1631 2657 1698 illa

1106 1745 1304 1816 valde
1334 1755 1434 1815 est
1460 1743 1712 1813 velocis
1741 1750 1992 1810 motus.

1197 1853 1396 1933 Quod
1426 1861 1651 1921 autem
1692 1850 1997 1941 sequitur
2025 1847 2385 1940 palpebras
2419 1848 2490 1913 in
2531 1845 2652 1914 ho-

1107 1962 1316 2040 mine,
1349 1969 1449 2028 est
1477 1959 1884 2051 principium
1917 1953 2462 2046 superciliorum.
2499 1953 2653 2020 Non

1105 2078 1331 2136 autem
1371 2068 1621 2137 claudit
1649 2065 2032 2156 quadrupes
2072 2084 2286 2130 ovans
2314 2062 2652 2152 palpebris

1103 2175 1344 2263 positis
1372 2172 1497 2240 sub
1528 2168 1929 2260 superciliis,
1973 2168 2302 2259 quoniam
2358 2189 2495 2233 non
2546 2169 2653 2233 in-

1100 2280 1331 2369 digent
1360 2277 1736 2367 superciliis
1783 2274 2157 2343 secundum
2225 2297 2501 2342 sensum
2546 2274 2646 2339 vi-

1098 2408 1236 2461 suS,
1282 2409 1362 2452 eo
1402 2384 1584 2476 quod
1626 2392 1784 2450 sunt
1822 2384 2156 2450 terrestria
2198 2404 2337 2448 non
2386 2378 2650 2447 haben-

1094 2492 1186 2558 tia
1217 2491 1572 2559 humidum
1606 2488 1892 2558 subtile:
1940 2489 2205 2556 mansio
2236 2488 2420 2556 enim
2461 2490 2645 2577 ipso·

1098 2624 1250 2668 rum
1281 2609 1381 2669 est
1423 2602 1489 2668 in
1519 2607 1719 2668 terra.

1183 2712 1367 2778 Aves
1429 2717 1657 2777 autem
1716 2708 2024 2777 acumine
2084 2711 2273 2775 visus
2337 2706 2642 2796 indigent

1087 2819 1491 2896 necessario,
1545 2819 1868 2909 quoniam
1923 2816 2148 2885 cibum
2197 2814 2641 2905 contemplari

1089 2924 1342 2993 babent
1389 2947 1428 2991 a
1477 2926 1752 2993 remotis
1792 2934 1858 2992 et
1915 2948 1950 2992 a
2020 2924 2186 2993 locis
2242 2926 2630 2993 altissimis:

1090 3031 1231 3100 baec.
1264 3034 1446 3100 enim
1484 3040 1583 3100 est
1615 3054 1846 3110 causa,
1880 3031 2063 3121 quod
2093 3031 2346 3098 animal
2387 3055 2638 3100 curvo-

1090 3163 1237 3208 rum
1273 3141 1630 3231 unguium,
1684 3147 1785 3208 est
1825 3139 2147 3208 acutioris
2185 3139 2372 3208 visus
2407 3162 2422 3206 :
2478 3139 2635 3231 quia

1086 3247 1394 3318 videlicet
1434 3272 1634 3315 suum
1684 3249 1910 3315 cibum
1941 3248 2171 3316 videre
2228 3246 2502 3318 habeta
2539 3249 2635 3317 lo-

1083 3359 1180 3424 cis
1211 3359 1489 3425 remotis
1532 3378 1547 3422 ε
1592 3364 1870 3447 propter
1896 3354 2028 3424 boc
2065 3357 2249 3424 enim
2290 3366 2362 3424 ut
2402 3358 2630 3426 cibum

1081 3488 1122 3531 a
1157 3464 1361 3556 longe
1391 3463 1909 3554 contempletur,
1944 3464 2168 3532 elevat
2223 3487 2294 3532 se
2347 3464 2478 3532 boc
2502 3490 2627 3555 ge-

1082 3593 1209 3638 nus
1243 3573 1389 3639 avis
1443 3573 1514 3640 in
1578 3595 1732 3641 aere
1772 3571 1973 3640 altius
2024 3595 2232 3664 quam
2263 3572 2398 3640 alia
2455 3574 2622 3641 avis.

1078 3679 1260 3747 Aves
1289 3687 1513 3747 autem
1546 3702 1697 3770 qua·
1728 3703 1769 3747 a
1826 3688 2005 3747 terra
2062 3700 2201 3747 non
2243 3678 2620 3755 elevantur.

1077 3796 1144 3855 et
1183 3811 1468 3879 parvum
1501 3787 2100 3865 babentvolatum,
2134 3788 2308 3857 sicut
2344 3789 2623 3880 gallina,

1079 3905 1142 3964 et
1173 3898 1302 3965 sibi
1332 3895 1604 3976 similia,
1658 3919 1794 3963 non
1826 3895 1996 3964 adeo
2058 3897 2362 3987 indigent
2427 3906 2625 3965 acuto

1079 4008 1259 4089 visu,
1297 4030 1379 4074 eo
1418 4006 1601 4098 quod
1632 4015 1999 4074 vescuntur
2027 4005 2164 4074 fere
2204 4007 2392 4073 «nuni
2425 4031 2626 4096 gene-

1080 4138 1149 4182 re
1176 4114 1335 4193 cibi,
1370 4116 1484 4205 qui
1515 4113 1598 4182 de
1632 4114 2009 4204 propinquo
2046 4113 2415 4182 invenitur.

1165 4226 1478 4318 Amplius
1506 4235 1731 4294 autem
1776 4224 1993 4316 pisces
2020 4234 2083 4292 et
2115 4224 2437 4292 animalia
2474 4225 2621 4292 duri

1072 4339 1263 4417 corii,
1298 4336 1518 4405 adbuc
1547 4335 1882 4404 annulosa
1930 4334 2242 4426 quaedam
2302 4357 2620 4425 magnam

1071 4444 1322 4514 babent
1354 4444 1438 4511 ab
1478 4443 1629 4511 aliis
1672 4445 1740 4510 in
1772 4442 1988 4510 oculis
2041 4443 2521 4522 differentiam,
2557 4452 2619 4510 et

1070 4552 1156 4618 ab
1188 4552 1475 4619 invicem
1512 4574 1528 4619 ε
1574 4550 1722 4619 lia-c
1744 4552 1927 4619 enim
1961 4550 2096 4618 fere
2128 4551 2360 4619 omnia
2415 4550 2620 4618 duros

1069 4658 1321 4728 babent
1361 4659 1626 4737 oculos,
1670 4667 1729 4726 et
1774 4667 2003 4727 carc-nt
2052 4657 2441 4749 palpebris:
2487 4657 2616 4724 hoc

1069 4769 1253 4835 enim
1284 4769 1467 4860 quod
1506 4767 1587 4835 de
1628 4789 1915 4835 numero
1983 4769 2272 4834 istorum
2312 4775 2412 4833 est
2467 4767 2616 4835 duri

1069 4877 1259 4954 corii,
1298 4900 1430 4943 mm
1473 4874 1676 4943 babet
1708 4873 2061 4966 palpebras
2082 4876 2368 4941 omnino
2403 4897 2618 4965 :opus

1070 4984 1252 5050 enim
1295 4980 1628 5073 palpebra.-
1689 4980 1888 5049 debet
1923 5004 2071 5049 esse
2122 4980 2441 5049 festinum
2479 5002 2494 5046 ε
2528 4980 2620 5048 se-

1068 5091 1243 5158 stine
1271 5097 1501 5158 autem
1534 5089 1793 5156 moveri
1826 5111 1965 5156 non
1997 5095 2218 5178 potest
2239 5088 2485 5156 durum
2509 5112 2619 5156 co-

1068 5203 1272 5281 rium,
1314 5201 1483 5268 sicut
1515 5199 1830 5289 superius
1886 5198 2210 5266 diximus.
2265 5199 2449 5267 Loco
2483 5201 2618 5289 igi-

1066 5318 1176 5376 tur
1235 5307 1437 5397 liujus
1493 5307 1816 5376 custodiae
1874 5316 1942 5376 et
2001 5306 2343 5398 palpebrre
2409 5310 2611 5376 creati

1063 5425 1223 5484 sunt
1263 5418 1362 5484 eis
1400 5416 1577 5484 oculi
1609 5414 1760 5482 duri
1807 5438 1822 5483 :
1865 5424 1932 5484 et
1981 5423 2262 5506 propter
2291 5416 2610 5485 duritiam

1065 5524 1250 5592 illam
1290 5523 1522 5591 vident
1545 5522 1856 5592 debiliter
1888 5545 1903 5590 ε
1939 5530 2295 5615 propterea
2324 5527 2505 5592 enim
2530 5525 2613 5593 ad

1063 5630 1247 5701 hunc
1276 5631 1609 5701 desectum
1644 5632 2112 5700 redimendum
2152 5631 2309 5701 fecit
2355 5635 2453 5702 eis
2484 5657 2613 5703 na-

1066 5750 1219 5809 tura
1264 5738 1498 5808 oculos
1555 5738 1843 5807 mobiles
1879 5737 2129 5806 valde:
2183 5737 2354 5808 tales
2428 5743 2609 5811 enim

1067 5847 1302 5916 oculos
1332 5846 1668 5939 praecipue
1698 5843 1952 5915 habent
1969 5843 2295 5914 animalia
2323 5846 2474 5917 duri
2502 5873 2613 5918 co·

4216 506 4343 573 045

2776 673 2881 751 rii,
2916 675 3089 738 sicut
3121 670 3299 737 oculi
3329 673 3788 760 quorumdam
3815 676 4335 764 quadrupedum

2774 779 2923 846 duri
2962 777 3129 843 corii
3159 778 3623 855 existentium,
3664 788 3736 846 ut
3758 781 3945 846 visus
3985 804 4223 848 eorum
4249 805 4332 850 ex

2772 887 2901 953 hoc
2931 910 3220 953 acumen
3292 890 3597 979 recipiat,
3659 889 3931 980 quando
3974 890 4154 957 oculi
4194 893 4327 959 cito

2773 1002 3175 1061 revocantur
3205 1003 3270 1063 et
3291 995 3681 1087 diriguntur
3709 996 3795 1064 ad
3832 996 4081 1075 lucem,
4127 1006 4191 1065 et
4221 998 4329 1065 di-

2770 1112 2944 1170 recte
2983 1106 3205 1194 ipsam
3252 1106 3383 1173 sibi
3434 1107 3845 1175 incidentem
3907 1130 3991 1173 ex
4022 1130 4174 1175 aere
4215 1130 4329 1175 re-

2768 1210 3048 1299 cipiunt.
3123 1211 3355 1279 Pisces
3421 1236 3587 1281 vero
3656 1220 3815 1280 sunt
3881 1206 4323 1279 humidorum

2767 1318 3149 1396 oculorum,
3186 1342 3268 1387 eo
3311 1320 3497 1409 quod
3536 1320 3847 1411 indigent
3886 1319 4104 1387 multo
4145 1321 4323 1396 visu,

2766 1426 2923 1515 quia
2969 1433 3129 1492 sunt
3177 1426 3504 1493 animalia
3547 1427 3744 1494 multi
3782 1435 4035 1513 motuS,
4070 1450 4147 1495 ea
4203 1450 4330 1494 au-

2764 1540 2899 1599 tem
2930 1531 3255 1599 animalia
3286 1554 3440 1623 quae
3481 1541 3642 1600 sunt
3681 1536 3752 1601 in
3802 1557 3979 1623 aqua
4038 1556 4328 1602 manen-

2761 1640 2877 1717 tia,
2969 1663 3107 1709 non
3182 1640 3441 1709 habent
3508 1642 3880 1732 prohibens
3956 1644 4183 1710 visum
4260 1652 4327 1711 et

2761 1750 3183 1838 cooperiens,
3229 1749 3405 1817 sicut
3442 1772 3522 1817 ea
3579 1773 3731 1841 quae
3771 1759 3954 1818 stant
3983 1753 4054 1818 in
4103 1773 4255 1819 aere
4300 1776 4315 1820 ε

2757 1856 2827 1922 in
2857 1879 3012 1924 aere
3052 1857 3238 1923 enim
3271 1861 3622 1926 manentia
3668 1859 3861 1949 quasi
3901 1858 4166 1926 infinita
4204 1859 4320 1928 ha-

2759 1962 2920 2030 bent
2957 1963 3328 2032 incidentia
3375 1967 3601 2032 visum
3635 1974 3701 2033 et
3744 1966 4178 2057 prohibentia
4209 1968 4317 2058 ip-
4366 2018 4371 2023 ·

2756 2093 2932 2137 sum.
2971 2072 3130 2139 Ilaec
3198 2072 3406 2162 igitur
3451 2080 3554 2140 est
3620 2096 3845 2151 causa,
3893 2096 4102 2164 quare
4133 2075 4311 2143 oculi

2753 2179 3041 2269 piscium
3082 2201 3222 2245 non
3263 2176 3521 2247 babent
3545 2179 3904 2269 palpebras
3952 2179 4124 2248 sicut
4160 2183 4312 2249 ani-

2752 2285 2957 2353 malia
2996 2287 3346 2354 manentia
3377 2285 3446 2353 in
3477 2308 3631 2353 aere
3677 2308 3692 2352 ε
3729 2295 3973 2355 natura
4001 2289 4184 2356 enim
4212 2293 4312 2357 ni-

2752 2395 2844 2463 hil
2879 2395 3032 2463 facit
3073 2397 3315 2464 otiose.
3390 2396 3708 2486 Amplius
3775 2404 4004 2464 autem
4064 2406 4310 2487 praeter

2751 2526 2988 2573 omnes
3038 2503 3351 2571 inductas
3379 2526 3644 2583 causas,
3679 2513 3958 2593 propter
3983 2506 4310 2594 grossitu-

2749 2612 2976 2679 dinem
3043 2633 3239 2702 aquae
3294 2611 3468 2679 flunt
3534 2610 3713 2679 oculi
3770 2611 4060 2701 piscium
4099 2611 4301 2680 duri:

2749 2723 2892 2812 ipsa
2912 2721 3096 2788 enim
3129 2743 3324 2812 aquae
3361 2720 3694 2812 frigiditas
3747 2720 4022 2788 indurat
4070 2720 4306 2788 oculos

2746 2839 2807 2897 et
2848 2829 3157 2920 congelat
3201 2853 3215 2896 :
3260 2839 3327 2898 et
3382 2839 3661 2921 propter
3716 2827 3850 2896 boc
3901 2829 4084 2920 quod
4144 2839 4302 2897 sunt

2745 2941 2811 3005 in
2870 2960 3070 3028 aqua,
3134 2936 3390 3005 babent
3455 2940 3662 3005 etiam
3721 2936 3959 3006 oculos
4016 2960 4304 3027 magnos

2738 3044 2960 3124 valde,
2997 3053 3064 3112 et
3094 3043 3293 3112 multi
3325 3044 3658 3113 humoriS.

2826 3153 3144 3244 Amplius
3175 3162 3405 3222 autem
3448 3157 3682 3223 onmia
3725 3155 4049 3224 animalia
4081 3156 4299 3247 pilosa

2737 3261 2989 3330 babent
3029 3262 3413 3354 palpebras,
3459 3263 3708 3353 quibus
3764 3263 4003 3332 oculos
4042 3287 4301 3356 coope-

2734 3375 2940 3441 riunt.
2985 3374 3169 3438 Aves
3202 3380 3431 3439 autem
3473 3371 3951 3439 universaliter
3968 3382 4034 3440 et
4066 3375 4295 3441 omnia

2734 3479 3054 3547 animalia
3084 3478 3440 3570 squamosi
3477 3480 3808 3570 corporiS,
3861 3503 4003 3547 non
4046 3477 4302 3549 liabent

2730 3586 3089 3679 palpebras
3132 3587 3385 3678 quibus
3424 3589 3738 3679 operiant
3780 3587 4044 3668 oculos,
4085 3611 4302 3679 prop-

2730 3706 2914 3765 terea
2943 3697 3105 3786 quia
3137 3717 3279 3762 non
3320 3694 3576 3763 babent
3606 3695 3806 3787 pilos.
3870 3694 3950 3763 ln
3997 3718 4300 3786 sequen-

2731 3803 2911 3871 tibus
2942 3811 3171 3871 autem
3213 3800 3623 3871 struthionis
3653 3803 4140 3893 dipositionem
4181 3804 4293 3871 di-

2729 3935 2963 3982 cemus
3001 3919 3063 3978 et
3095 3933 3376 3979 causam
3421 3910 3888 4001 dispositionis
3935 3910 4293 3980 oculorum

2729 4022 2875 4110 ejus
2910 4042 2925 4085 :
2960 4022 3290 4111 quoniam
3319 4019 3599 4111 quidam
3627 4018 3863 4087 dicunt
3892 4022 4116 4110 ipsum
4139 4023 4295 4111 pal-

2728 4127 2970 4219 p‹·bras
3009 4126 3288 4196 habere.
3334 4126 3666 4208 Quaedam
3705 4135 3936 4195 autem
3969 4129 4291 4198 animalia

2730 4233 3049 4303 babentia
3079 4234 3257 4325 pilos
3306 4234 3375 4301 in
3416 4232 3784 4325 palpebris,
3839 4256 3981 4302 non
4037 4232 4290 4305 babent

2726 4343 2925 4433 pilos,
2962 4342 3090 4410 nisi
3135 4342 3201 4409 in
3236 4342 3586 4431 ,superiori
3627 4340 3952 4433 palpebra
3991 4350 4283 4410 tantum.

2729 4446 2953 4513 llomo
2994 4453 3226 4513 autem
3257 4443 3463 4513 habet
3514 4446 3691 4536 pilos
3722 4445 3789 4512 in
3823 4453 4109 4537 utraque
4137 4445 4290 4537 pal-

2725 4553 2931 4645 pebra
2988 4577 3004 4621 ε
3056 4562 3120 4620 ot
3188 4552 3320 4621 boc
3377 4563 3452 4621 ut
3517 4553 3763 4621 melius
3814 4553 4287 4623 custodiantur

2724 4659 2901 4728 oculi
2941 4661 3112 4749 ejus.
3144 4659 3449 4728 Animali
3480 4660 3665 4728 enim
3716 4658 4033 4727 nobiliori
4077 4649 4283 4729 natu-

2727 4791 2798 4835 ra
2836 4767 3098 4857 majora
3138 4777 3477 4859 praeparat
3506 4768 3912 4856 juvamenta
3941 4777 4009 4837 et
4048 4777 4284 4837 custo-

2722 4876 2867 4944 dias
2909 4899 2924 4943 :
2971 4876 3033 4944 id
3076 4878 3260 4945 enim
3292 4875 3479 4967 quod
3510 4874 3743 4943 utilius
3773 4885 3876 4945 est
3908 4878 3977 4944 in
4008 4885 4274 4955 natura,

2722 4995 2822 5054 est
2862 4984 3238 5053 naturalius
3268 4993 3330 5053 et
3411 4991 3668 5051 naturae
3733 4983 4148 5074 possibilius.
4196 4984 4277 5053 Et

2723 5095 2865 5163 boec
2891 5101 2990 5161 est
3044 5114 3275 5164 causa.
3319 5089 3505 5182 quod
3570 5089 3837 5158 nullum
3885 5091 4279 5183 quadrupe-

2720 5203 2882 5269 dum
2912 5199 3116 5268 babet
3148 5199 3325 5291 pilos
3356 5201 3423 5267 in
3449 5197 3778 5290 palpebra
3806 5198 4136 5279 inferiori,
4159 5199 4275 5268 sed

2719 5309 2844 5376 sub
2905 5310 3028 5375 ista
3079 5306 3405 5398 palpebra
3460 5314 3774 5374 crescunt
3810 5305 3929 5397 pili
3986 5306 4279 5398 spinales

2717 5418 2887 5485 sicut
2922 5415 3245 5507 palpebra
3286 5416 3356 5483 in
3396 5414 3808 5506 quibusdam
3840 5415 4275 5495 animalibus,

2715 5525 2888 5593 sicut
2908 5525 2977 5592 in
3007 5533 3215 5599 catto,
3260 5546 3453 5602 cane,
3498 5531 3565 5590 et
3594 5521 3790 5589 leone
3848 5522 4022 5589 circa
4080 5544 4158 5590 os
4212 5531 4280 5590 et

2719 5655 2983 5700 nasum.

2807 5739 3050 5809 Adbuc
3091 5747 3323 5808 autem
3356 5739 3526 5807 nulli
3561 5739 3848 5806 omnino
3897 5736 4277 5827 singulares

2713 5845 2830 5937 pili
2852 5855 3132 5937 propter
3168 5868 3604 5914 communem
3647 5844 4060 5936 pilositatem
4124 5864 4276 5911 crc-
