4919 6371
590 379 717 456 338

579 541 846 629 fugiunt
883 560 1023 613 eos,
1068 530 1250 620 qnod
1283 527 1651 616 aliquando
1684 535 1822 593 tani
1857 526 2129 615 lugien-

569 657 668 714 tes
707 651 1020 733 parentes
1070 660 1276 726 quam
1340 638 1774 725 insequentes
1833 634 1978 717 tilii,
2041 634 2128 698 si-

572 755 712 821 mul
743 753 988 819 cadunt
1018 752 1085 815 in
1119 749 1287 815 retia
1341 770 1709 839 aucupum.
1792 747 2126 813 Dixerunt

571 861 772 927 etiam
822 856 1027 947 aliqui
1079 856 1363 945 experti,
1411 863 1487 922 ut
1535 854 1697 921 dicit
1747 854 2120 926 Avieemm,

570 965 752 1055 quod
782 963 1146 1055 aliquando
1216 971 1577 1030 morantur
1624 958 1919 1028 volando
1969 978 2125 1022 cum

570 1073 961 1164 parentibus
1009 1071 1277 1139 duobus
1349 1070 1576 1144 anniS‚
1639 1075 1706 1133 et
1771 1065 1840 1129 in
1910 1083 2125 1128 unum

572 1181 983 1271 praedantur.
1033 1177 1163 1244 Sed
1199 1175 1384 1264 quod
1415 1172 1584 1239 mihi
1635 1171 1956 1237 dixerunt
2010 1189 2126 1232 au-

572 1311 799 1378 cupes,
845 1295 910 1352 et
951 1282 1133 1373 quod
1162 1303 1315 1346 suin
1348 1285 1689 1367 expertuS,
1754 1284 1879 1352 est,
1941 1271 2125 1364 quod

574 1393 922 1480 accipitres
998 1409 1169 1475 quos
1254 1405 1586 1450 voramus
1652 1391 1990 1455 austures,
2061 1385 2126 1444 et

575 1496 894 1586 sperverii
929 1493 1148 1582 pullos
1174 1514 1336 1559 suos
1366 1489 1678 1557 volantes
1705 1489 1936 1555 cibant
1990 1487 2125 1554 lere

572 1625 692 1692 per
729 1623 942 1667 unum
976 1622 1307 1682 mensem,
1332 1605 1400 1665 et
1438 1602 1736 1686 posteaa
1773 1591 2127 1661 retrahunt

573 1731 644 1775 se
673 1707 756 1775 ab
796 1709 917 1786 eiS,
961 1714 1027 1774 et
1063 1705 1311 1772 docent
1343 1726 1464 1770 eos
1508 1723 1748 1792 capere
1780 1723 1964 1776 aveS,
2030 1700 2127 1765 sic

574 1818 756 1910 quod
811 1825 1122 1907 parentes
1188 1812 1503 1880 deferunt
1559 1812 1657 1878 eis
1717 1831 1877 1876 aves
1932 1809 2125 1874 vivas

571 1934 638 1992 et
675 1925 1022 1991 dimittunt
1059 1943 1292 1987 coram
1332 1920 1457 2001 (εἰς,
1492 1925 1560 1984 et
1596 1917 1884 1983 incitant
1948 1913 2124 1980 lilios

565 2030 650 2096 ad
727 2027 1131 2118 capiendum
1179 2048 1194 2092 ε
1266 2034 1334 2091 et
1416 2032 1783 2114 postquam
1851 2020 2121 2111 perfecti

564 2145 725 2203 sunt
761 2136 1026 2203 volatus
1065 2134 1147 2200 ad
1207 2130 1643 2222 capiendum,
1713 2138 1873 2197 tunc
1922 2128 2126 2195 absti-

565 2251 729 2311 nent
756 2242 840 2309 ab
873 2244 990 2309 eis.
1035 2239 1304 2329 Aquilae
1333 2245 1566 2306 autem
1614 2247 1812 2304 terrae
1872 2243 2121 2302 nostrae

572 2376 706 2419 non
740 2351 966 2418 cibant
1008 2348 1182 2416 tilios
1220 2371 1409 2426 suos,
1463 2347 1596 2413 nisi
1654 2347 1724 2412 in
1793 2346 1953 2412 nido
1999 2367 2123 2410 suo

570 2467 636 2526 et
663 2466 899 2549 postea
930 2456 1227 2522 educunt
1254 2453 1341 2521 ad
1362 2452 1691 2543 praedam,
1724 2459 1794 2518 et
1818 2473 2126 2518 commu-

569 2567 742 2634 niter
772 2563 1160 2655 pra-dantur
1186 2584 1342 2629 cum
1373 2559 1794 2652 parentibus,
1839 2568 1905 2626 et
1971 2582 2128 2625 mo-

569 2674 793 2739 dicum
825 2671 1167 2738 abstinent
1200 2668 1285 2736 ab
1317 2668 1415 2735 eis
1444 2674 1784 2758 parentes,
1832 2666 1966 2733 Sed
2000 2664 2127 2732 t'al-

568 2801 772 2847 cunes
802 2778 1026 2844 cibant
1058 2777 1233 2843 lilios
1263 2798 1427 2842 suos
1476 2776 1546 2841 in
1595 2774 1784 2852 uide,
1845 2782 1913 2840 et
1966 2796 2121 2840 cum

570 2884 798 2952 volare
839 2892 1148 2973 possunt,
1193 2883 1492 2950 educunt
1531 2879 1616 2947 ad
1674 2880 1972 2970 proedam
2008 2901 2023 2945 ε
2059 2886 2123 2944 et

569 3018 723 3063 cum
773 2993 1065 3083 pioedum
1134 3000 1423 3082 possunt
1489 2992 1811 3079 arripere,
1868 2988 2123 3055 ducunt

570 3125 687 3169 eos
726 3101 925 3191 longe
957 3099 1152 3166 valde
1180 3121 1220 3165 a
1249 3097 1403 3165 loco
1437 3096 1579 3164 nidi
1626 3098 1758 3174 sui,
1795 3098 1887 3163 ita
1939 3094 2124 3185 quod

571 3213 638 3277 in
681 3209 828 3275 luco
858 3208 996 3273 nidi
1036 3207 1152 3272 vix
1185 3227 1517 3296 umquam
1574 3213 1972 3295 comparent
2007 3224 2023 3269 :
2060 3210 2125 3268 et

569 3324 880 3406 parentes
953 3336 1192 3381 eorum
1247 3312 1540 3381 retinent
1597 3309 2116 3379 habitationem.

570 3423 668 3491 lta
700 3425 990 3490 narravit
1025 3420 1189 3488 mihi
1231 3421 1669 3498 falconarius,
1703 3420 1820 3510 qui
1869 3416 2124 3485 multos

567 3530 743 3621 cepit
770 3530 1089 3603 falcones,
1135 3527 1320 3619 quod
1352 3530 1561 3596 etiam
1618 3527 1689 3595 in
1720 3523 1959 3595 eadem
2013 3548 2125 3592 re-

570 3641 772 3729 gione
801 3647 994 3729 pater
1021 3638 1237 3704 tilium
1278 3657 1513 3704 secum
1565 3658 1712 3702 esse
1753 3626 1910 3702 'non
1978 3656 2126 3724 per-

571 3749 773 3813 mittit
816 3755 1175 3836 postquam
1210 3745 1545 3835 perfectus
1576 3744 1778 3810 luerit
1805 3741 1891 3809 ad
1949 3762 2128 3831 prae-

572 3853 894 3920 dandum.

664 3960 907 4050 Aquila
963 3970 1184 4025 autvui
1241 3981 1491 4047 inagna
1541 3981 1692 4047 qun·
1770 3956 1946 4046 apud
2000 3978 2125 4021 nus

578 4076 701 4142 est.
736 4076 801 4135 et
826 4068 1146 4135 lem-mlius
1191 4076 1501 4143 vocatur,
1554 4088 1709 4132 raro
1764 4063 1942 4154 apucl
2003 4086 2128 4129 nos

583 4175 923 4242 invenitur
978 4173 1225 4241 babere
1296 4174 1426 4239 nisi
1496 4174 1775 4239 unicum
1834 4172 2124 4261 pullum,

579 4280 732 4349 licet
762 4282 898 4348 duo
928 4280 1125 4347 faciat
1163 4303 1321 4349 uva.
1354 4279 1438 4347 Et
1479 4277 1610 4346 boc
1655 4279 1801 4366 jain
1859 4302 2131 4368 compe-

579 4390 790 4455 rimus
820 4413 939 4480 per
973 4410 1092 4455 sex
1130 4410 1349 4454 annos
1376 4386 1744 4455 continuos
1790 4385 2128 4453 visitando

578 4494 809 4561 nidum
862 4493 1107 4585 aquila}
1150 4492 1534 4581 cujusdam.
1582 4491 1723 4558 Sed
1754 4492 1821 4558 in
1882 4490 2128 4559 talibus

575 4599 841 4668 diflicilia
897 4610 995 4668 est
1048 4601 1338 4691 experiri
1397 4607 1675 4690 propter
1737 4600 2128 4667 altitudines

574 4709 909 4777 montium
943 4710 1006 4775 in
1041 4708 1291 4798 quibus
1318 4707 1674 4775 nidificant
1714 4729 1882 4774 :nec
1909 4709 2131 4799 potui-

467 4898 472 4899 γ
575 4842 726 4887 mus
762 4819 1051 4910 experiri
1093 4817 1220 4885 nisi
1253 4816 1548 4908 desuper
1592 4816 1893 4908 quodam
1958 4815 2130 4883 sub-

573 4928 779 4993 missu
827 4928 894 4994 in
954 4926 1110 4992 lun«-
1163 4924 1483 4991 inaximae
1538 4923 1988 5015 longitudinis
2042 4923 2125 4992 de

569 5056 756 5123 rupe.
800 5033 979 5101 Talis
1006 5035 1190 5101 euim
1229 5040 1335 5100 ost
1373 5054 1539 5097 usus
1601 5029 1783 5121 apud
1849 5054 1976 5099 nos
2010 5054 2127 5100 eo·

568 5161 716 5207 rum
754 5142 870 5229 qui
911 5139 1205 5208 falcones
1233 5146 1299 5208 et
1328 5136 1594 5228 aquilas
1633 5136 1717 5206 de
1751 5139 1928 5206 nidis
1955 5138 2127 5207 acri·

564 5245 782 5336 piunt.

647 5353 830 5421 Aves
885 5361 1115 5422 tannen
1174 5375 1416 5422 carues
1474 5352 1939 5430 comedentes,
2001 5352 2117 5420 sed

561 5483 842 5529 curvum
874 5472 1168 5529 rostrum
1199 5471 1267 5530 et
1331 5481 1579 5530 curvos
1648 5483 1912 5552 ungues
1979 5483 2117 5528 non

558 5566 905 5647 habentes,
938 5572 1115 5637 sicut
1140 5579 1243 5638 est
1297 5570 1446 5638 avis
1534 5568 1833 5637 baclaoac
1886 5570 2116 5638 Graece

556 5676 760 5756 dicta,
793 5699 997 5769 quani
1041 5700 1173 5744 non
1204 5678 1537 5745 coniicem
1568 5699 1923 5760 voramus,
1992 5698 2117 5745 co-

1584 358 1667 424 D.
1724 355 1923 422 ALB.
1978 351 2195 418 MAG.
2251 350 2457 417 ORD.
2514 349 2811 418 PRAED.

2232 524 2450 612 gitant
2480 522 2560 589 de
2587 523 2728 589 suis
2758 521 2959 612 pullis
2991 543 3238 611 niagno
3262 527 3561 610 tempore
3602 530 3777 609 post-

2234 652 2439 719 quam
2491 629 2914 697 evolaverint
2962 628 3042 695 de
3094 627 3305 694 nido:
3367 626 3553 693 volat
3610 627 3791 692 enim

2233 759 2388 802 eum
2421 736 2518 800 cis
2550 744 2616 802 et
2643 734 2758 802 dat
2788 739 2885 803 eis
2924 734 3151 802 cibum
3190 756 3204 799 ε
3232 743 3297 802 et
3325 734 3636 800 similiter
3702 733 3795 799 fa-

2234 841 2489 907 citiore
2520 863 2723 908 omne
2761 864 2978 931 genus
3002 842 3229 908 avium
3270 842 3529 909 corvini
3586 862 3790 930 gene-

2234 949 2347 1022 ris,
2394 949 2567 1012 sicut
2605 949 2798 1014 cocix
2824 957 2890 1015 et
2930 947 3294 1015 monedula
3334 958 3398 1015 et
3427 949 3623 1037 plura
3654 947 3788 1014 alia

2234 1074 2484 1139 genera
2513 1053 2744 1118 avium
2795 1051 2898 1119 his
2947 1054 3215 1120 similia.
3285 1057 3489 1122 Cocix
3553 1062 3782 1121 autem

2237 1157 2470 1225 Latine
2545 1167 2828 1226 vocatur
2903 1161 3071 1237 avis,
3134 1182 3283 1248 quae
3342 1165 3617 1249 majoris
3685 1170 3787 1228 est

2235 1266 2632 1354 quantitatis
2720 1289 2926 1357 quam
2986 1269 3247 1344 cornix,
3308 1276 3370 1334 et
3429 1265 3632 1334 babet
3688 1293 3795 1335 ro-

2234 1381 2447 1440 strum
2473 1397 2801 1465 magnum
2838 1385 2905 1441 et
2932 1374 3165 1442 album
3191 1376 3384 1464 juxta
3417 1385 3641 1463 caput,
3674 1374 3791 1442 ubi

2233 1490 2394 1548 sunt
2432 1506 2657 1562 nares,
2702 1492 2767 1550 et
2807 1506 2947 1550 non
3011 1484 3306 1552 comedit
3371 1505 3655 1551 carnes:
3724 1492 3793 1551 et

2234 1586 2410 1655 hanc
2447 1588 2725 1678 quidam
2755 1590 3126 1677 yraculum
3146 1599 3414 1656 vocant.
3449 1590 3525 1655 In
3547 1588 3781 1680 lingua

2229 1718 2393 1762 vero
2427 1697 2831 1764 Germanica
2868 1698 3068 1764 touch
3120 1706 3422 1764 vocatur.

2322 1819 2439 1887 Est
2469 1828 2698 1887 autem
2738 1821 3079 1912 quoddam
3102 1844 3317 1912 genus
3345 1822 3574 1888 avium
3605 1844 3789 1889 com·

2231 1928 2532 2015 positum
2562 1950 2646 1995 ex
2676 1927 2944 1996 duobus
2972 1929 3201 1996 avium
3232 1927 3617 2019 generibus,
3655 1930 3788 1995 sic-

2231 2041 2308 2098 ut
2371 2034 2669 2123 gugulus
2734 2035 2976 2123 major,
3037 2042 3105 2102 et
3159 2034 3452 2124 gugulus
3528 2034 3779 2102 minor.

2231 2139 2451 2227 Major
2489 2143 2672 2208 enim
2702 2141 2999 2233 gugulus
3028 2143 3458 2232 componitur
3514 2164 3598 2209 ex
3664 2165 3782 2209 as-

2231 2253 2377 2313 turi·
2410 2256 2475 2315 et
2529 2248 2903 2338 palumba:
2969 2250 3290 2340 quoniam
3351 2257 3644 2315 rostrum
3721 2257 3789 2316 at

2233 2376 2499 2444 ungues
2536 2363 2601 2422 et
2630 2355 2836 2445 pedes
2866 2355 3074 2424 habet
3099 2355 3354 2422 similes
3400 2356 3724 2446 palumbo
3769 2377 3784 2423 t

2231 2469 2297 2527 et
2325 2469 2649 2530 caeterum
2677 2485 2926 2555 corpus
2962 2463 3184 2531 simile
3217 2471 3318 2529 est
3353 2464 3592 2541 asturi,
3652 2463 3783 2529 nisi

2231 2568 2416 2656 quod
2444 2570 2737 2637 varietas
2774 2592 3154 2660 pennarum
3184 2569 3254 2635 in
3285 2567 3541 2658 gugulo
3580 2567 3785 2636 habet

2231 2674 2532 2742 maculas
2572 2677 2801 2774 nigras
2831 2677 3022 2767 quasi
3055 2676 3378 2743 rotundas
3413 2697 3428 2741 ε
3459 2677 3524 2742 in
3556 2685 3781 2744 asture

2230 2790 2459 2848 autem
2491 2792 2652 2850 sunt
2696 2782 2892 2851 lineae
2943 2785 3150 2873 nigrae
3196 2806 3210 2849 :
3281 2791 3349 2849 et
3416 2783 3480 2848 in
3548 2782 3781 2850 volatu

2231 2884 2434 2952 etiam
2480 2886 2897 2954 assimilatur
2950 2888 3209 2954 asturi:
3282 2894 3346 2952 et
3425 2885 3568 2954 lia-c
3632 2889 3779 2953 avis

2229 2989 2459 3060 Graece
2498 2993 2833 3062 kakakom
2862 2994 2946 3061 ab
2979 2994 3353 3060 imitatione
3392 2993 3578 3060 vocis
3653 3016 3782 3059 vo-

2228 3109 2441 3168 catur.
2531 3102 2922 3196 Aliquando
2995 3101 3175 3170 eniiu
3261 3101 3531 3192 quando
3612 3125 3785 3169 con-

2219 3207 2452 3297 jungit
2490 3231 2718 3288 voces,
2753 3208 3044 3300 triplicat
3084 3232 3222 3295 eaS,
3290 3218 3356 3275 et
3412 3219 3573 3276 tunc
3618 3231 3787 3299 pro-

2224 3312 2352 3380 t'ert
2393 3336 2645 3383 sonum
2674 3313 3052 3384 kakakom.
3096 3314 3329 3383 Latine
3386 3323 3613 3382 autem
3662 3336 3799 3382 vo-

2228 3431 2420 3490 catur
2442 3422 2758 3514 ququlus
2803 3422 3061 3511 major.
3107 3423 3329 3489 Minor
3366 3428 3592 3489 autem
3645 3445 3780 3510 gu-

2226 3532 2429 3622 gulas
2458 3531 2896 3621 componitur
2923 3553 3009 3599 ox
3035 3529 3353 3598 columba
3381 3539 3447 3596 et
3499 3550 3775 3619 sperva-

2225 3644 2355 3720 rio‚
2397 3638 2660 3709 habens
2707 3647 3002 3708 rostrum
3051 3648 3120 3707 et
3162 3636 3368 3728 pedes
3411 3635 3770 3714 columbe,

2228 3758 2299 3817 et
2332 3756 2578 3817 oaeter·
2629 3746 2934 3837 corporis
2979 3743 3286 3812 membra
3349 3751 3416 3811 et
3468 3741 3777 3811 volatum

2229 3855 2480 3921 similia
2530 3853 2929 3945 spen-verio:
3010 3860 3283 3943 propter
3337 3848 3523 3940 quod
3583 3849 3772 3940 vulgi

2231 3966 2465 4056 opinio
2491 3962 2833 4031 fabulatur
2876 3960 3206 4052 gugulum
3260 3961 3589 4047 majorem
3644 3957 3779 4026 ali-

2233 4070 2509 4161 quando
2535 4091 2683 4137 esse
2722 4076 3045 4141 asturem,
3079 4073 3146 4132 et
3182 4090 3219 4133 e
3247 4087 3576 4133 converso
3633 4064 3778 4131 lieri

2231 4177 2315 4243 «le
2345 4185 2571 4244 astura
2601 4173 2934 4265 gugulum
2967 4173 3321 4262 nudor-rm,
3354 4180 3422 4239 et
3449 4170 3780 4261 gugulum

2234 4285 2571 4351 minorem
2601 4280 2970 4372 aliquando
3016 4281 3161 4347 lieri
3217 4282 3663 4370 spei-verium,
3715 4287 3781 4346 et

2232 4417 2268 4459 e
2293 4411 2627 4460 converso
2671 4412 2687 4458 ε
2720 4388 2874 4457 licet
2903 4387 3035 4458 hoc
3060 4391 3147 4456 sit
3214 4387 3482 4456 falsum.
3561 4386 3785 4455 Causa

2232 4506 2463 4566 autem
2493 4496 2653 4565 dicti
2718 4503 2844 4572 est,
2905 4495 3084 4586 quod
3142 4494 3439 4585 gugulus
3494 4502 3782 4583 uterque

2233 4605 2611 4674 occultatur
2648 4603 2718 4671 in
2750 4604 2995 4694 hyeme
3032 4626 3047 4671 ε
3090 4610 3155 4670 et
3199 4604 3265 4668 in
3299 4600 3413 4668 illo
3481 4607 3783 4689 tempore

2234 4734 2388 4780 raro
2445 4712 2650 4779 etiam
2710 4716 2989 4800 apparet
3052 4716 3239 4775 astur
3296 4714 3363 4774 et
3418 4705 3605 4772 nisus
3664 4705 3781 4797 qui

2228 4820 2611 4910 spen-erius
2646 4824 2955 4900 vocatur,
2997 4822 3065 4882 et
3103 4815 3173 4882 in
3204 4820 3437 4881 aestaie
3502 4821 3786 4904 apparet

2233 4934 2520 5018 utraque
2550 4924 2720 4994 avis.
2758 4921 2897 4993 Sed
2922 4924 3239 5017 accipiter
3282 4922 3428 4990 avis
3481 4922 3626 4988 sive
3683 4943 3790 4988 as·

2226 5043 2340 5101 tur
2367 5041 2470 5101 est
2499 5054 2866 5101 curvorum
2906 5031 3266 5121 unguium,
3309 5028 3429 5097 sed
3486 5050 3623 5095 non
3656 5026 3789 5095 ka-

2227 5140 2515 5223 kakum‚
2548 5159 2771 5230 neque
2799 5140 2869 5205 in
2898 5140 3117 5229 rapite
3151 5136 3561 5205 assimilatur
3602 5135 3784 5203 acci-

2226 5246 2411 5338 pitri,
2453 5242 2569 5311 sed
2602 5244 2833 5334 potius
2887 5243 2955 5310 iu
3003 5241 3274 5310 duobus
3342 5237 3449 5307 his
3512 5236 3786 5306 videtur

2224 5352 2470 5422 similis
2497 5348 2831 5419 columbae
2867 5371 2884 5418 :
2924 5349 3042 5419 sed
3082 5351 3152 5418 in
3189 5347 3415 5419 colore
3451 5343 3782 5414 assimila·

2225 5470 2336 5529 tur
2374 5455 2704 5547 accipitri,
2747 5456 2875 5524 nisi
2908 5456 3092 5550 quod
3132 5457 3200 5523 in
3265 5452 3389 5522 alis
3444 5451 3781 5543 accipitris

2223 5570 2434 5660 nigrae
2473 5570 2634 5632 sunt
2669 5560 2894 5647 linere,
2944 5571 3013 5631 et
3082 5561 3147 5627 in
3213 5559 3563 5628 kakakom
3620 5564 3780 5625 sunt

2224 5671 2510 5745 macula·
2549 5670 2743 5761 quasi
2780 5671 3105 5740 rotundo.
3140 5669 3274 5737 sed
3324 5692 3447 5737 sua
3503 5664 3778 5755 magui-
