<?xml version="1.0" encoding="UTF-8"?>
<!DOCTYPE html PUBLIC "-//W3C//DTD XHTML 1.0 Transitional//EN"
    "http://www.w3.org/TR/xhtml1/DTD/xhtml1-transitional.dtd">
<html xmlns="http://www.w3.org/1999/xhtml" xml:lang="en" lang="en">
 <head>
  <title>
</title>
<meta http-equiv="Content-Type" content="text/html;charset=utf-8" />
  <meta name='ocr-system' content='tesseract 3.04.00' />
  <meta name='ocr-capabilities' content='ocr_page ocr_carea ocr_par ocr_line ocrx_word'/>
</head>
<body>
  <div class='ocr_page' id='page_1' title='image "balbertimagnira01chgoog_0448.png"; bbox 0 0 4919 6371; ppageno 0'>
   <div class='ocr_carea' id='block_1_1' title="bbox 606 323 734 392">
    <p class='ocr_par' dir='ltr' id='par_1_1' title="bbox 606 323 734 392">
     <span class='ocr_line' id='line_1_1' title="bbox 606 323 734 392; baseline 0.008 -1"><span class='ocrx_word' id='word_1_1' title='bbox 606 323 734 392; x_wconf 79' lang='lat'><strong>4¹8</strong></span> 
     </span>
    </p>
   </div>
   <div class='ocr_carea' id='block_1_2' title="bbox 584 489 2168 3453">
    <p class='ocr_par' dir='ltr' id='par_1_2' title="bbox 588 489 2168 3158">
     <span class='ocr_line' id='line_1_2' title="bbox 603 489 2165 579; baseline -0.003 -17"><span class='ocrx_word' id='word_1_2' title='bbox 603 493 1065 561; x_wconf 76' lang='lat' dir='ltr'>renovationis</span> <span class='ocrx_word' id='word_1_3' title='bbox 1130 489 1362 555; x_wconf 80' lang='lat' dir='ltr'><strong>avium</strong></span> <span class='ocrx_word' id='word_1_4' title='bbox 1423 490 1800 557; x_wconf 86' lang='lat' dir='ltr'><strong>secuudum</strong></span> <span class='ocrx_word' id='word_1_5' title='bbox 1878 512 2165 579; x_wconf 79' lang='lat' dir='ltr'><strong>pennas,</strong></span> 
     </span>
     <span class='ocr_line' id='line_1_3' title="bbox 605 598 2165 669; baseline -0.003 0"><span class='ocrx_word' id='word_1_6' title='bbox 605 609 705 669; x_wconf 86' lang='lat' dir='ltr'><strong>est</strong></span> <span class='ocrx_word' id='word_1_7' title='bbox 740 601 942 667; x_wconf 90' lang='lat' dir='ltr'><strong>etiam</strong></span> <span class='ocrx_word' id='word_1_8' title='bbox 984 620 1186 665; x_wconf 88' lang='lat' dir='ltr'><strong>causa</strong></span> <span class='ocrx_word' id='word_1_9' title='bbox 1226 598 1694 666; x_wconf 81' lang='lat' dir='ltr'>renovationis</span> <span class='ocrx_word' id='word_1_10' title='bbox 1761 598 2165 666; x_wconf 87' lang='lat' dir='ltr'><strong>animalium</strong></span> 
     </span>
     <span class='ocr_line' id='line_1_4' title="bbox 605 704 2168 796; baseline -0.001 -21"><span class='ocrx_word' id='word_1_11' title='bbox 605 704 975 775; x_wconf 88' lang='lat' dir='ltr'><strong>secundum</strong></span> <span class='ocrx_word' id='word_1_12' title='bbox 1007 705 1180 795; x_wconf 90' lang='lat' dir='ltr'><strong>pilos</strong></span> <span class='ocrx_word' id='word_1_13' title='bbox 1214 728 1230 773; x_wconf 93' lang='lat'>:</span> <span class='ocrx_word' id='word_1_14' title='bbox 1274 707 1454 796; x_wconf 90' lang='lat' dir='ltr'><strong>pilus</strong></span> <span class='ocrx_word' id='word_1_15' title='bbox 1484 709 1668 775; x_wconf 89' lang='lat' dir='ltr'><strong>enim</strong></span> <span class='ocrx_word' id='word_1_16' title='bbox 1709 731 1792 776; x_wconf 86' lang='lat' dir='ltr'><strong>ex</strong></span> <span class='ocrx_word' id='word_1_17' title='bbox 1822 708 2002 776; x_wconf 86' lang='lat' dir='ltr'><strong>sicco</strong></span> <span class='ocrx_word' id='word_1_18' title='bbox 2035 715 2168 773; x_wconf 85' lang='lat' dir='ltr'><strong>ter-</strong></span> 
     </span>
     <span class='ocr_line' id='line_1_5' title="bbox 607 812 2165 902; baseline 0 -24"><span class='ocrx_word' id='word_1_19' title='bbox 607 834 721 880; x_wconf 89' lang='lat' dir='ltr'><strong>reo</strong></span> <span class='ocrx_word' id='word_1_20' title='bbox 752 812 939 880; x_wconf 87' lang='lat' dir='ltr'><strong>fumo</strong></span> <span class='ocrx_word' id='word_1_21' title='bbox 970 822 1360 902; x_wconf 90' lang='lat' dir='ltr'><strong>generatur,</strong></span> <span class='ocrx_word' id='word_1_22' title='bbox 1396 823 1463 883; x_wconf 88' lang='lat' dir='ltr'><strong>et</strong></span> <span class='ocrx_word' id='word_1_23' title='bbox 1493 815 1871 882; x_wconf 78' lang='lat' dir='ltr'><strong>exsiccatur</strong></span> <span class='ocrx_word' id='word_1_24' title='bbox 1914 812 2003 881; x_wconf 92' lang='lat' dir='ltr'><strong>ad</strong></span> <span class='ocrx_word' id='word_1_25' title='bbox 2043 835 2165 879; x_wconf 84' lang='lat' dir='ltr'><strong>ae-</strong></span> 
     </span>
     <span class='ocr_line' id='line_1_6' title="bbox 606 920 2166 1009; baseline -0.001 -22"><span class='ocrx_word' id='word_1_26' title='bbox 606 943 775 998; x_wconf 89' lang='lat' dir='ltr'><strong>rem,</strong></span> <span class='ocrx_word' id='word_1_27' title='bbox 810 928 876 988; x_wconf 87' lang='lat' dir='ltr'><strong>et</strong></span> <span class='ocrx_word' id='word_1_28' title='bbox 913 931 1074 990; x_wconf 86' lang='lat' dir='ltr'><strong>tunc</strong></span> <span class='ocrx_word' id='word_1_29' title='bbox 1121 923 1491 991; x_wconf 88' lang='lat' dir='ltr'><strong>indurescit</strong></span> <span class='ocrx_word' id='word_1_30' title='bbox 1537 931 1605 990; x_wconf 91' lang='lat' dir='ltr'><strong>et</strong></span> <span class='ocrx_word' id='word_1_31' title='bbox 1669 920 2166 1009; x_wconf 80' lang='lat' dir='ltr'><strong>constringitur</strong></span> 
     </span>
     <span class='ocr_line' id='line_1_7' title="bbox 606 1027 2167 1116; baseline -0.002 -23"><span class='ocrx_word' id='word_1_32' title='bbox 606 1034 672 1093; x_wconf 92' lang='lat' dir='ltr'><strong>et</strong></span> <span class='ocrx_word' id='word_1_33' title='bbox 708 1029 1088 1096; x_wconf 86' lang='lat' dir='ltr'><strong>minoratur</strong></span> <span class='ocrx_word' id='word_1_34' title='bbox 1116 1030 1283 1097; x_wconf 89' lang='lat' dir='ltr'><strong>etin</strong></span> <span class='ocrx_word' id='word_1_35' title='bbox 1332 1029 1557 1096; x_wconf 80' lang='lat' dir='ltr'><strong>radice</strong></span> <span class='ocrx_word' id='word_1_36' title='bbox 1607 1050 1749 1094; x_wconf 91' lang='lat' dir='ltr'><strong>non</strong></span> <span class='ocrx_word' id='word_1_37' title='bbox 1794 1027 1975 1116; x_wconf 84' lang='lat' dir='ltr'><strong>capit</strong></span> <span class='ocrx_word' id='word_1_38' title='bbox 2025 1047 2167 1091; x_wconf 89' lang='lat' dir='ltr'><strong>nu-</strong></span> 
     </span>
     <span class='ocr_line' id='line_1_8' title="bbox 606 1130 2165 1220; baseline -0.004 -18"><span class='ocrx_word' id='word_1_39' title='bbox 606 1135 1026 1214; x_wconf 86' lang='lat' dir='ltr'><strong>trimentum,</strong></span> <span class='ocrx_word' id='word_1_40' title='bbox 1073 1142 1137 1202; x_wconf 88' lang='lat' dir='ltr'><strong>et</strong></span> <span class='ocrx_word' id='word_1_41' title='bbox 1169 1135 1320 1201; x_wconf 89' lang='lat' dir='ltr'><strong>ideo</strong></span> <span class='ocrx_word' id='word_1_42' title='bbox 1350 1133 1609 1209; x_wconf 76' lang='lat' dir='ltr'><strong>defluit,</strong></span> <span class='ocrx_word' id='word_1_43' title='bbox 1655 1139 1720 1200; x_wconf 86' lang='lat' dir='ltr'><strong>et</strong></span> <span class='ocrx_word' id='word_1_44' title='bbox 1749 1130 1862 1198; x_wconf 84' lang='lat' dir='ltr'><strong>alii</strong></span> <span class='ocrx_word' id='word_1_45' title='bbox 1895 1130 2012 1220; x_wconf 88' lang='lat' dir='ltr'><strong>pili</strong></span> <span class='ocrx_word' id='word_1_46' title='bbox 2074 1152 2165 1196; x_wconf 83' lang='lat' dir='ltr'><strong>ex</strong></span> 
     </span>
     <span class='ocr_line' id='line_1_9' title="bbox 605 1239 2164 1331; baseline -0.004 -20"><span class='ocrx_word' id='word_1_47' title='bbox 605 1244 810 1311; x_wconf 85' lang='lat' dir='ltr'><strong>simili</strong></span> <span class='ocrx_word' id='word_1_48' title='bbox 839 1243 1027 1310; x_wconf 79' lang='lat' dir='ltr'><strong>fumo</strong></span> <span class='ocrx_word' id='word_1_49' title='bbox 1068 1248 1508 1331; x_wconf 85' lang='lat' dir='ltr'><strong>generantur.</strong></span> <span class='ocrx_word' id='word_1_50' title='bbox 1567 1239 1750 1308; x_wconf 83' lang='lat' dir='ltr'><strong>Aves</strong></span> <span class='ocrx_word' id='word_1_51' title='bbox 1808 1240 2013 1306; x_wconf 89' lang='lat' dir='ltr'><strong>etiam</strong></span> <span class='ocrx_word' id='word_1_52' title='bbox 2094 1259 2164 1319; x_wconf 73' lang='lat' dir='ltr'><strong>et</strong></span> 
     </span>
     <span class='ocr_line' id='line_1_10' title="bbox 601 1344 2160 1441; baseline -0.004 -23"><span class='ocrx_word' id='word_1_53' title='bbox 601 1351 820 1441; x_wconf 88' lang='lat' dir='ltr'><strong>pilosa</strong></span> <span class='ocrx_word' id='word_1_54' title='bbox 848 1346 1102 1415; x_wconf 88' lang='lat' dir='ltr'><strong>habent</strong></span> <span class='ocrx_word' id='word_1_55' title='bbox 1132 1346 1446 1414; x_wconf 89' lang='lat' dir='ltr'><strong>accidens</strong></span> <span class='ocrx_word' id='word_1_56' title='bbox 1510 1369 1902 1423; x_wconf 90' lang='lat' dir='ltr'><strong>commune,</strong></span> <span class='ocrx_word' id='word_1_57' title='bbox 1977 1344 2160 1437; x_wconf 91' lang='lat' dir='ltr'><strong>quod</strong></span> 
     </span>
     <span class='ocr_line' id='line_1_11' title="bbox 600 1454 2159 1545; baseline -0.002 -20"><span class='ocrx_word' id='word_1_58' title='bbox 600 1465 702 1525; x_wconf 89' lang='lat' dir='ltr'><strong>est</strong></span> <span class='ocrx_word' id='word_1_59' title='bbox 740 1454 1163 1544; x_wconf 84' lang='lat' dir='ltr'><strong>horripilatio</strong></span> <span class='ocrx_word' id='word_1_60' title='bbox 1203 1475 1218 1521; x_wconf 90' lang='lat'>:</span> <span class='ocrx_word' id='word_1_61' title='bbox 1254 1461 1321 1522; x_wconf 89' lang='lat' dir='ltr'><strong>et</strong></span> <span class='ocrx_word' id='word_1_62' title='bbox 1345 1454 1479 1523; x_wconf 91' lang='lat' dir='ltr'><strong>hoc</strong></span> <span class='ocrx_word' id='word_1_63' title='bbox 1508 1454 1753 1545; x_wconf 84' lang='lat' dir='ltr'><strong>frigido</strong></span> <span class='ocrx_word' id='word_1_64' title='bbox 1795 1456 1869 1521; x_wconf 84' lang='lat' dir='ltr'><strong>fit</strong></span> <span class='ocrx_word' id='word_1_65' title='bbox 1906 1477 2159 1544; x_wconf 85' lang='lat' dir='ltr'><strong>vapore</strong></span> 
     </span>
     <span class='ocr_line' id='line_1_12' title="bbox 598 1560 2158 1653; baseline 0.001 -25"><span class='ocrx_word' id='word_1_66' title='bbox 598 1569 966 1653; x_wconf 87' lang='lat' dir='ltr'><strong>vaporante</strong></span> <span class='ocrx_word' id='word_1_67' title='bbox 995 1584 1117 1651; x_wconf 84' lang='lat' dir='ltr'><strong>per</strong></span> <span class='ocrx_word' id='word_1_68' title='bbox 1167 1584 1439 1653; x_wconf 79' lang='lat' dir='ltr'><strong>corpuS,</strong></span> <span class='ocrx_word' id='word_1_69' title='bbox 1503 1570 1570 1630; x_wconf 88' lang='lat' dir='ltr'><strong>et</strong></span> <span class='ocrx_word' id='word_1_70' title='bbox 1632 1560 2052 1652; x_wconf 87' lang='lat' dir='ltr'><strong>propellente</strong></span> <span class='ocrx_word' id='word_1_71' title='bbox 2118 1585 2158 1630; x_wconf 88' lang='lat' dir='ltr'><strong>a</strong></span> 
     </span>
     <span class='ocr_line' id='line_1_13' title="bbox 597 1667 2159 1759; baseline -0.001 -23"><span class='ocrx_word' id='word_1_72' title='bbox 597 1667 771 1759; x_wconf 86' lang='lat' dir='ltr'><strong>pelle</strong></span> <span class='ocrx_word' id='word_1_73' title='bbox 846 1669 1152 1759; x_wconf 88' lang='lat' dir='ltr'><strong>corporis</strong></span> <span class='ocrx_word' id='word_1_74' title='bbox 1210 1668 1508 1736; x_wconf 87' lang='lat' dir='ltr'><strong>calidum</strong></span> <span class='ocrx_word' id='word_1_75' title='bbox 1587 1668 1922 1747; x_wconf 86' lang='lat' dir='ltr'><strong>naturale,</strong></span> <span class='ocrx_word' id='word_1_76' title='bbox 1983 1669 2159 1738; x_wconf 82' lang='lat' dir='ltr'><strong>sicut</strong></span> 
     </span>
     <span class='ocr_line' id='line_1_14' title="bbox 596 1774 2157 1872; baseline 0.001 -29"><span class='ocrx_word' id='word_1_77' title='bbox 596 1775 997 1872; x_wconf 89' lang='lat' dir='ltr'><strong>propellitur</strong></span> <span class='ocrx_word' id='word_1_78' title='bbox 1026 1777 1093 1842; x_wconf 89' lang='lat' dir='ltr'><strong>in</strong></span> <span class='ocrx_word' id='word_1_79' title='bbox 1134 1774 1384 1865; x_wconf 77' lang='lat' dir='ltr'><strong>frigore</strong></span> <span class='ocrx_word' id='word_1_80' title='bbox 1425 1783 1492 1844; x_wconf 91' lang='lat' dir='ltr'><strong>et</strong></span> <span class='ocrx_word' id='word_1_81' title='bbox 1529 1777 1754 1866; x_wconf 91' lang='lat' dir='ltr'><strong>rigore</strong></span> <span class='ocrx_word' id='word_1_82' title='bbox 1785 1775 1989 1842; x_wconf 78' lang='lat' dir='ltr'><strong>febris</strong></span> <span class='ocrx_word' id='word_1_83' title='bbox 2026 1785 2157 1844; x_wconf 85' lang='lat' dir='ltr'><strong>ter-</strong></span> 
     </span>
     <span class='ocr_line' id='line_1_15' title="bbox 597 1880 2155 1971; baseline 0.001 -23"><span class='ocrx_word' id='word_1_84' title='bbox 597 1883 799 1949; x_wconf 59' lang='lat' dir='ltr'><strong>tianae</strong></span> <span class='ocrx_word' id='word_1_85' title='bbox 832 1880 941 1948; x_wconf 83' lang='lat' dir='ltr'><strong>vel</strong></span> <span class='ocrx_word' id='word_1_86' title='bbox 980 1888 1332 1971; x_wconf 81' lang='lat' dir='ltr'><strong>quartanae</strong></span> <span class='ocrx_word' id='word_1_87' title='bbox 1370 1904 1386 1948; x_wconf 74' lang='grc' dir='ltr'><strong><em>ε</em></strong></span> <span class='ocrx_word' id='word_1_88' title='bbox 1421 1889 1674 1950; x_wconf 89' lang='lat' dir='ltr'><strong>etcum</strong></span> <span class='ocrx_word' id='word_1_89' title='bbox 1715 1905 1754 1948; x_wconf 86' lang='lat' dir='ltr'><strong>a</strong></span> <span class='ocrx_word' id='word_1_90' title='bbox 1793 1882 1966 1971; x_wconf 91' lang='lat' dir='ltr'><strong>pelle</strong></span> <span class='ocrx_word' id='word_1_91' title='bbox 2033 1903 2155 1949; x_wconf 91' lang='lat' dir='ltr'><strong>ca-</strong></span> 
     </span>
     <span class='ocr_line' id='line_1_16' title="bbox 595 1986 2157 2078; baseline -0.002 -22"><span class='ocrx_word' id='word_1_92' title='bbox 595 1988 702 2057; x_wconf 92' lang='lat' dir='ltr'><strong>lor</strong></span> <span class='ocrx_word' id='word_1_93' title='bbox 729 1987 1054 2055; x_wconf 84' lang='lat' dir='ltr'><strong>naturalis</strong></span> <span class='ocrx_word' id='word_1_94' title='bbox 1086 1986 1496 2078; x_wconf 85' lang='lat' dir='ltr'><strong>propellitur</strong></span> <span class='ocrx_word' id='word_1_95' title='bbox 1523 2010 1645 2078; x_wconf 91' lang='lat' dir='ltr'><strong>per</strong></span> <span class='ocrx_word' id='word_1_96' title='bbox 1695 1988 1907 2078; x_wconf 77' lang='lat' dir='ltr'><strong>frigus</strong></span> <span class='ocrx_word' id='word_1_97' title='bbox 1936 2011 2157 2078; x_wconf 89' lang='lat' dir='ltr'><strong>vapo-</strong></span> 
     </span>
     <span class='ocr_line' id='line_1_17' title="bbox 598 2093 2156 2185; baseline 0 -24"><span class='ocrx_word' id='word_1_98' title='bbox 598 2096 713 2174; x_wconf 76' lang='lat' dir='ltr'><strong>riS,</strong></span> <span class='ocrx_word' id='word_1_99' title='bbox 755 2093 949 2185; x_wconf 88' lang='lat' dir='ltr'><strong>pellis</strong></span> <span class='ocrx_word' id='word_1_100' title='bbox 978 2093 1428 2170; x_wconf 86' lang='lat' dir='ltr'><strong>contrabitur,</strong></span> <span class='ocrx_word' id='word_1_101' title='bbox 1486 2099 1552 2161; x_wconf 90' lang='lat' dir='ltr'><strong>et</strong></span> <span class='ocrx_word' id='word_1_102' title='bbox 1608 2094 1756 2184; x_wconf 88' lang='lat' dir='ltr'><strong>pori</strong></span> <span class='ocrx_word' id='word_1_103' title='bbox 1813 2096 2156 2162; x_wconf 82' lang='lat' dir='ltr'><strong>constrin-</strong></span> 
     </span>
     <span class='ocr_line' id='line_1_18' title="bbox 595 2200 2155 2292; baseline 0 -25"><span class='ocrx_word' id='word_1_104' title='bbox 595 2209 871 2292; x_wconf 86' lang='lat' dir='ltr'><strong>guntur,</strong></span> <span class='ocrx_word' id='word_1_105' title='bbox 903 2209 968 2268; x_wconf 89' lang='lat' dir='ltr'><strong>et</strong></span> <span class='ocrx_word' id='word_1_106' title='bbox 1013 2222 1257 2290; x_wconf 63' lang='lat' dir='ltr'><strong>penna·v</strong></span> <span class='ocrx_word' id='word_1_107' title='bbox 1317 2209 1384 2268; x_wconf 86' lang='lat' dir='ltr'><strong>et</strong></span> <span class='ocrx_word' id='word_1_108' title='bbox 1449 2200 1569 2290; x_wconf 92' lang='lat' dir='ltr'><strong>pili</strong></span> <span class='ocrx_word' id='word_1_109' title='bbox 1648 2203 1763 2292; x_wconf 89' lang='lat' dir='ltr'><strong>qui</strong></span> <span class='ocrx_word' id='word_1_110' title='bbox 1835 2202 1903 2268; x_wconf 90' lang='lat' dir='ltr'><strong>in</strong></span> <span class='ocrx_word' id='word_1_111' title='bbox 1971 2203 2155 2291; x_wconf 89' lang='lat' dir='ltr'><strong>poris</strong></span> 
     </span>
     <span class='ocr_line' id='line_1_19' title="bbox 594 2308 2158 2401; baseline 0.001 -25"><span class='ocrx_word' id='word_1_112' title='bbox 594 2316 776 2396; x_wconf 86' lang='lat' dir='ltr'><strong>sunt,</strong></span> <span class='ocrx_word' id='word_1_113' title='bbox 810 2311 1166 2400; x_wconf 87' lang='lat' dir='ltr'><strong>eriguntur</strong></span> <span class='ocrx_word' id='word_1_114' title='bbox 1198 2332 1213 2374; x_wconf 89' lang='lat'>:</span> <span class='ocrx_word' id='word_1_115' title='bbox 1250 2317 1317 2377; x_wconf 88' lang='lat' dir='ltr'><strong>et</strong></span> <span class='ocrx_word' id='word_1_116' title='bbox 1345 2308 1478 2377; x_wconf 87' lang='lat' dir='ltr'><strong>boc</strong></span> <span class='ocrx_word' id='word_1_117' title='bbox 1521 2317 1807 2378; x_wconf 84' lang='lat' dir='ltr'><strong>vocatur</strong></span> <span class='ocrx_word' id='word_1_118' title='bbox 1860 2311 2158 2401; x_wconf 75' lang='lat' dir='ltr'><strong>horripi-</strong></span> 
     </span>
     <span class='ocr_line' id='line_1_20' title="bbox 596 2416 2157 2509; baseline 0.003 -27"><span class='ocrx_word' id='word_1_119' title='bbox 596 2416 766 2484; x_wconf 81' lang='lat' dir='ltr'><strong>latio</strong></span> <span class='ocrx_word' id='word_1_120' title='bbox 802 2440 816 2485; x_wconf 91' lang='lat'>:</span> <span class='ocrx_word' id='word_1_121' title='bbox 851 2426 919 2485; x_wconf 91' lang='lat' dir='ltr'><strong>et</strong></span> <span class='ocrx_word' id='word_1_122' title='bbox 949 2416 1100 2484; x_wconf 88' lang='lat' dir='ltr'><strong>ideo</strong></span> <span class='ocrx_word' id='word_1_123' title='bbox 1131 2417 1485 2485; x_wconf 87' lang='lat' dir='ltr'><strong>excutiunt</strong></span> <span class='ocrx_word' id='word_1_124' title='bbox 1513 2440 1584 2486; x_wconf 88' lang='lat' dir='ltr'><strong>se</strong></span> <span class='ocrx_word' id='word_1_125' title='bbox 1623 2441 1784 2487; x_wconf 83' lang='lat' dir='ltr'><strong>aves</strong></span> <span class='ocrx_word' id='word_1_126' title='bbox 1811 2426 1880 2487; x_wconf 88' lang='lat' dir='ltr'><strong>et</strong></span> <span class='ocrx_word' id='word_1_127' title='bbox 1937 2419 2157 2509; x_wconf 87' lang='lat' dir='ltr'><strong>pilosa</strong></span> 
     </span>
     <span class='ocr_line' id='line_1_21' title="bbox 591 2524 2153 2616; baseline 0.002 -23"><span class='ocrx_word' id='word_1_128' title='bbox 591 2534 751 2616; x_wconf 88' lang='lat' dir='ltr'><strong>post</strong></span> <span class='ocrx_word' id='word_1_129' title='bbox 804 2524 1422 2616; x_wconf 87' lang='lat' dir='ltr'><strong>horripilationem.</strong></span> <span class='ocrx_word' id='word_1_130' title='bbox 1499 2526 1858 2597; x_wconf 85' lang='lat' dir='ltr'><strong>Annulosa</strong></span> <span class='ocrx_word' id='word_1_131' title='bbox 1925 2536 2153 2597; x_wconf 88' lang='lat' dir='ltr'><strong>autem</strong></span> 
     </span>
     <span class='ocr_line' id='line_1_22' title="bbox 590 2636 2152 2727; baseline 0.002 -28"><span class='ocrx_word' id='word_1_132' title='bbox 590 2642 1029 2717; x_wconf 78' lang='lat' dir='ltr'><strong>renovantur,</strong></span> <span class='ocrx_word' id='word_1_133' title='bbox 1100 2636 1271 2702; x_wconf 81' lang='lat' dir='ltr'><strong>sicut</strong></span> <span class='ocrx_word' id='word_1_134' title='bbox 1373 2657 1629 2726; x_wconf 61' lang='lat' dir='ltr'><strong>vespm,</strong></span> <span class='ocrx_word' id='word_1_135' title='bbox 1704 2644 1771 2704; x_wconf 89' lang='lat' dir='ltr'><strong>et</strong></span> <span class='ocrx_word' id='word_1_136' title='bbox 1839 2636 2152 2727; x_wconf 66' lang='lat' dir='ltr'><strong>quaedam</strong></span> 
     </span>
     <span class='ocr_line' id='line_1_23' title="bbox 590 2743 2156 2836; baseline 0.001 -26"><span class='ocrx_word' id='word_1_137' title='bbox 590 2743 744 2822; x_wconf 88' lang='lat' dir='ltr'><strong>alia,</strong></span> <span class='ocrx_word' id='word_1_138' title='bbox 788 2766 909 2834; x_wconf 88' lang='lat' dir='ltr'><strong>per</strong></span> <span class='ocrx_word' id='word_1_139' title='bbox 935 2743 1349 2812; x_wconf 86' lang='lat' dir='ltr'><strong>annulorum</strong></span> <span class='ocrx_word' id='word_1_140' title='bbox 1385 2745 1870 2824; x_wconf 84' lang='lat' dir='ltr'><strong>mutationem,</strong></span> <span class='ocrx_word' id='word_1_141' title='bbox 1907 2747 2021 2836; x_wconf 94' lang='lat' dir='ltr'><strong>qui</strong></span> <span class='ocrx_word' id='word_1_142' title='bbox 2057 2746 2156 2813; x_wconf 90' lang='lat' dir='ltr'><strong>in·</strong></span> 
     </span>
     <span class='ocr_line' id='line_1_24' title="bbox 596 2848 2155 2942; baseline 0.001 -25"><span class='ocrx_word' id='word_1_143' title='bbox 596 2848 927 2917; x_wconf 88' lang='lat' dir='ltr'><strong>durantur</strong></span> <span class='ocrx_word' id='word_1_144' title='bbox 955 2858 1020 2919; x_wconf 91' lang='lat' dir='ltr'><strong>et</strong></span> <span class='ocrx_word' id='word_1_145' title='bbox 1051 2849 1413 2919; x_wconf 82' lang='lat' dir='ltr'><strong>solvuntur</strong></span> <span class='ocrx_word' id='word_1_146' title='bbox 1470 2874 1593 2942; x_wconf 91' lang='lat' dir='ltr'><strong>per</strong></span> <span class='ocrx_word' id='word_1_147' title='bbox 1656 2852 1968 2921; x_wconf 87' lang='lat' dir='ltr'><strong>eamdem</strong></span> <span class='ocrx_word' id='word_1_148' title='bbox 2000 2875 2155 2920; x_wconf 88' lang='lat' dir='ltr'><strong>cau·</strong></span> 
     </span>
     <span class='ocr_line' id='line_1_25' title="bbox 588 2957 2152 3050; baseline 0.003 -26"><span class='ocrx_word' id='word_1_149' title='bbox 588 2978 734 3025; x_wconf 89' lang='lat' dir='ltr'><strong>sam</strong></span> <span class='ocrx_word' id='word_1_150' title='bbox 813 2979 947 3048; x_wconf 88' lang='lat' dir='ltr'><strong>qua</strong></span> <span class='ocrx_word' id='word_1_151' title='bbox 1012 2957 1420 3026; x_wconf 89' lang='lat' dir='ltr'><strong>indurantur</strong></span> <span class='ocrx_word' id='word_1_152' title='bbox 1448 2965 1516 3027; x_wconf 86' lang='lat' dir='ltr'><strong>et</strong></span> <span class='ocrx_word' id='word_1_153' title='bbox 1544 2958 1905 3028; x_wconf 82' lang='lat' dir='ltr'><strong>solvuntur</strong></span> <span class='ocrx_word' id='word_1_154' title='bbox 1942 2959 2152 3050; x_wconf 81' lang='lat' dir='ltr'><strong>pelles</strong></span> 
     </span>
     <span class='ocr_line' id='line_1_26' title="bbox 598 3066 1399 3158; baseline 0 -24"><span class='ocrx_word' id='word_1_155' title='bbox 598 3074 667 3134; x_wconf 91' lang='lat' dir='ltr'><strong>et</strong></span> <span class='ocrx_word' id='word_1_156' title='bbox 695 3066 914 3157; x_wconf 87' lang='lat' dir='ltr'><strong>spolia</strong></span> <span class='ocrx_word' id='word_1_157' title='bbox 952 3069 1399 3158; x_wconf 85' lang='lat' dir='ltr'><strong>serpentium.</strong></span> 
     </span>
    </p>

    <p class='ocr_par' dir='ltr' id='par_1_3' title="bbox 584 3169 2153 3453">
     <span class='ocr_line' id='line_1_27' title="bbox 676 3169 2153 3265; baseline 0.001 -26"><span class='ocrx_word' id='word_1_158' title='bbox 676 3170 809 3240; x_wconf 82' lang='lat' dir='ltr'><strong>Per</strong></span> <span class='ocrx_word' id='word_1_159' title='bbox 843 3169 992 3240; x_wconf 80' lang='lat' dir='ltr'><strong>haec</strong></span> <span class='ocrx_word' id='word_1_160' title='bbox 1024 3172 1233 3263; x_wconf 86' lang='lat' dir='ltr'><strong>igitur</strong></span> <span class='ocrx_word' id='word_1_161' title='bbox 1304 3180 1372 3242; x_wconf 90' lang='lat' dir='ltr'><strong>et</strong></span> <span class='ocrx_word' id='word_1_162' title='bbox 1420 3170 1822 3262; x_wconf 85' lang='lat' dir='ltr'><strong>hujusmodi</strong></span> <span class='ocrx_word' id='word_1_163' title='bbox 1890 3196 2153 3265; x_wconf 81' lang='lat' dir='ltr'><strong>cogno-</strong></span> 
     </span>
     <span class='ocr_line' id='line_1_28' title="bbox 584 3277 2146 3369; baseline 0.001 -23"><span class='ocrx_word' id='word_1_164' title='bbox 584 3286 724 3346; x_wconf 87' lang='lat' dir='ltr'><strong>scet</strong></span> <span class='ocrx_word' id='word_1_165' title='bbox 753 3277 1000 3369; x_wconf 88' lang='lat' dir='ltr'><strong>aliquis</strong></span> <span class='ocrx_word' id='word_1_166' title='bbox 1039 3279 1456 3349; x_wconf 78' lang='lat' dir='ltr'><strong>sufficienter</strong></span> <span class='ocrx_word' id='word_1_167' title='bbox 1492 3279 1574 3347; x_wconf 87' lang='lat' dir='ltr'><strong>de</strong></span> <span class='ocrx_word' id='word_1_168' title='bbox 1617 3301 1820 3347; x_wconf 87' lang='lat' dir='ltr'><strong>causa</strong></span> <span class='ocrx_word' id='word_1_169' title='bbox 1850 3302 2146 3349; x_wconf 77' lang='lat' dir='ltr'><strong>renova-</strong></span> 
     </span>
     <span class='ocr_line' id='line_1_29' title="bbox 587 3385 1240 3453; baseline -0.002 0"><span class='ocrx_word' id='word_1_170' title='bbox 587 3385 792 3453; x_wconf 88' lang='lat' dir='ltr'><strong>tionis</strong></span> <span class='ocrx_word' id='word_1_171' title='bbox 814 3385 1240 3453; x_wconf 89' lang='lat' dir='ltr'><strong>animalium.</strong></span> 
     </span>
    </p>
   </div>
   <div class='ocr_carea' id='block_1_3' title="bbox 1595 314 2824 387">
    <p class='ocr_par' dir='ltr' id='par_1_4' title="bbox 1595 314 2824 387">
     <span class='ocr_line' id='line_1_30' title="bbox 1595 314 2824 387; baseline 0.002 -5"><span class='ocrx_word' id='word_1_172' title='bbox 1595 315 1680 383; x_wconf 91' lang='lat' dir='ltr'><strong>D.</strong></span> <span class='ocrx_word' id='word_1_173' title='bbox 1734 315 1932 383; x_wconf 62' lang='grc' dir='ltr'><strong>ΑΕΒ.</strong></span> <span class='ocrx_word' id='word_1_174' title='bbox 1987 315 2202 384; x_wconf 78' lang='lat' dir='ltr'><strong>MAG.</strong></span> <span class='ocrx_word' id='word_1_175' title='bbox 2265 315 2470 385; x_wconf 85' lang='lat' dir='ltr'><strong>ORD.</strong></span> <span class='ocrx_word' id='word_1_176' title='bbox 2528 314 2824 387; x_wconf 80' lang='lat' dir='ltr'><strong>PRAED.</strong></span> 
     </span>
    </p>
   </div>
   <div class='ocr_carea' id='block_1_4' title="bbox 2832 1348 3253 1419">
    <p class='ocr_par' dir='ltr' id='par_1_5' title="bbox 2832 1348 3253 1419">
     <span class='ocr_line' id='line_1_31' title="bbox 2832 1348 3253 1419; baseline 0 -4"><span class='ocrx_word' id='word_1_177' title='bbox 2832 1350 2937 1417; x_wconf 80' lang='lat' dir='ltr'><strong>CA</strong></span> <span class='ocrx_word' id='word_1_178' title='bbox 2956 1349 3122 1419; x_wconf 78' lang='lat' dir='ltr'><strong>l’U&#39;l&#39;</strong></span> <span class='ocrx_word' id='word_1_179' title='bbox 3170 1348 3253 1415; x_wconf 84' lang='lat' dir='ltr'><strong>V.</strong></span> 
     </span>
    </p>
   </div>
   <div class='ocr_carea' id='block_1_5' title="bbox 2261 2095 3817 2400">
    <p class='ocr_par' dir='ltr' id='par_1_6' title="bbox 2261 2095 3817 2400">
     <span class='ocr_line' id='line_1_32' title="bbox 2261 2095 3802 2186; baseline -0.002 -22"><span class='ocrx_word' id='word_1_180' title='bbox 2261 2100 2353 2164; x_wconf 75' lang='lat' dir='ltr'><strong>Ee</strong></span> <span class='ocrx_word' id='word_1_181' title='bbox 2381 2107 2478 2164; x_wconf 81' lang='lat' dir='ltr'><strong>est</strong></span> <span class='ocrx_word' id='word_1_182' title='bbox 2507 2118 2836 2163; x_wconf 74' lang='lat' dir='ltr'><strong>manassio</strong></span> <span class='ocrx_word' id='word_1_183' title='bbox 2876 2095 3234 2163; x_wconf 79' lang='lat' dir='ltr'><strong>declarans</strong></span> <span class='ocrx_word' id='word_1_184' title='bbox 3253 2118 3529 2163; x_wconf 82' lang='lat' dir='ltr'><strong>causam</strong></span> <span class='ocrx_word' id='word_1_185' title='bbox 3561 2101 3802 2186; x_wconf 77' lang='lat' dir='ltr'><strong>prose-</strong></span> 
     </span>
     <span class='ocr_line' id='line_1_33' title="bbox 2349 2200 3802 2293; baseline -0.001 -23"><span class='ocrx_word' id='word_1_186' title='bbox 2349 2213 2495 2271; x_wconf 78' lang='lat' dir='ltr'><strong>ctus</strong></span> <span class='ocrx_word' id='word_1_187' title='bbox 2533 2214 2599 2271; x_wconf 83' lang='lat' dir='ltr'><strong>el</strong></span> <span class='ocrx_word' id='word_1_188' title='bbox 2626 2204 2927 2293; x_wconf 79' lang='lat' dir='ltr'><strong>desectus</strong></span> <span class='ocrx_word' id='word_1_189' title='bbox 2965 2200 3381 2269; x_wconf 76' lang='lat' dir='ltr'><strong>animalium</strong></span> <span class='ocrx_word' id='word_1_190' title='bbox 3429 2202 3802 2270; x_wconf 77' lang='lat' dir='ltr'><strong>secundum</strong></span> 
     </span>
     <span class='ocr_line' id='line_1_34' title="bbox 2351 2301 3817 2400; baseline -0.003 -21"><span class='ocrx_word' id='word_1_191' title='bbox 2351 2313 2801 2379; x_wconf 76' lang='lat' dir='ltr'><strong>mutationem</strong></span> <span class='ocrx_word' id='word_1_192' title='bbox 2863 2311 3281 2379; x_wconf 76' lang='lat' dir='ltr'><strong>animalium</strong></span> <span class='ocrx_word' id='word_1_193' title='bbox 3335 2334 3486 2400; x_wconf 61' lang='grc' dir='ltr'><strong>(ματ</strong></span> <span class='ocrx_word' id='word_1_194' title='bbox 3560 2301 3817 2378; x_wconf 77' lang='grc' dir='ltr'><em>αοεὶάίῘ</em></span> 
     </span>
    </p>
   </div>
   <div class='ocr_carea' id='block_1_6' title="bbox 2346 2422 2657 2488">
    <p class='ocr_par' dir='ltr' id='par_1_7' title="bbox 2346 2422 2657 2488">
     <span class='ocr_line' id='line_1_35' title="bbox 2346 2422 2657 2488; baseline -0.006 1"><span class='ocrx_word' id='word_1_195' title='bbox 2346 2445 2430 2488; x_wconf 76' lang='lat' dir='ltr'><strong>ez·</strong></span> <span class='ocrx_word' id='word_1_196' title='bbox 2471 2422 2657 2488; x_wconf 58' lang='lat' dir='ltr'><strong>locris.</strong></span> 
     </span>
    </p>
   </div>
   <div class='ocr_carea' id='block_1_7' title="bbox 2208 3270 3798 5727">
    <p class='ocr_par' dir='ltr' id='par_1_8' title="bbox 2208 3270 3798 5727">
     <span class='ocr_line' id='line_1_36' title="bbox 2338 3270 3798 3349; baseline 0 -10"><span class='ocrx_word' id='word_1_197' title='bbox 2338 3273 2688 3341; x_wconf 77' lang='lat' dir='ltr'><strong>Profectus</strong></span> <span class='ocrx_word' id='word_1_198' title='bbox 2725 3280 2792 3340; x_wconf 86' lang='lat' dir='ltr'><strong>et</strong></span> <span class='ocrx_word' id='word_1_199' title='bbox 2831 3270 3128 3339; x_wconf 73' lang='lat' dir='ltr'><strong>defectus</strong></span> <span class='ocrx_word' id='word_1_200' title='bbox 3148 3272 3576 3349; x_wconf 84' lang='lat' dir='ltr'><strong>animalium,</strong></span> <span class='ocrx_word' id='word_1_201' title='bbox 3601 3272 3798 3340; x_wconf 85' lang='lat' dir='ltr'><strong>simi-</strong></span> 
     </span>
     <span class='ocr_line' id='line_1_37' title="bbox 2248 3379 3796 3449; baseline -0.001 -1"><span class='ocrx_word' id='word_1_202' title='bbox 2248 3381 2400 3449; x_wconf 83' lang='lat' dir='ltr'><strong>liter</strong></span> <span class='ocrx_word' id='word_1_203' title='bbox 2435 3388 2664 3448; x_wconf 84' lang='lat' dir='ltr'><strong>autem</strong></span> <span class='ocrx_word' id='word_1_204' title='bbox 2704 3389 2769 3447; x_wconf 90' lang='lat' dir='ltr'><strong>et</strong></span> <span class='ocrx_word' id='word_1_205' title='bbox 2801 3381 3184 3448; x_wconf 83' lang='lat' dir='ltr'><strong>immutatio</strong></span> <span class='ocrx_word' id='word_1_206' title='bbox 3240 3379 3551 3447; x_wconf 74' lang='lat' dir='ltr'><strong>humoris</strong></span> <span class='ocrx_word' id='word_1_207' title='bbox 3591 3388 3796 3448; x_wconf 85' lang='lat' dir='ltr'><strong>natu-</strong></span> 
     </span>
     <span class='ocr_line' id='line_1_38' title="bbox 2247 3487 3796 3568; baseline -0.003 -9"><span class='ocrx_word' id='word_1_208' title='bbox 2247 3491 2407 3559; x_wconf 84' lang='lat' dir='ltr'><strong>ralis</strong></span> <span class='ocrx_word' id='word_1_209' title='bbox 2453 3513 2693 3559; x_wconf 86' lang='lat' dir='ltr'><strong>eorum</strong></span> <span class='ocrx_word' id='word_1_210' title='bbox 2726 3495 2791 3558; x_wconf 88' lang='lat' dir='ltr'><strong>et</strong></span> <span class='ocrx_word' id='word_1_211' title='bbox 2811 3490 3101 3558; x_wconf 89' lang='lat' dir='ltr'><strong>aliorum</strong></span> <span class='ocrx_word' id='word_1_212' title='bbox 3134 3487 3527 3568; x_wconf 88' lang='lat' dir='ltr'><strong>humorum,</strong></span> <span class='ocrx_word' id='word_1_213' title='bbox 3561 3511 3796 3557; x_wconf 79' lang='lat' dir='ltr'><strong>causa·</strong></span> 
     </span>
     <span class='ocr_line' id='line_1_39' title="bbox 2243 3597 3789 3675; baseline 0 -11"><span class='ocrx_word' id='word_1_214' title='bbox 2243 3606 2354 3666; x_wconf 88' lang='lat' dir='ltr'><strong>tur</strong></span> <span class='ocrx_word' id='word_1_215' title='bbox 2382 3622 2467 3668; x_wconf 81' lang='lat' dir='ltr'><strong>ex</strong></span> <span class='ocrx_word' id='word_1_216' title='bbox 2505 3620 2658 3667; x_wconf 87' lang='lat' dir='ltr'><strong>aere</strong></span> <span class='ocrx_word' id='word_1_217' title='bbox 2688 3606 2752 3666; x_wconf 87' lang='lat' dir='ltr'><strong>et</strong></span> <span class='ocrx_word' id='word_1_218' title='bbox 2780 3597 2949 3666; x_wconf 80' lang='lat' dir='ltr'><strong>cibis</strong></span> <span class='ocrx_word' id='word_1_219' title='bbox 2976 3597 3397 3665; x_wconf 77' lang='lat' dir='ltr'><strong>diversarum</strong></span> <span class='ocrx_word' id='word_1_220' title='bbox 3432 3605 3789 3675; x_wconf 85' lang='lat' dir='ltr'><strong>terrarum,</strong></span> 
     </span>
     <span class='ocr_line' id='line_1_40' title="bbox 2244 3705 3794 3799; baseline -0.002 -25"><span class='ocrx_word' id='word_1_221' title='bbox 2244 3706 2327 3773; x_wconf 88' lang='lat' dir='ltr'><strong>ad</strong></span> <span class='ocrx_word' id='word_1_222' title='bbox 2367 3729 2537 3799; x_wconf 87' lang='lat' dir='ltr'><strong>quas</strong></span> <span class='ocrx_word' id='word_1_223' title='bbox 2556 3705 2921 3797; x_wconf 88' lang='lat' dir='ltr'><strong>aliquando</strong></span> <span class='ocrx_word' id='word_1_224' title='bbox 2960 3712 3355 3772; x_wconf 87' lang='lat' dir='ltr'><strong>mutantur:</strong></span> <span class='ocrx_word' id='word_1_225' title='bbox 3401 3713 3512 3771; x_wconf 89' lang='lat' dir='ltr'><strong>aut</strong></span> <span class='ocrx_word' id='word_1_226' title='bbox 3547 3726 3794 3772; x_wconf 78' lang='lat' dir='ltr'><strong>secuu-</strong></span> 
     </span>
     <span class='ocr_line' id='line_1_41' title="bbox 2240 3812 3792 3907; baseline 0 -28"><span class='ocrx_word' id='word_1_227' title='bbox 2240 3813 2405 3882; x_wconf 87' lang='lat' dir='ltr'><strong>dum</strong></span> <span class='ocrx_word' id='word_1_228' title='bbox 2448 3813 2632 3907; x_wconf 89' lang='lat' dir='ltr'><strong>quod</strong></span> <span class='ocrx_word' id='word_1_229' title='bbox 2653 3812 2906 3881; x_wconf 91' lang='lat' dir='ltr'><strong>humor</strong></span> <span class='ocrx_word' id='word_1_230' title='bbox 2932 3812 3185 3880; x_wconf 84' lang='lat' dir='ltr'><strong>diutius</strong></span> <span class='ocrx_word' id='word_1_231' title='bbox 3215 3819 3519 3880; x_wconf 86' lang='lat' dir='ltr'><strong>remanet</strong></span> <span class='ocrx_word' id='word_1_232' title='bbox 3544 3812 3613 3878; x_wconf 89' lang='lat' dir='ltr'><strong>in</strong></span> <span class='ocrx_word' id='word_1_233' title='bbox 3634 3833 3792 3880; x_wconf 89' lang='lat' dir='ltr'><strong>cor-</strong></span> 
     </span>
     <span class='ocr_line' id='line_1_42' title="bbox 2235 3918 3785 4013; baseline -0.003 -24"><span class='ocrx_word' id='word_1_234' title='bbox 2235 3921 2513 4013; x_wconf 86' lang='lat' dir='ltr'><strong>poribus</strong></span> <span class='ocrx_word' id='word_1_235' title='bbox 2542 3945 2806 4001; x_wconf 85' lang='lat' dir='ltr'><strong>eorum,</strong></span> <span class='ocrx_word' id='word_1_236' title='bbox 2847 3920 2955 3989; x_wconf 81' lang='lat' dir='ltr'><strong>vel</strong></span> <span class='ocrx_word' id='word_1_237' title='bbox 2998 3922 3224 3988; x_wconf 81' lang='lat' dir='ltr'><strong>miuus</strong></span> <span class='ocrx_word' id='word_1_238' title='bbox 3254 3920 3369 3987; x_wconf 91' lang='lat' dir='ltr'><strong>diu</strong></span> <span class='ocrx_word' id='word_1_239' title='bbox 3415 3942 3431 3987; x_wconf 73' lang='grc' dir='ltr'>ε</span> <span class='ocrx_word' id='word_1_240' title='bbox 3464 3941 3582 3986; x_wconf 88' lang='lat' dir='ltr'><strong>aer</strong></span> <span class='ocrx_word' id='word_1_241' title='bbox 3601 3918 3785 3987; x_wconf 91' lang='lat' dir='ltr'><strong>enim</strong></span> 
     </span>
     <span class='ocr_line' id='line_1_43' title="bbox 2236 4025 3780 4120; baseline -0.001 -26"><span class='ocrx_word' id='word_1_242' title='bbox 2236 4029 2557 4119; x_wconf 83' lang='lat' dir='ltr'><strong>pertingit</strong></span> <span class='ocrx_word' id='word_1_243' title='bbox 2615 4031 2681 4096; x_wconf 87' lang='lat' dir='ltr'><strong>in</strong></span> <span class='ocrx_word' id='word_1_244' title='bbox 2738 4028 3139 4120; x_wconf 89' lang='lat' dir='ltr'><strong>corporibus</strong></span> <span class='ocrx_word' id='word_1_245' title='bbox 3208 4025 3610 4094; x_wconf 87' lang='lat' dir='ltr'><strong>animalium</strong></span> <span class='ocrx_word' id='word_1_246' title='bbox 3656 4047 3780 4115; x_wconf 92' lang='lat' dir='ltr'><strong>per</strong></span> 
     </span>
     <span class='ocr_line' id='line_1_44' title="bbox 2231 4132 3779 4225; baseline -0.003 -22"><span class='ocrx_word' id='word_1_247' title='bbox 2231 4157 2438 4225; x_wconf 84' lang='lat' dir='ltr'><strong>poros</strong></span> <span class='ocrx_word' id='word_1_248' title='bbox 2497 4137 2565 4204; x_wconf 86' lang='lat' dir='ltr'><strong>in</strong></span> <span class='ocrx_word' id='word_1_249' title='bbox 2623 4134 2956 4203; x_wconf 86' lang='lat' dir='ltr'><strong>medullas</strong></span> <span class='ocrx_word' id='word_1_250' title='bbox 3029 4135 3313 4210; x_wconf 79' lang='lat' dir='ltr'><strong>ossium,</strong></span> <span class='ocrx_word' id='word_1_251' title='bbox 3364 4141 3431 4201; x_wconf 89' lang='lat' dir='ltr'><strong>et</strong></span> <span class='ocrx_word' id='word_1_252' title='bbox 3494 4132 3779 4212; x_wconf 81' lang='lat' dir='ltr'><strong>viscera,</strong></span> 
     </span>
     <span class='ocr_line' id='line_1_45' title="bbox 2233 4240 3786 4331; baseline -0.003 -19"><span class='ocrx_word' id='word_1_253' title='bbox 2233 4252 2300 4312; x_wconf 89' lang='lat' dir='ltr'><strong>et</strong></span> <span class='ocrx_word' id='word_1_254' title='bbox 2357 4240 2493 4312; x_wconf 91' lang='lat' dir='ltr'><strong>alia</strong></span> <span class='ocrx_word' id='word_1_255' title='bbox 2532 4242 2998 4312; x_wconf 85' lang='lat' dir='ltr'><strong>membrorum</strong></span> <span class='ocrx_word' id='word_1_256' title='bbox 3050 4242 3372 4310; x_wconf 75' lang='lat' dir='ltr'><strong>interiora</strong></span> <span class='ocrx_word' id='word_1_257' title='bbox 3406 4261 3422 4307; x_wconf 77' lang='lat' dir='ltr'><strong>t</strong></span> <span class='ocrx_word' id='word_1_258' title='bbox 3466 4248 3534 4309; x_wconf 89' lang='lat' dir='ltr'><strong>et</strong></span> <span class='ocrx_word' id='word_1_259' title='bbox 3560 4261 3786 4331; x_wconf 88' lang='lat' dir='ltr'><strong>quan-</strong></span> 
     </span>
     <span class='ocr_line' id='line_1_46' title="bbox 2230 4348 3783 4442; baseline -0.002 -25"><span class='ocrx_word' id='word_1_260' title='bbox 2230 4350 2318 4418; x_wconf 87' lang='lat' dir='ltr'><strong>do</strong></span> <span class='ocrx_word' id='word_1_261' title='bbox 2394 4350 2597 4420; x_wconf 75' lang='lat' dir='ltr'><strong>fuerit</strong></span> <span class='ocrx_word' id='word_1_262' title='bbox 2668 4352 2737 4419; x_wconf 86' lang='lat' dir='ltr'><strong>in</strong></span> <span class='ocrx_word' id='word_1_263' title='bbox 2820 4374 2975 4419; x_wconf 85' lang='lat' dir='ltr'><strong>aere</strong></span> <span class='ocrx_word' id='word_1_264' title='bbox 3051 4349 3305 4442; x_wconf 87' lang='lat' dir='ltr'><strong>aliquid</strong></span> <span class='ocrx_word' id='word_1_265' title='bbox 3370 4348 3783 4439; x_wconf 78' lang='lat' dir='ltr'><strong>vaporabilis</strong></span> 
     </span>
     <span class='ocr_line' id='line_1_47' title="bbox 2229 4455 3783 4550; baseline -0.001 -24"><span class='ocrx_word' id='word_1_266' title='bbox 2229 4456 2565 4544; x_wconf 77' lang='lat' dir='ltr'><strong>humoris,</strong></span> <span class='ocrx_word' id='word_1_267' title='bbox 2639 4459 2852 4527; x_wconf 82' lang='lat' dir='ltr'><strong>inficit</strong></span> <span class='ocrx_word' id='word_1_268' title='bbox 2916 4457 3000 4527; x_wconf 74' lang='lat' dir='ltr'><strong>acl</strong></span> <span class='ocrx_word' id='word_1_269' title='bbox 3069 4456 3446 4550; x_wconf 74' lang='lat' dir='ltr'><strong>profectum</strong></span> <span class='ocrx_word' id='word_1_270' title='bbox 3506 4455 3612 4523; x_wconf 78' lang='lat' dir='ltr'><strong>vel</strong></span> <span class='ocrx_word' id='word_1_271' title='bbox 3659 4456 3783 4524; x_wconf 86' lang='lat' dir='ltr'><strong>de-</strong></span> 
     </span>
     <span class='ocr_line' id='line_1_48' title="bbox 2229 4559 3780 4655; baseline -0.003 -25"><span class='ocrx_word' id='word_1_272' title='bbox 2229 4562 2479 4632; x_wconf 80' lang='lat' dir='ltr'><strong>fectum</strong></span> <span class='ocrx_word' id='word_1_273' title='bbox 2508 4586 2794 4655; x_wconf 91' lang='lat' dir='ltr'><strong>corpora</strong></span> <span class='ocrx_word' id='word_1_274' title='bbox 2824 4562 2977 4653; x_wconf 74' lang='lat' dir='ltr'><strong>plus</strong></span> <span class='ocrx_word' id='word_1_275' title='bbox 3008 4559 3374 4652; x_wconf 87' lang='lat' dir='ltr'><strong>aliquando</strong></span> <span class='ocrx_word' id='word_1_276' title='bbox 3432 4581 3641 4650; x_wconf 86' lang='lat' dir='ltr'><strong>quam</strong></span> <span class='ocrx_word' id='word_1_277' title='bbox 3678 4560 3780 4627; x_wconf 85' lang='lat' dir='ltr'><strong>ci-</strong></span> 
     </span>
     <span class='ocr_line' id='line_1_49' title="bbox 2226 4665 3775 4763; baseline -0.003 -25"><span class='ocrx_word' id='word_1_278' title='bbox 2226 4669 2356 4739; x_wconf 81' lang='lat' dir='ltr'><strong>bus</strong></span> <span class='ocrx_word' id='word_1_279' title='bbox 2384 4681 2447 4741; x_wconf 87' lang='lat' dir='ltr'><strong>et</strong></span> <span class='ocrx_word' id='word_1_280' title='bbox 2485 4681 2717 4763; x_wconf 77' lang='lat' dir='ltr'><strong>potus,</strong></span> <span class='ocrx_word' id='word_1_281' title='bbox 2760 4680 2834 4739; x_wconf 95' lang='lat' dir='ltr'><strong>ut</strong></span> <span class='ocrx_word' id='word_1_282' title='bbox 2872 4670 3033 4739; x_wconf 87' lang='lat' dir='ltr'><strong>dicit</strong></span> <span class='ocrx_word' id='word_1_283' title='bbox 3080 4668 3403 4747; x_wconf 85' lang='lat' dir='ltr'><strong>Galenus,</strong></span> <span class='ocrx_word' id='word_1_284' title='bbox 3448 4665 3775 4759; x_wconf 85' lang='lat' dir='ltr'><strong>quoniam</strong></span> 
     </span>
     <span class='ocr_line' id='line_1_50' title="bbox 2225 4772 3776 4872; baseline -0.005 -23"><span class='ocrx_word' id='word_1_285' title='bbox 2225 4778 2413 4849; x_wconf 85' lang='lat' dir='ltr'><strong>cibus</strong></span> <span class='ocrx_word' id='word_1_286' title='bbox 2434 4789 2500 4849; x_wconf 91' lang='lat' dir='ltr'><strong>et</strong></span> <span class='ocrx_word' id='word_1_287' title='bbox 2532 4788 2732 4872; x_wconf 82' lang='lat' dir='ltr'><strong>potus</strong></span> <span class='ocrx_word' id='word_1_288' title='bbox 2761 4801 2897 4847; x_wconf 86' lang='lat' dir='ltr'><strong>non</strong></span> <span class='ocrx_word' id='word_1_289' title='bbox 2935 4778 3178 4846; x_wconf 84' lang='lat' dir='ltr'><strong>transit</strong></span> <span class='ocrx_word' id='word_1_290' title='bbox 3195 4776 3306 4846; x_wconf 84' lang='lat' dir='ltr'><strong>vel</strong></span> <span class='ocrx_word' id='word_1_291' title='bbox 3331 4775 3655 4869; x_wconf 85' lang='lat' dir='ltr'><strong>pertingit</strong></span> <span class='ocrx_word' id='word_1_292' title='bbox 3688 4772 3776 4842; x_wconf 88' lang='lat' dir='ltr'><strong>ad</strong></span> 
     </span>
     <span class='ocr_line' id='line_1_51' title="bbox 2225 4883 3773 4977; baseline -0.003 -22"><span class='ocrx_word' id='word_1_293' title='bbox 2225 4889 2546 4956; x_wconf 89' lang='lat' dir='ltr'><strong>interiora</strong></span> <span class='ocrx_word' id='word_1_294' title='bbox 2582 4886 2895 4955; x_wconf 82' lang='lat' dir='ltr'><strong>vitalium</strong></span> <span class='ocrx_word' id='word_1_295' title='bbox 2925 4886 3258 4977; x_wconf 70' lang='lat' dir='ltr'><strong>corporin,</strong></span> <span class='ocrx_word' id='word_1_296' title='bbox 3299 4885 3429 4952; x_wconf 88' lang='lat' dir='ltr'><strong>nisi</strong></span> <span class='ocrx_word' id='word_1_297' title='bbox 3469 4883 3773 4972; x_wconf 76' lang='lat' dir='ltr'><strong>digestus</strong></span> 
     </span>
     <span class='ocr_line' id='line_1_52' title="bbox 2221 4988 3775 5081; baseline -0.005 -18"><span class='ocrx_word' id='word_1_298' title='bbox 2221 5004 2289 5064; x_wconf 84' lang='lat' dir='ltr'><strong>et</strong></span> <span class='ocrx_word' id='word_1_299' title='bbox 2317 4995 2641 5066; x_wconf 85' lang='lat' dir='ltr'><strong>alteratus</strong></span> <span class='ocrx_word' id='word_1_300' title='bbox 2673 5016 2690 5063; x_wconf 70' lang='grc' dir='ltr'>ι</span> <span class='ocrx_word' id='word_1_301' title='bbox 2733 5016 2853 5062; x_wconf 87' lang='lat' dir='ltr'><strong>aer</strong></span> <span class='ocrx_word' id='word_1_302' title='bbox 2879 4999 3109 5061; x_wconf 87' lang='lat' dir='ltr'><strong>autem</strong></span> <span class='ocrx_word' id='word_1_303' title='bbox 3139 5016 3294 5061; x_wconf 89' lang='lat' dir='ltr'><strong>cum</strong></span> <span class='ocrx_word' id='word_1_304' title='bbox 3320 5014 3403 5058; x_wconf 82' lang='lat' dir='ltr'><strong>eo</strong></span> <span class='ocrx_word' id='word_1_305' title='bbox 3432 4988 3617 5081; x_wconf 88' lang='lat' dir='ltr'><strong>quod</strong></span> <span class='ocrx_word' id='word_1_306' title='bbox 3645 5010 3775 5056; x_wconf 85' lang='lat' dir='ltr'><strong>va-</strong></span> 
     </span>
     <span class='ocr_line' id='line_1_53' title="bbox 2217 5093 3770 5193; baseline -0.006 -23"><span class='ocrx_word' id='word_1_307' title='bbox 2217 5100 2612 5193; x_wconf 83' lang='lat' dir='ltr'><strong>porabiliter</strong></span> <span class='ocrx_word' id='word_1_308' title='bbox 2659 5099 2951 5167; x_wconf 81' lang='lat' dir='ltr'><strong>mixtum</strong></span> <span class='ocrx_word' id='word_1_309' title='bbox 2997 5106 3097 5167; x_wconf 86' lang='lat' dir='ltr'><strong>est</strong></span> <span class='ocrx_word' id='word_1_310' title='bbox 3137 5100 3226 5178; x_wconf 86' lang='lat' dir='ltr'><strong>ei,</strong></span> <span class='ocrx_word' id='word_1_311' title='bbox 3302 5093 3628 5187; x_wconf 80' lang='lat' dir='ltr'><strong>pertingit</strong></span> <span class='ocrx_word' id='word_1_312' title='bbox 3684 5093 3770 5161; x_wconf 87' lang='lat' dir='ltr'><strong>ad</strong></span> 
     </span>
     <span class='ocr_line' id='line_1_54' title="bbox 2218 5199 3768 5300; baseline -0.006 -23"><span class='ocrx_word' id='word_1_313' title='bbox 2218 5211 2540 5279; x_wconf 86' lang='lat' dir='ltr'><strong>interiora</strong></span> <span class='ocrx_word' id='word_1_314' title='bbox 2578 5209 2979 5300; x_wconf 84' lang='lat' dir='ltr'><strong>indigestus,</strong></span> <span class='ocrx_word' id='word_1_315' title='bbox 3002 5214 3070 5275; x_wconf 89' lang='lat' dir='ltr'><strong>et</strong></span> <span class='ocrx_word' id='word_1_316' title='bbox 3100 5206 3339 5274; x_wconf 89' lang='lat' dir='ltr'><strong>alterat</strong></span> <span class='ocrx_word' id='word_1_317' title='bbox 3366 5199 3768 5295; x_wconf 84' lang='lat' dir='ltr'><strong>qualitatem</strong></span> 
     </span>
     <span class='ocr_line' id='line_1_55' title="bbox 2215 5310 3766 5405; baseline -0.007 -18"><span class='ocrx_word' id='word_1_318' title='bbox 2215 5315 2699 5387; x_wconf 87' lang='lat' dir='ltr'><strong>accidentalem</strong></span> <span class='ocrx_word' id='word_1_319' title='bbox 2744 5313 2855 5383; x_wconf 81' lang='lat' dir='ltr'><strong>vel</strong></span> <span class='ocrx_word' id='word_1_320' title='bbox 2912 5314 3282 5405; x_wconf 86' lang='lat' dir='ltr'><strong>propriam,</strong></span> <span class='ocrx_word' id='word_1_321' title='bbox 3335 5333 3490 5402; x_wconf 81' lang='lat' dir='ltr'><strong>qua·</strong></span> <span class='ocrx_word' id='word_1_322' title='bbox 3557 5316 3661 5377; x_wconf 88' lang='lat' dir='ltr'><strong>est</strong></span> <span class='ocrx_word' id='word_1_323' title='bbox 3699 5310 3766 5376; x_wconf 90' lang='lat' dir='ltr'><strong>in</strong></span> 
     </span>
     <span class='ocr_line' id='line_1_56' title="bbox 2214 5416 3769 5517; baseline -0.006 -24"><span class='ocrx_word' id='word_1_324' title='bbox 2214 5425 2361 5515; x_wconf 85' lang='lat' dir='ltr'><strong>ipso</strong></span> <span class='ocrx_word' id='word_1_325' title='bbox 2406 5448 2421 5492; x_wconf 77' lang='grc' dir='ltr'><strong><em>ε</em></strong></span> <span class='ocrx_word' id='word_1_326' title='bbox 2468 5432 2744 5517; x_wconf 87' lang='lat' dir='ltr'><strong>propter</strong></span> <span class='ocrx_word' id='word_1_327' title='bbox 2797 5421 2983 5513; x_wconf 91' lang='lat' dir='ltr'><strong>quod</strong></span> <span class='ocrx_word' id='word_1_328' title='bbox 3037 5421 3110 5489; x_wconf 88' lang='lat' dir='ltr'><strong>in</strong></span> <span class='ocrx_word' id='word_1_329' title='bbox 3156 5418 3565 5512; x_wconf 83' lang='lat' dir='ltr'><strong>quibusdam</strong></span> <span class='ocrx_word' id='word_1_330' title='bbox 3613 5416 3769 5485; x_wconf 90' lang='lat' dir='ltr'><strong>ani-</strong></span> 
     </span>
     <span class='ocr_line' id='line_1_57' title="bbox 2211 5527 3765 5608; baseline -0.005 -9"><span class='ocrx_word' id='word_1_331' title='bbox 2211 5531 2504 5601; x_wconf 87' lang='lat' dir='ltr'><strong>malibus</strong></span> <span class='ocrx_word' id='word_1_332' title='bbox 2533 5529 2788 5599; x_wconf 81' lang='lat' dir='ltr'><strong>calidus</strong></span> <span class='ocrx_word' id='word_1_333' title='bbox 2840 5536 2909 5597; x_wconf 90' lang='lat' dir='ltr'><strong>et</strong></span> <span class='ocrx_word' id='word_1_334' title='bbox 2963 5527 3287 5597; x_wconf 85' lang='lat' dir='ltr'><strong>humidus</strong></span> <span class='ocrx_word' id='word_1_335' title='bbox 3334 5550 3473 5608; x_wconf 89' lang='lat' dir='ltr'><strong>aer,</strong></span> <span class='ocrx_word' id='word_1_336' title='bbox 3535 5531 3765 5593; x_wconf 86' lang='lat' dir='ltr'><strong>movet</strong></span> 
     </span>
     <span class='ocr_line' id='line_1_58' title="bbox 2208 5631 3762 5727; baseline -0.003 -22"><span class='ocrx_word' id='word_1_337' title='bbox 2208 5638 2491 5709; x_wconf 80' lang='lat' dir='ltr'><strong>interius</strong></span> <span class='ocrx_word' id='word_1_338' title='bbox 2510 5635 2899 5715; x_wconf 83' lang='lat' dir='ltr'><strong>humidum,</strong></span> <span class='ocrx_word' id='word_1_339' title='bbox 2933 5642 3001 5704; x_wconf 86' lang='lat' dir='ltr'><strong>et</strong></span> <span class='ocrx_word' id='word_1_340' title='bbox 3020 5636 3179 5705; x_wconf 74' lang='lat' dir='ltr'><strong>facit</strong></span> <span class='ocrx_word' id='word_1_341' title='bbox 3195 5637 3421 5727; x_wconf 79' lang='lat' dir='ltr'><strong>ipsum</strong></span> <span class='ocrx_word' id='word_1_342' title='bbox 3443 5657 3528 5702; x_wconf 82' lang='lat' dir='ltr'><strong>ex</strong></span> <span class='ocrx_word' id='word_1_343' title='bbox 3550 5631 3762 5701; x_wconf 76' lang='lat' dir='ltr'><strong>fundo</strong></span> 
     </span>
    </p>
   </div>
  </div>
 </body>
</html>
