4919 6371
1965 371 2133 444 LlB.
2185 372 2282 440 111
2330 373 2449 440 DE
2497 372 3083 452 ANIMALIBUs,
3133 374 3445 445 TRACT.
3500 379 3525 444 l

1150 567 1294 612 rem
1325 542 1603 632 quidem
1634 543 1796 609 oriri
1828 566 1866 611 a
1904 545 2169 624 dextro,
2207 546 2547 612 minorem
2579 565 2706 608 au-

1147 660 1286 718 tem
1318 673 1473 740 quae
1514 659 1618 718 est
1655 651 1860 732 orthi,
1895 678 1935 720 a
1965 654 2212 731 medio,
2248 674 2374 718 nee
2404 652 2704 739 aliquam

1143 757 1415 825 videtur
1444 758 1666 828 dicere
1699 763 1860 828 oriri
1892 784 1930 829 a
1953 762 2250 827 sinistro.

1236 865 1484 937 Adhuc
1530 878 1759 937 autem
1782 869 2079 937 Galenus
2108 868 2278 935 adeo
2309 875 2532 936 certus
2562 874 2705 935 erat

1144 998 1355 1045 venas
1430 980 1596 1046 oriri
1670 978 1754 1045 ab
1813 976 2080 1066 hepate,
2114 1000 2348 1058 venae,
2393 980 2699 1068 inquam,

1145 1086 1411 1174 quietas
1478 1105 1619 1152 non
1681 1083 2055 1174 pulsatileS,
2120 1086 2304 1176 quod
2359 1088 2564 1154 etiam
2622 1087 2704 1155 de

1141 1190 1273 1260 hoc
1309 1191 1592 1260 vadium
1612 1192 1843 1280 posuit
1863 1193 2166 1281 pontifici
2196 1196 2470 1262 cuidam
2500 1217 2703 1284 quem

1141 1301 1489 1369 custodem
1529 1299 1782 1368 altaris
1842 1301 2120 1391 quidam
2185 1310 2458 1382 vocant,
2521 1303 2705 1394 quod

1142 1409 1408 1478 occulta
1469 1408 1603 1478 fide
1678 1408 1811 1478 hoe
1886 1411 2403 1489 demonstraret,
2449 1421 2515 1479 et
2581 1411 2707 1480 de-

1143 1517 1556 1584 monstravit
1618 1540 1742 1608 per
1808 1520 2249 1587 anatomiam.
2304 1519 2704 1587 Aristoteles

1142 1631 1375 1691 autem
1419 1623 1695 1692 ,nullam
1758 1626 2037 1692 omnino
2095 1648 2343 1694 venam
2401 1625 2564 1693 dicit
2619 1625 2702 1693 ab

1141 1728 1386 1821 hepate
1420 1732 1608 1810 oriri,
1653 1731 1772 1799 sed
1799 1754 2037 1800 omnes
2068 1755 2107 1798 a
2171 1733 2410 1801 dextro
2440 1712 2706 1801 <veniri-

1140 1837 1296 1904 eulo
1327 1837 1580 1907 cordis.

1228 1943 1558 2011 Rationes
1597 1944 1804 2011 etiam
1836 1946 2199 2011 anatomize
2232 1967 2370 2013 suae
2403 1944 2702 2013 Galenus

1141 2047 1478 2128 adhibuit,
1514 2072 1596 2117 eo
1627 2050 1813 2141 quod
1871 2057 2135 2119 constat
2175 2074 2390 2118 unum
2445 2053 2704 2142 prinei-

1140 2155 1399 2247 palium
1441 2157 1909 2226 membrorum
1942 2181 2085 2227 esse
2117 2157 2351 2250 hepar.
2391 2159 2544 2228 Non
2576 2183 2703 2228 au-

1138 2274 1278 2332 tem
1341 2264 1625 2334 haberet
1684 2266 2275 2358 principalitatem,
2328 2269 2454 2335 nisi
2525 2278 2702 2337 esset

1136 2371 1424 2458 alieuius
1454 2373 1553 2441 rei
1593 2374 2067 2442 universaliter
2095 2373 2179 2441 ad
2222 2398 2470 2465 eorpus
2496 2376 2701 2465 perti-

1131 2480 1356 2547 nentis
1386 2483 1846 2571 operativum,
1880 2483 2055 2549 sieut
2084 2490 2267 2572 patet
2288 2506 2408 2572 per
2432 2505 2512 2550 ea
2544 2505 2696 2574 quoe

1132 2586 1201 2652 in
1259 2588 1484 2676 primo
1538 2587 1712 2654 libro
1789 2588 1966 2656 dicta
2025 2597 2178 2656 sunt
2243 2612 2256 2655 :
2318 2597 2382 2655 et
2430 2598 2697 2658 constat

1134 2691 1318 2781 quod
1357 2714 1499 2759 non
1532 2701 1635 2759 est
1673 2694 2100 2783 operativum
2144 2695 2269 2761 nisi
2312 2696 2689 2785 sanguinis

1132 2798 1306 2866 Cum
1385 2800 1596 2891 igitur
1667 2824 1860 2868 venae
1929 2802 2059 2869 sint
2117 2802 2246 2867 via*
2315 2805 2692 2892 sanguiniS,

1127 2910 1398 2995 oportet
1438 2906 1623 2997 quod
1655 2909 1965 2974 oriantur
2002 2931 2040 2973 a
2087 2910 2442 2998 sanguinis
2510 2908 2694 2976 fonte

1129 3013 1245 3102 qui
1297 3020 1400 3080 est
1427 3012 1664 3106 hepar.

1218 3117 1464 3188 Adhuc
1502 3127 1735 3189 autem
1788 3120 2281 3190 incrementum
2339 3133 2404 3191 et
2443 3132 2690 3193 exten-

1125 3227 1228 3293 sio
1267 3248 1606 3296 venarum
1647 3231 1719 3297 in
1758 3230 2169 3297 animalibus
2198 3232 2412 3299 estad
2442 3234 2692 3300 simili-

1128 3335 1440 3404 tudinem
1471 3358 1713 3404 eorum
1760 3361 1911 3428 quae
1942 3362 2218 3407 succum
2262 3340 2572 3409 deferunt
2621 3345 2689 3409 iu

1124 3442 1379 3533 plantis
1411 3464 1430 3511 ε
1463 3446 1624 3536 quia
1653 3444 1855 3513 aliter
1883 3468 2021 3513 non
2065 3456 2241 3515 esset
2295 3470 2473 3515 unus
2520 3450 2689 3517 ordo

1127 3558 1413 3630 naturoe,
1466 3559 1546 3620 ut
1595 3550 1763 3619 dicit
1808 3550 2133 3622 Galenus.
2188 3553 2532 3647 Principia
2558 3579 2691 3624 au-

1123 3664 1262 3725 tem
1300 3679 1546 3726 eorum
1574 3681 1729 3751 quae
1758 3683 2039 3729 succum
2071 3672 2342 3753 portant
2376 3664 2445 3729 in
2486 3663 2689 3753 plau-

1123 3765 1235 3846 tis‚
1282 3774 1438 3833 sunt
1479 3788 1566 3834 ex
1596 3775 1786 3858 parte
1817 3768 1935 3836 illa
1963 3769 2032 3836 in
2071 3791 2205 3861 qua
2255 3792 2499 3838 succus
2545 3781 2690 3839 tra-

1125 3882 1275 3940 ctus
1313 3876 1540 3965 primo
1573 3876 1943 3955 invenitur,
1980 3876 2106 3945 hoc
2153 3887 2280 3958 est,
2326 3879 2393 3946 in
2451 3889 2629 3947 terra
2666 3904 2681 3948 :

1124 3990 1191 4049 et
1222 3981 1383 4071 quia
1411 3981 1729 4050 similiter
1755 3992 1855 4051 est
1891 3986 1959 4051 in
1997 3985 2214 4063 venis,
2267 3995 2561 4076 oportet,
2611 3995 2688 4054 ut

1125 4088 1285 4156 dicit
1346 4089 1674 4172 Galenus,
1733 4092 1919 4185 quod
1993 4094 2302 4162 oriantur
2354 4117 2439 4162 ex
2499 4104 2685 4186 parte

1127 4217 1280 4288 quoe
1318 4198 1544 4288 primo
1587 4200 1821 4291 incipit
1869 4224 2015 4268 esse
2066 4224 2343 4270 succosa
2373 4213 2685 4294 separato

1124 4299 1414 4372 humido
1446 4307 1938 4376 nutrimentali.
1976 4308 2089 4377 Est
2119 4317 2347 4377 autem
2380 4308 2508 4378 hoc
2559 4311 2687 4379 he-

1124 4431 1270 4500 par,
1300 4421 1370 4479 et
1419 4434 1561 4480 non
1608 4436 1750 4482 eor.
1794 4414 2126 4483 Oriuntur
2161 4416 2373 4507 igitur
2417 4416 2505 4484 ab
2555 4416 2685 4487 he-

1123 4524 1309 4606 pate.

1210 4624 1533 4719 Amplius
1575 4635 1806 4696 autem
1853 4630 2060 4722 stipes
2108 4650 2246 4698 non
2293 4639 2392 4698 est
2437 4632 2686 4723 princi·

1121 4733 1314 4822 pium
1355 4733 1688 4813 radicum,
1732 4736 1850 4803 sed
1886 4758 1924 4804 e
1953 4759 2282 4805 converso
2315 4738 2549 4806 multa-
2585 4764 2680 4807 ra·

1120 4839 1304 4909 dices
1359 4841 1664 4912 conectae
1722 4844 2106 4934 producunt
2159 4847 2485 4937 stipitem,
2565 4852 2680 4940 qui

1118 4954 1357 5038 postea
1385 4948 1459 5016 in
1488 4968 1719 5017 ramos
1747 4949 2164 5043 dispartitur.
2202 4951 2412 5020 Vena!
2450 4961 2680 5024 autem

1120 5054 1477 5147 capillares
1515 5058 1776 5127 radices
1820 5056 2074 5129 habent
2121 5082 2244 5151 per
2288 5068 2511 5130 totum
2555 5062 2683 5133 he-

1119 5187 1265 5255 par,
1306 5174 1376 5235 et
1403 5188 1548 5237 non
1575 5192 1698 5261 per
1725 5176 1949 5238 totum
1985 5192 2104 5238 eor
2135 5192 2151 5238 :
2187 5178 2252 5238 et
2282 5171 2352 5239 in
2380 5172 2683 5262 gibbosi-

1114 5281 1256 5343 tate
1296 5272 1565 5368 hepatis
1593 5278 1730 5347 illae
1759 5277 2177 5370 colliguntur
2201 5279 2273 5348 in
2311 5301 2522 5349 unam
2550 5304 2680 5351 ve-

1123 5403 1285 5451 nam
1337 5405 1494 5476 quae
1540 5398 1840 5458 ventrem
1875 5386 2132 5456 liabens
2174 5397 2486 5470 vocatur,
2524 5414 2682 5484 quae

1118 5509 1246 5559 nee
1280 5491 1301 5557 i
1354 5500 1592 5583 pstota
1630 5495 1719 5565 ad
1746 5518 1871 5567 eor
1914 5493 2326 5576 extenditur,
2374 5498 2499 5567 sed
2543 5521 2683 5570 una

1115 5616 1274 5688 pars
1313 5599 1489 5690 ejus.
1541 5601 1717 5673 Cum
1757 5605 1966 5697 igitur
2007 5612 2375 5695 antequam
2425 5607 2511 5675 ad
2558 5630 2679 5677 eor

1124 5707 1359 5777 veniat
1420 5707 1791 5792 dividatur,
1861 5717 2128 5805 oportet
2200 5713 2388 5803 quod
2453 5737 2684 5786 ramus

4244 384 4369 450 211

2815 545 2957 632 ejus
2997 545 3082 610 sit
3133 546 3200 611 in
3249 546 3476 624 eorde,
3520 557 3585 615 et
3626 551 3833 639 stipes
3883 574 4088 641 super
4135 551 4370 642 hepar,

2813 659 2877 716 et
2909 650 3164 718 radices
3194 653 3262 717 in
3304 652 3567 742 hepatis
3599 657 3940 744 profundo
3983 683 3998 726 z
4035 662 4374 750 originem

2810 758 3015 848 igitur
3044 760 3228 827 ducit
3258 761 3341 827 al)
3375 760 3643 852 hepate,
3681 774 3745 830 et
3779 787 3918 831 non
3959 790 3999 832 a
4052 768 4253 834 eorde
4306 769 4373 834 in

2811 890 2946 956 quo
3014 892 3154 935 non
3204 870 3566 949 radicatur,
3630 870 3789 939 licet
3836 873 4140 941 ramulos
4172 897 4376 964 quos-

2810 974 2966 1042 dam
2997 975 3245 1044 habeat
3287 979 3354 1043 in
3405 979 3551 1046 basi
3603 980 3829 1048 cordis
3881 982 3949 1047 in
3981 990 4172 1071 parte
4203 982 4377 1048 dex-

2809 1090 2937 1161 tra,
2986 1092 3051 1151 et
3099 1086 3359 1152 radices
3398 1085 3681 1154 haberet
3736 1089 3806 1154 in
3857 1087 4102 1178 hepate
4153 1113 4167 1158 :
4213 1098 4375 1157 tune

2808 1192 3216 1280 principium
3258 1195 3325 1259 in
3374 1194 3632 1283 planta,
3688 1218 3831 1262 non
3882 1204 4062 1263 esset
4118 1198 4376 1287 prinei-

2807 1301 2998 1388 pium
3029 1300 3097 1364 in
3134 1301 3327 1367 venis
3372 1324 3386 1368 :
3432 1304 3627 1371 etsie
3659 1313 3850 1370 ortus
3880 1327 4215 1373 venarum
4259 1329 4374 1374 es-

2809 1416 2905 1473 set
2937 1411 3316 1477 contrarius
3348 1411 3525 1477 ortui
3568 1410 3959 1500 plantarum
4005 1436 4020 1479 :
4076 1422 4141 1481 et
4198 1421 4375 1482 esset

2808 1514 3058 1581 animal
3101 1518 3168 1583 in
3213 1519 3353 1583 suis
3401 1519 3532 1586 viis
3573 1521 3978 1588 nutrimenti
4019 1521 4223 1588 arbor
4264 1522 4375 1588 in·-

2806 1645 3024 1700 versa,
3077 1632 3152 1690 ut
3200 1624 3359 1692 dicit
3398 1625 3722 1704 GalenuS‚
3770 1650 3925 1718 quae
3984 1652 4266 1696 succum
4333 1651 4374 1695 a

2810 1732 3013 1797 ramis
3042 1730 3317 1800 duceret
3349 1736 3416 1801 in
3447 1735 3775 1825 stipitem,
3830 1744 3899 1803 et
3954 1758 3993 1804 a
4034 1739 4261 1827 stipite
4303 1739 4372 1804 in

2807 1838 3089 1907 radices».

2889 1946 3132 2016 Adhuc
3161 1958 3385 2018 autem
3417 1953 3922 2041 superfluitates
3954 1974 4195 2020 omnes
4227 1952 4375 2043 qui·

2806 2056 2933 2124 bus
2962 2059 3239 2149 sanguis
3261 2060 3696 2139 emundatur,
3733 2069 3890 2127 sunt
3923 2062 4101 2129 circa
4133 2060 4370 2151 hepar,

2806 2173 2871 2233 et
2928 2184 3066 2233 non
3117 2167 3293 2234 circa
3349 2191 3468 2236 cor
3530 2188 3545 2234 τ
3610 2167 3705 2235 ibi
3764 2170 3951 2236 enim
4018 2176 4372 2260 separatur

2804 2295 3062 2364 aquosa
3108 2276 3540 2367 superfluitas
3597 2299 3721 2368 per
3767 2277 4217 2367 emulgentes,
4273 2278 4366 2344 ibi

2802 2383 3005 2451 etiam
3036 2407 3277 2475 spuma
3317 2387 3584 2452 intensa
3612 2396 3969 2476 separatur
4018 2385 4102 2453 ad
4141 2385 4364 2453 eistim

2803 2492 3000 2572 tellis,
3046 2493 3134 2560 ibi
3194 2494 3396 2561 etiam
3456 2517 3696 2584 grossa
3757 2493 4206 2561 terrestreitas
4281 2494 4368 2562 ad

2801 2603 3102 2694 splenem
3150 2603 3553 2670 derivatur:
3618 2613 3683 2670 et
3753 2602 4020 2670 nullum
4078 2603 4364 2670 istorum

2802 2712 3377 2800 receptaculorum
3437 2713 3651 2778 estin
3702 2712 3989 2778 circuitu
4059 2710 4282 2778 cordis
4343 2732 4359 2776 ε

2800 2820 3003 2909 igitur
3031 2821 3310 2909 sanguis
3336 2829 3706 2909 generatur
3733 2822 3800 2885 in
3827 2818 4101 2909 hepate,
4128 2828 4193 2886 et
4227 2842 4364 2885 non

2798 2929 2866 2994 in
2895 2928 3119 2995 corde.
3158 2928 3330 2995 Cum
3369 2937 3599 2995 autem
3640 2951 3835 2995 vena·
3889 2950 4030 2994 non
4062 2927 4195 2994 sint
4231 2927 4360 2993 nisi

2795 3037 2924 3102 viae
2956 3037 3331 3128 sanguinis,
3367 3036 3641 3104 videtur
3669 3059 3755 3102 ex
3788 3034 3919 3102 hoc
3954 3034 4364 3102 inevitabili·

2797 3153 2896 3212 ter
2923 3144 3260 3224 concludi,
3294 3144 3479 3236 quod
3508 3167 3701 3212 venae
3743 3144 4064 3211 oriuntur
4096 3166 4178 3210 ex
4230 3141 4360 3211 he-

2793 3262 2970 3345 pate,
3004 3260 3067 3320 et
3099 3275 3236 3321 non
3267 3276 3351 3320 ex
3380 3254 3605 3321 corde.

2882 3361 3092 3452 Cujus
3129 3362 3402 3452 signum
3429 3370 3558 3441 est,
3601 3358 3789 3453 quod
3827 3360 4034 3427 etiam
4075 3360 4355 3452 sanguis

2790 3465 3090 3539 colorem
3142 3468 3346 3537 habet
3394 3465 3687 3560 hepatis,
3731 3475 3798 3537 et
3846 3489 3989 3535 non
4045 3465 4273 3536 cordis
4332 3488 4349 3534 ε

2791 3599 2929 3646 non
2958 3578 3142 3647 enim
3171 3597 3292 3646 eor
3318 3576 3431 3646 dat
3461 3574 3789 3645 ruborem
3819 3574 4144 3667 sanguini
4195 3595 4355 3644 eum

2790 3685 3086 3755 abundet
3129 3686 3369 3778 spiritu
3429 3688 3665 3777 quiex
3723 3683 3975 3775 majori
4023 3692 4216 3776 parte
4246 3706 4359 3753 ae·

2788 3817 2943 3863 reus
2972 3800 3096 3879 est,
3143 3793 3265 3862 sed
3311 3791 3542 3885 potius
3578 3790 3963 3862 claritatem
4009 3812 4026 3859 z
4076 3798 4357 3883 propter

2787 3902 2970 3992 quod
2999 3904 3204 3969 etiam
3234 3900 3515 3993 sanguis
3547 3902 3614 3967 in
3646 3901 3895 3968 arteria
3926 3919 4211 3968 currens
4246 3907 4352 3966 eat

2787 4009 3224 4086 clarissimus,
3257 4008 3373 4077 sed
3403 4009 3634 4099 potius
3663 4030 3786 4076 cor
3814 4004 4012 4074 rubet
4050 4027 4135 4073 ex
4184 4026 4353 4073 aan-

2787 4117 2991 4210 guine
3046 4112 3537 4193 nutrimentali,
3599 4121 3666 4183 et
3704 4112 3922 4206 hepar
3967 4112 4197 4203 potius
4234 4111 4350 4181 dat

2787 4225 2914 4294 sibi
2945 4225 3242 4294 colorem
3275 4223 3562 4292 rubeum
3590 4246 3606 4291 z
3642 4245 3808 4314 ergo
3838 4221 4116 4291 videtur
4143 4221 4347 4291 etiam

2787 4334 3190 4427 principiare
3220 4334 3470 4424 ipsum,
3512 4340 3578 4400 et
3608 4331 3755 4399 vias
3793 4353 3955 4398 suas
3993 4350 4146 4421 quae
4190 4340 4353 4399 sunt

2786 4464 3004 4510 venam

2875 4548 3038 4619 lla-e
3075 4550 3284 4642 igitur
3309 4559 3377 4617 et
3412 4547 3666 4617 similia
3711 4549 3867 4616 visu
3908 4546 4236 4627 ostendit,
4278 4555 4347 4616 et

2784 4678 2905 4748 per
2942 4654 3276 4728 rationem
3306 4654 3543 4748 objicit
3572 4653 3902 4725 Galenus.
