4919 6371
1922 406 2090 474 LIB.
2142 408 2273 476 VII
2322 409 2438 475 DE
2488 407 3075 489 ANIMALIBUS,
3126 409 3439 478 TRACT.
3499 406 3594 475 111

1115 584 1360 643 testam
1393 575 1626 642 aliam.
1674 573 1756 640 Et
1788 574 2009 663 primo
2060 578 2331 667 quidem
2381 588 2476 644 est
2511 579 2680 644 sieut

1119 684 1546 757 membrana,
1593 703 1745 770 quae
1778 702 1934 747 cum
1973 705 2093 771 per
2132 708 2200 751 se
2234 693 2332 752 est
2371 685 2685 751 termina-

1119 797 1214 866 ta,
1251 788 1421 855 nihil
1454 788 1536 855 de
1570 786 1854 855 humido
1888 790 2161 858 mittens
2183 801 2368 859 testae
2400 793 2685 858 exterio-

1123 898 1203 976 ri,
1237 894 1571 984 paulatim
1604 896 1941 964 exsiccata
2001 897 2287 965 solvitur
2335 906 2507 964 testa
2567 919 2687 962 ex-

1121 1006 1356 1082 terior,
1389 1012 1454 1070 et
1483 1004 1666 1072 cadit
1698 1027 1713 1071 ε
1752 1014 1818 1073 et
1856 1008 1953 1076 sic
1991 1016 2357 1076 renovatur
2404 1004 2679 1073 animal.

1126 1109 1263 1176 Sed
1294 1111 1456 1200 quia
1496 1110 1566 1176 in
1631 1111 1923 1201 pedihus
1979 1113 2224 1181 horum
2282 1110 2684 1178 animalium

1125 1238 1276 1306 quae
1337 1217 1543 1307 pedes
1596 1218 1877 1298 habent,
1938 1227 2096 1286 sunt
2143 1217 2333 1284 multi
2394 1215 2552 1282 nodi
2619 1215 2685 1281 in

1123 1323 1354 1402 dorSO,
1391 1327 1462 1392 in
1495 1324 1629 1392 illis
1660 1348 1802 1392 non
1835 1326 2014 1393 cadit
2042 1332 2210 1391 testa
2244 1346 2283 1390 a
2339 1321 2539 1389 dorso
2597 1324 2687 1388 si-

1124 1432 1268 1500 mul
1302 1442 1470 1510 tota,
1513 1432 1634 1500 sed
1666 1455 1706 1497 a
1734 1431 2024 1521 pedibus
2058 1454 2178 1519 per
2243 1439 2465 1520 partes
2521 1429 2688 1517 jun-

1125 1548 1497 1606 cturarum.
1535 1537 1700 1604 Haec
1742 1546 1972 1604 tamen
2033 1537 2352 1604 animalia
2425 1545 2689 1603 mutant

1125 1644 1497 1734 aliquando
1540 1665 1804 1733 organa
1837 1645 2166 1733 corporis,
2202 1645 2372 1712 sicut
2419 1666 2683 1718 manns,

1126 1759 1193 1820 et
1221 1750 1428 1840 pedes
1480 1772 1639 1817 cum
1691 1759 1881 1818 testae
1934 1752 2365 1818 mutatione:
2429 1758 2493 1817 et
2558 1750 2687 1816 lioc

1117 1882 1258 1925 non
1291 1859 1661 1949 contingit,
1708 1860 1839 1925 nisi
1872 1882 1956 1926 ex
2013 1859 2452 1926 similitudine
2532 1880 2689 1924 cor-

1096 1967 1308 2056 poris
1358 1988 1599 2033 eorum
1639 1989 1654 2033 ε
1727 1987 1812 2033 ex
1889 1966 2017 2034 hae
2074 1968 2256 2033 enim
2332 1965 2685 2054 contingit,

1129 2070 1318 2162 quod
1347 2072 1565 2138 virtus
1618 2071 1933 2138 radicalis
1999 2070 2258 2138 humidi
2318 2080 2381 2138 et
2435 2070 2695 2137 radica-

1137 2180 1307 2246 lium
1349 2177 1823 2245 membrorum
1864 2186 2022 2246 sunt
2052 2180 2332 2247 onmino
2365 2178 2531 2244 sicut
2575 2177 2695 2243 lm-

1138 2287 1405 2354 midum
1456 2286 1940 2355 nutrimentale
2003 2297 2067 2354 et
2134 2289 2411 2355 materia
2477 2286 2695 2354 carnis

1143 2416 1383 2460 eorum
1420 2415 1435 2459 :
1498 2401 1778 2483 propter
1842 2392 2025 2482 quod
2073 2402 2414 2483 amputata
2478 2416 2698 2460 recre-

1141 2508 1342 2567 scunt
1364 2522 1651 2591 organa,
1676 2501 1854 2568 sicut
1873 2501 2246 2592 ingreditur
2275 2509 2336 2568 et
2360 2501 2697 2591 egreditur

1137 2629 1295 2674 earo
1330 2605 1704 2674 materialis
1736 2609 1805 2675 in
1836 2631 1918 2676 eu
1949 2610 2131 2699 quod
2170 2618 2454 2699 augetur
2497 2617 2556 2675 et
2590 2607 2697 2673 di-

1133 2713 1492 2781 minuitur.

1227 2819 1362 2888 Sed
1404 2829 1674 2911 oportet
1715 2823 1912 2901 scire,
1948 2824 2132 2913 qnod
2172 2822 2327 2890 talia
2370 2823 2685 2891 animalia

1140 2950 1293 2993 raro
1329 2936 1749 2995 renovantur
1779 2931 1848 2995 in
1888 2938 2169 2997 ventre:
2225 2953 2304 2996 eo
2371 2929 2552 3019 quod
2627 2929 2693 2993 in

1139 3043 1345 3124 ponte
1377 3058 1583 3124 super
1614 3059 1819 3127 quem
1871 3036 2102 3104 mollia
2176 3061 2410 3102 eornm
2482 3037 2693 3125 posita

1142 3152 1325 3222 sunt,
1364 3142 1745 3234 infiguntur
1776 3168 2028 3236 organa
2089 3155 2313 3213 motus
2396 3167 2631 3212 eorum
2676 3165 2689 3208 :

1144 3259 1211 3318 et
1241 3260 1341 3317 est
1383 3253 1488 3319 vis
1529 3253 1789 3320 motiva
1820 3275 2056 3321 eorum
2089 3277 2124 3320 a
2158 3252 2464 3321 membro
2516 3252 2697 3343 qnod

1143 3365 1245 3425 est
1284 3359 1354 3425 in
1386 3360 1484 3425 eis
1514 3358 1666 3426 loco
1697 3358 1955 3427 cerebri
1985 3360 2394 3429 descendens
2426 3360 2492 3426 in
2533 3383 2700 3450 pon·

1144 3473 1209 3532 te
1242 3463 1359 3532 illo
1395 3487 1410 3531 :
1465 3473 1533 3533 et
1564 3465 1717 3533 ideo
1757 3489 1914 3535 cum
1953 3469 2039 3536 sit
2066 3467 2257 3536 sedes
2296 3466 2697 3535 nobiliorum

1143 3573 1506 3653 virtutum,
1553 3575 1892 3642 removeri
1933 3576 2079 3643 sine
2108 3576 2356 3644 virtute
2390 3599 2525 3643 non
2558 3584 2702 3665 pot·

1144 3682 1315 3748 erit:
1350 3689 1630 3772 propter
1668 3681 1856 3772 quod
1903 3692 2089 3750 cavet
2134 3690 2396 3761 natura,
2468 3706 2548 3749 ne
2609 3681 2698 3749 ibi

1142 3792 1259 3858 liat
1290 3791 1672 3859 renovatio.

1232 3895 1456 3964 Causa
1484 3904 1717 3964 autem
1752 3896 2151 3963 mutationis
2180 3897 2404 3963 avium
2439 3897 2507 3964 in
2541 3919 2701 3986 pen-

1145 4005 1252 4071 nis
1282 4013 1410 4079 est.
1446 4002 1632 4094 quod
1674 4026 1836 4070 aves
1867 4003 2144 4094 quidem
2175 4003 2342 4070 levis
2372 4012 2439 4072 et
2486 4027 2698 4070 aerea·

1146 4120 1306 4179 sunt
1372 4111 1774 4179 substantia·
1812 4134 1828 4177 :
1897 4121 2174 4202 propter
2259 4111 2441 4201 quod
2496 4113 2700 4179 etiam

1157 4226 1473 4287 terrestre
1505 4219 2008 4286 nutrimentum
2040 4220 2270 4317 axjium
2313 4242 2536 4286 rarum
2578 4227 2699 4296 est,

1144 4332 1211 4395 et
1234 4350 1356 4418 per
1377 4326 1662 4394 modum
1695 4328 1870 4394 aeris
1889 4325 2264 4394 distensum
2287 4336 2348 4394 et
2372 4326 2707 4394 divarica-

1142 4442 1317 4499 tum.
1349 4431 1512 4500 Tale
1544 4441 1779 4500 autem
1811 4433 2304 4501 nutrimentum
2337 4433 2705 4524 plurimum

1140 4536 1348 4605 habet
1379 4545 1648 4606 motum
1682 4538 1768 4606 ad
1799 4540 2230 4629 superficiem
2280 4549 2343 4606 et
2374 4539 2706 4628 pram-inne

1139 4646 1227 4714 nd
1257 4648 1618 4738 superiora
1643 4648 1828 4715 dorsi
1861 4649 2092 4715 avium
2120 4670 2135 4713 ε
2172 4657 2238 4715 et
2297 4647 2449 4713 ideo
2508 4648 2712 4736 juw-

1146 4776 1269 4824 nes
1297 4778 1464 4823 aves
1489 4754 1737 4824 ultimo
1768 4755 2201 4847 plumescunt
2228 4756 2295 4822 in
2326 4764 2588 4832 ventre,
2646 4763 2708 4821 et

1151 4862 1409 4931 liabent
1441 4861 1534 4931 ibi
1594 4887 1859 4954 pennas
1915 4864 2267 4955 pauciores
2323 4871 2384 4931 et
2444 4864 2715 4931 mollio-

1154 4995 1287 5039 res.
1355 4971 1703 5041 'l'errestre
1780 4982 2006 5042 autem
2098 4972 2477 5041 exhibitum
2542 4973 2713 5040 aeris

1135 5077 1632 5170 qualitatibus,
1692 5082 2017 5148 continue
2107 5081 2488 5164 induratur,
2545 5081 2712 5147 sicut

1158 5193 1347 5277 patet
1376 5186 1447 5253 in
1497 5190 1799 5254 terrestri
1859 5187 2047 5255 lunio
2124 5188 2239 5278 qui
2304 5190 2719 5255 convertitur

1158 5292 1227 5359 in
1260 5290 1569 5383 capillos,
1622 5293 1796 5361 Cum
1857 5301 2083 5361 autem
2151 5293 2232 5361 de
2290 5302 2591 5383 ternpore
2650 5296 2718 5362 in

1158 5406 1432 5489 tempus
1490 5400 1875 5479 induratur,
1957 5401 2231 5470 tandem
2301 5401 2724 5489 infrigidatur

1135 5515 1230 5575 .et
1256 5506 1710 5589 contrahitur,
1755 5510 1941 5601 quod
1972 5534 2179 5601 porus
2212 5510 2276 5576 in
2318 5533 2453 5599 quo
2497 5511 2725 5600 intigi-

1161 5621 1298 5692 tur,
1333 5614 1631 5705 amplior
1668 5619 1959 5689 eflicitur
1986 5640 2194 5709 quam
2232 5639 2457 5708 penna
2513 5620 2727 5708 possit

1166 5719 1452 5811 implere
1489 5745 1505 5791 ε
1550 5731 1615 5792 et
1647 5726 1795 5817 ipsa
1819 5750 2042 5818 penna
2082 5725 2588 5816 constringitur,
2633 5729 2725 5795 ita

1461 5875 1518 5916 xx

4230 412 4358 479 417

2790 577 2973 665 quod
3003 576 3291 644 humore
3336 575 3802 643 nutrimentali
3884 599 4022 643 non
4093 575 4363 643 fomen-

2790 690 2971 748 tatur
3014 706 3027 748 :
3104 691 3169 748 et
3235 683 3383 748 ideo
3475 683 3658 748 aliud
3725 684 4224 752 nutrimentum
4290 686 4360 750 in

2791 809 3070 875 corpore
3101 790 3244 853 avis
3279 789 3341 852 in
3387 788 3526 853 alas
3573 788 3932 865 formatur,
3986 798 4053 856 et
4110 792 4362 858 cadunt

2789 894 3104 982 antiquae.
3154 894 3236 962 Et
3272 896 3543 986 signum
3587 894 3793 983 hujus
3827 903 3950 973 est,
3989 898 4175 986 quod
4215 921 4358 965 ma·

2790 1002 2970 1069 xime
3011 1002 3262 1069 cadunt
3309 1005 3379 1069 in
3440 1011 3772 1070 autumno
3833 1011 3992 1091 post
4060 1003 4359 1071 multum

2794 1107 2936 1172 avis
2967 1108 3486 1184 nutrimentum,
3533 1108 3717 1196 quod
3756 1109 4018 1198 accepit
4046 1130 4168 1198 per
4226 1131 4360 1175 oes-

2794 1219 3026 1291 tatem,
3061 1222 3127 1281 et
3155 1236 3294 1280 non
3326 1213 3577 1280 cadunt
3606 1214 3732 1279 nisi
3768 1215 3835 1279 in
3870 1214 4172 1304 antiquis
4203 1215 4357 1281 avi-

2793 1319 2942 1398 buS,
2987 1330 3053 1387 et
3083 1342 3233 1410 quae
3255 1321 3398 1407 jam
3448 1318 4023 1407 pullilieaverunt,
4094 1320 4205 1387 vel
4273 1320 4360 1388 ad

2793 1433 3062 1494 aetatem
3101 1425 3610 1515 pullilicationis
3643 1436 4106 1515 pervenerunt
4142 1450 4157 1493 ε
4190 1437 4356 1495 tunc

2793 1538 2973 1602 enim
3031 1534 3397 1602 durescunt
3442 1556 3684 1623 pennoe
3740 1542 3806 1601 et
3856 1535 4359 1603 contrahuntur

2795 1650 2859 1708 et
2898 1640 3217 1708 excidunt
3256 1663 3295 1707 a
3346 1642 3581 1730 poris:
3653 1648 3719 1706 et
3773 1642 3871 1708 sic
3939 1649 4361 1710 renovantur

2794 1768 3034 1834 pennae
3066 1745 3465 1813 animalium
3496 1745 3907 1813 volatilium.
3954 1747 4197 1814 Fertur
4243 1770 4360 1814 au-

2795 1857 2930 1916 tem
2971 1850 3052 1918 de
3102 1850 3397 1941 quadam
3446 1873 3596 1928 ave,
3653 1874 3805 1940 qua·
3862 1851 4113 1918 residet
4177 1851 4358 1943 apud

2797 1980 3030 2048 aquas,
3066 1965 3132 2025 et
3158 1956 3448 2025 habente
3479 1980 3737 2047 pennas
3767 1958 4045 2041 virideS,
4081 1968 4148 2027 et
4178 1958 4360 2051 apud

2798 2068 3173 2135 Germanos
3252 2075 3537 2135 vocatur
3619 2067 3767 2133 avis
3828 2069 4109 2155 qtae-iri,
4171 2070 4357 2159 quod

2800 2184 3068 2241 mortua
3097 2182 3315 2241 mutat
3342 2198 3603 2265 pennas
3638 2197 3653 2240 ε
3701 2174 3887 2265 qnod
3927 2198 4057 2265 ego
4108 2199 4357 2266 exper-

2799 2292 2906 2349 tus
2936 2306 3087 2349 sum
3130 2281 3373 2350 falsum
3415 2306 3559 2351 esse
3602 2284 3669 2349 in
3745 2284 4056 2373 pluribus
4112 2284 4354 2352 avibus

2801 2391 2980 2458 illius
3006 2393 3273 2482 generis
3302 2416 3421 2483 per
3450 2392 3676 2482 plures
3705 2415 3926 2460 annos
3970 2394 4353 2461 reservatis.

2802 2496 3092 2589 Signum
3134 2506 3359 2565 autem
3405 2521 3640 2564 eorum
3717 2522 3869 2588 quae
3946 2498 4127 2567 dicta
4202 2509 4359 2566 sunt

2801 2615 2924 2685 est,
2959 2606 3142 2697 quod
3173 2629 3332 2674 aves
3372 2607 3618 2696 saepius
3649 2629 3857 2697 quam
3918 2605 4151 2698 aliqua
4209 2609 4366 2674 ani-

2800 2713 3003 2780 malia
3033 2713 3344 2803 pruriunt
3376 2736 3446 2780 se
3478 2721 3695 2780 rostro
3727 2723 3787 2779 et
3836 2714 4184 2804 unguibus
4205 2737 4366 2805 pro-

2801 2830 2946 2910 pter
2983 2829 3257 2888 acutum
3299 2828 3681 2888 terrestrem
3739 2844 4070 2911 vaporem
4130 2822 4367 2913 ingre-

2802 2927 3098 2994 dientem
3129 2927 3214 2994 ad
3248 2951 3446 3017 poros
3476 2951 3882 3017 pennarum.
3922 2928 4059 2996 sod
4088 2935 4153 2996 ct
4199 2929 4362 3018 ipsse

2802 3057 3045 3124 pennen
3090 3035 3362 3125 quando
3430 3043 3588 3102 sunt
3647 3033 4110 3124 incompletw,
4173 3037 4361 3101 virus

2802 3142 3054 3212 liabent
3084 3143 3362 3211 inferius
3393 3143 3461 3210 in
3502 3143 3860 3222 arundine,
3906 3143 4093 3235 quod
4129 3152 4359 3212 tamen

2803 3262 3020 3322 totum
3053 3254 3121 3321 in
3160 3276 3479 3345 squamas
3546 3254 3870 3344 puniceas
3937 3255 4364 3322 convertitur

2801 3370 2865 3429 et
2894 3360 3192 3429 adlueret
3231 3361 3546 3429 arundini
3589 3382 3828 3451 pennae
3854 3384 3977 3452 per
3997 3368 4224 3451 partes
4251 3384 4366 3428 ex·

2802 3470 3152 3543 siccatum,
3196 3466 3372 3534 cadit
3411 3473 3522 3533 ant
3582 3489 3704 3556 per
3777 3490 3848 3532 se
3917 3466 4363 3543 exsiccatum,

2802 3582 2913 3641 aut
2966 3572 3350 3664 disponitur
3413 3579 3629 3639 rostro
3705 3573 3810 3638 vel
3902 3595 4133 3660 ungue
4190 3572 4363 3639 avis.

2804 3681 2966 3748 lla-c
3006 3680 3212 3770 igitur
3249 3687 3349 3746 est
3386 3702 3590 3747 causa
3619 3680 4025 3747 mutationis
4057 3690 4120 3747 et
4160 3703 4369 3746 reno-

2801 3788 3097 3856 vationis
3125 3789 3354 3855 avium
3396 3786 3770 3855 secundum
3803 3809 4092 3878 pennas.

2895 3903 2968 3971 ln
2999 3902 3344 3993 unguibus
3373 3912 3600 3970 autem
3634 3911 3699 3969 et
3734 3911 3954 3971 rostro
4015 3927 4178 3972 aves
4228 3925 4367 3971 nnn

2805 4017 3239 4087 renovantur,
3274 4008 3389 4075 sed
3421 4010 3648 4100 potius
3697 4008 3901 4075 nimis
3970 4032 4365 4077 excrescen-

2806 4128 2906 4185 tes
2972 4138 3236 4206 ungues
3292 4123 3351 4181 et
3445 4124 3740 4182 rostrum
3846 4123 4236 4207 amputant,
4302 4122 4370 4182 et

2805 4233 3038 4316 aptant
3075 4224 3305 4293 autad
3333 4223 3750 4300 venandum,
3816 4232 3934 4293 aut
3995 4224 4079 4292 ad
4138 4223 4369 4292 cibum

2806 4330 3273 4423 accipiendum
3300 4353 3316 4397 :
3353 4329 3435 4398 de
3476 4339 3718 4398 natura
3748 4331 3935 4398 enim
3966 4354 4182 4399 cornu
4213 4339 4374 4399 sunt

2806 4437 3198 4528 hujusmodi
3267 4437 3598 4513 membra,
3665 4447 3732 4505 et
3816 4450 4236 4529 generantur
4289 4458 4375 4505 ex

2808 4546 3226 4614 nutrimento
3259 4568 3504 4635 aqut-o,
3570 4545 3753 4635 quod
3830 4567 4112 4635 passum
4170 4553 4272 4613 est
4335 4568 4376 4613 a

2810 4655 3025 4724 multo
3059 4664 3281 4722 terren
3311 4656 3491 4721 sicco
3539 4676 3554 4721 ε
3597 4662 3878 4745 propter
3917 4654 4105 4745 quod
4169 4653 4375 4723 etiam

2813 4762 3296 4831 niolliticantur
3325 4761 3658 4852 applicata
3701 4761 3782 4829 ad
3811 4762 4041 4853 ignem
4069 4784 4085 4830 ε
4116 4771 4184 4831 et
4225 4761 4379 4830 ideo

2817 4877 3110 4937 rostrum
3190 4870 3421 4935 avium
3480 4869 3819 4957 juvenum
3880 4893 4121 4937 versus
4178 4875 4380 4958 capnt

2817 4976 3041 5044 delicit
3071 4976 3140 5043 in
3198 4973 3529 5066 quasdam
3588 4976 4092 5066 prominentias
4158 4972 4385 5042 labio·-

2821 5107 2970 5152 rum
3002 5105 3299 5162 croceas,
3332 5082 3606 5174 quando
3646 5082 3962 5151 videlicet
4020 5081 4384 5150 humidum

2821 5213 3094 5283 passum
3126 5214 3167 5258 a
3239 5191 3417 5258 sicco
3467 5198 3688 5257 terreo
3737 5188 3964 5257 delicit
4015 5189 4086 5256 in
4152 5188 4392 5255 humi-

2822 5300 2984 5367 dum
3015 5298 3237 5366 carnis
3274 5320 3289 5365 :
3326 5305 3486 5364 tunc
3523 5297 3707 5364 enim
3751 5304 4047 5363 terreum
4110 5293 4395 5363 combu-

2822 5416 3003 5475 stum
3034 5405 3265 5473 evolas
3312 5404 3398 5471 ad
3464 5403 3925 5494 superficiem,
3986 5413 4054 5473 et
4100 5403 4259 5471 facit
4300 5400 4390 5468 ibi

2824 5514 3260 5583 croceitatem
3301 5534 3422 5601 per
3469 5509 3754 5578 modum
3813 5511 4110 5579 duorum
4171 5508 4397 5576 labio-

2828 5646 3006 5690 rum.

2920 5728 3220 5796 Omnino
3259 5731 3486 5793 autem
3519 5724 3754 5795 eadem
3820 5750 4023 5795 causa
4090 5743 4241 5815 quae
4296 5725 4402 5789 est

4108 5859 4179 5915 27
