4919 6371
1916 395 2087 466 LIB.
2140 397 2304 463 VIII
2351 396 2472 462 DE
2517 394 3105 473 ANIMALIBUS,
3157 397 3468 465 TRACT.
3524 396 3618 462 lv

1149 570 1341 657 quasi
1371 568 1834 637 columnalem
1886 565 2341 654 exprimentia
2395 564 2705 652 liguram,

1148 698 1300 766 quae
1341 676 1483 743 fota
1532 675 1616 741 ab
1668 674 1834 762 ipsis
1886 672 1955 736 in
1995 672 2166 737 casis
2206 671 2277 735 in
2320 667 2709 751 formiculas

1148 789 1641 850 convertuntur
1682 801 1696 844 :
1755 785 1823 845 et
1871 777 2146 867 quando
2206 777 2505 867 aperitur
2555 799 2710 844 casa

1154 912 1416 966 earum,
1470 887 1743 976 rapiunt
1794 908 1951 964 ova,
2000 892 2067 953 et
2112 893 2388 975 portant
2418 908 2514 953 ea.
2554 883 2713 952 Om-

1150 1019 1271 1062 nes
1310 1003 1536 1061 autem
1570 993 1874 1061 formicae
1905 1017 2128 1061 mares
2177 1001 2243 1061 et
2280 995 2572 1061 foeminae
2604 994 2713 1060 si-

1153 1102 1296 1168 mul
1345 1111 1505 1169 sunt
1553 1103 1624 1169 in
1664 1102 1922 1182 labore,
1978 1125 2104 1170 nec
2160 1125 2389 1192 regem
2444 1105 2512 1169 in
2581 1098 2710 1166 hoc

1151 1208 1401 1279 habere
1456 1211 1785 1279 videntur
1854 1234 1870 1278 :
1935 1211 2055 1278 sed
2113 1211 2450 1277 universae
2508 1206 2709 1273 simul

1151 1318 1594 1407 egrediuntur
1632 1342 1754 1410 per
1793 1327 2055 1385 turmas
2081 1338 2263 1396 suas,
2309 1318 2482 1382 sicut
2520 1323 2586 1382 et
2613 1314 2714 1381 lo-

1152 1432 1357 1492 custae
1412 1447 1427 1495 ε
1489 1434 1555 1491 ct
1604 1424 1756 1491 ideo
1808 1422 2100 1490 civilitas
2150 1445 2386 1490 earum
2426 1443 2565 1488 non
2614 1431 2715 1489 est

1148 1532 1323 1599 sicut
1364 1554 1601 1620 apum,
1646 1530 1766 1597 scd
1792 1531 2023 1619 potius
2054 1529 2231 1597 sicut
2258 1528 2549 1597 civilitas
2589 1551 2716 1596 eo-

1152 1661 1303 1705 rum
1336 1660 1632 1727 quorum
1664 1637 1894 1705 nullus
1931 1638 2209 1727 quidem
2242 1637 2504 1704 obtinet
2535 1637 2715 1725 prin-

1154 1747 1452 1834 cipatum
1498 1767 1513 1810 :
1551 1744 1670 1813 sed
1700 1767 1942 1812 omnes
1982 1743 2186 1811 simul
2218 1767 2304 1813 ex
2344 1743 2587 1812 affectu
2617 1743 2714 1810 si-

1156 1852 1295 1920 mul
1348 1862 1414 1921 et
1476 1853 1639 1920 boni
1697 1853 2026 1921 naturalis
2092 1855 2313 1943 gratia
2364 1853 2433 1918 in
2497 1874 2709 1917 unum

1155 1958 1491 2040 habitant,
1537 1964 1705 2029 etin
1736 1960 2093 2029 communi
2134 1968 2524 2051 operantur.
2577 1959 2715 2027 Su-

1155 2090 1275 2158 per
1313 2091 1430 2136 eos
1461 2077 1691 2137 autem
1738 2070 1858 2159 qui
1896 2076 2146 2136 nocent
2183 2068 2338 2148 sibi,
2390 2075 2716 2158 spargunt

1156 2175 1518 2244 humorem
1552 2173 1831 2244 acutum
1861 2177 2414 2259 mordicativum,
2449 2176 2563 2266 qui
2597 2200 2720 2244 cu-

1156 2292 1294 2351 tem
1349 2282 1651 2352 hominis
1698 2285 2130 2374 pustulosam
2177 2285 2359 2366 facit,
2412 2287 2529 2353 sed
2579 2308 2716 2353 non

1152 2399 1354 2459 nocet
1384 2391 1535 2458 aliis
1575 2391 2018 2461 animalibus.
2067 2392 2285 2460 Nidus
2315 2401 2541 2461 autem
2576 2394 2716 2483 ipse

1156 2508 1433 2567 acutum
1477 2501 1847 2591 quemdam
1887 2501 2241 2592 ponticum
2281 2501 2526 2569 emittit
2555 2500 2718 2567 odo-

1163 2630 1307 2674 rem
1356 2607 1857 2688 delectabilem,
1913 2631 2120 2699 super
2173 2631 2379 2699 quem
2446 2609 2501 2676 si
2555 2609 2712 2675 novi

1161 2738 1422 2783 asseres
1451 2714 1854 2807 lagenarum
1887 2715 2212 2785 fricentur
2241 2723 2307 2784 et
2349 2725 2711 2806 ponantur,

1159 2822 1499 2890 contrahit
1548 2824 1793 2890 vitium
1837 2824 1908 2890 in
1957 2822 2356 2915 lagunculas
2413 2823 2562 2892 illas
2609 2824 2717 2889 in-

1158 2928 1385 2997 fusum
1417 2929 1727 3008 odorem,
1774 2939 1841 2998 et
1879 2954 2193 3020 saporem
2225 2931 2367 2999 nidi
2408 2931 2717 2999 formica-

1160 3067 1311 3112 rum
1358 3064 1372 3107 ε
1427 3047 1710 3131 propter
1759 3038 1942 3129 quod
2011 3041 2218 3108 etiam
2283 3039 2525 3107 vitium
2584 3039 2715 3107 tale

1157 3151 1612 3245 formiculam
1650 3146 2054 3239 appellatur.
2104 3146 2225 3215 Est
2262 3156 2491 3216 autem
2529 3146 2718 3215 cibus

1160 3263 1332 3350 ejus,
1385 3257 1637 3325 humor
1682 3255 2031 3324 fructuum
2084 3262 2152 3323 et
2199 3257 2420 3324 carnis
2475 3263 2542 3322 et
2589 3254 2719 3321 ali-

1162 3367 1438 3461 quando
1514 3365 1887 3434 succositas
1967 3361 2357 3443 herbarum,
2429 3385 2715 3454 quarum

1165 3500 1393 3546 rerum
1451 3476 1658 3543 etiam
1718 3482 1947 3565 partes
2021 3495 2269 3563 parvas
2324 3479 2588 3561 separat
2653 3478 2719 3538 et

1166 3591 1389 3676 portat
1437 3582 1524 3650 ad
1574 3581 1813 3650 nidum
1861 3603 2090 3649 suum.
2162 3580 2425 3648 Genera
2492 3586 2717 3646 autem

1166 3692 1541 3762 texentium
1599 3711 1755 3781 quae
1790 3689 2125 3780 flaqae'eon,
2176 3688 2371 3778 quasi
2413 3686 2718 3775 filaqeon

1162 3803 1393 3869 (iraece
1458 3799 1805 3877 dicuntur,
1858 3819 1942 3865 eo
2001 3794 2186 3887 quod
2241 3798 2418 3864 circa
2468 3803 2714 3863 terram

1157 3916 1415 3977 texant.

1247 4015 1583 4085 Similiter
1633 4022 1867 4082 autem
1918 4021 1986 4081 et
2023 4034 2273 4104 genera
2314 4033 2713 4080 aranearum

1156 4133 1318 4195 sunt
1363 4124 1580 4193 multa
1614 4144 1630 4190 ε
1666 4121 1787 4192 sed
1830 4130 2059 4190 tamen
2100 4121 2333 4188 omnia
2364 4118 2506 4187 lioec
2539 4142 2722 4187 com-

1158 4236 1350 4303 muni
1392 4233 1671 4302 nomine
1728 4253 2000 4299 aranea·
2063 4237 2418 4297 vocantur.
2490 4227 2714 4296 Unum

1161 4354 1391 4413 autem
1420 4364 1755 4433 generum
1786 4360 2194 4408 aranearum
2230 4336 2420 4404 laton
2471 4358 2510 4403 a
2558 4336 2714 4426 qui-

1160 4450 1449 4518 busdam
1485 4457 1798 4526 vocatur,
1852 4444 2040 4538 quod
2087 4443 2367 4512 inferius
2416 4442 2718 4510 subdivi-

1159 4559 1424 4627 demus.
1508 4557 1717 4626 Aliud
1774 4565 2007 4624 autem
2066 4575 2285 4643 genus
2353 4576 2717 4644 parvarum

1159 4667 1356 4735 valde
1388 4687 1795 4734 aranearum
1836 4672 1903 4733 et
1934 4685 2073 4730 non
2116 4660 2273 4729 facit
2322 4660 2549 4741 telam,
2600 4660 2717 4729 sed

1158 4774 1316 4843 facit
1374 4797 1583 4863 super
1610 4781 1865 4840 terram
1928 4791 1944 4836 :
1989 4776 2056 4836 ct
2113 4765 2262 4835 hoec
2319 4774 2419 4834 cst
2476 4790 2719 4837 aranea

1157 4880 1353 4949 valdt⁸
1374 4880 1549 4948 acris
1579 4887 1648 4947 et
1677 4885 1878 4945 acuta
1906 4883 1974 4943 et
2002 4872 2285 4953 saltans,
2320 4881 2380 4941 et
2406 4873 2712 4942 saltando

1157 4985 1680 5079 comprehendit
1721 5005 2016 5062 muscas,
2069 4989 2137 5049 et
2184 4981 2515 5071 quasdam
2555 4981 2720 5049 alias

1161 5095 1490 5164 bestiolas
1545 5118 1583 5162 e
1633 5094 1864 5162 vicino
1898 5088 2334 5158 ambulantes
2376 5110 2391 5157 ε
2454 5097 2524 5157 et
2568 5089 2719 5158 ideo

1165 5203 1396 5272 Graece
1453 5202 1586 5270 hoc
1642 5199 1867 5292 gentis
1913 5219 2320 5265 aranearum
2368 5197 2717 5279 kakelacle,

1165 5308 1295 5376 boc
1324 5318 1448 5387 est,
1485 5310 1759 5377 malum
1798 5313 2107 5374 vocatur.
2144 5302 2352 5369 Aliud
2390 5306 2592 5372 otiam
2624 5313 2724 5373 est

1162 5437 1568 5483 aranearum
1598 5437 1817 5507 genus
1857 5412 2081 5501 majus
2112 5410 2269 5489 isto,
2303 5418 2370 5478 et
2414 5409 2546 5479 hoc
2594 5421 2716 5489 est,

1162 5522 1340 5613 nigri
1369 5522 1643 5603 coloriS,
1697 5523 1893 5611 cujus
1941 5540 2140 5587 crura
2187 5517 2528 5585 anteriora
2567 5517 2724 5586 lon-

1161 5629 1355 5718 giora
1392 5636 1555 5697 sunt
1581 5624 2104 5720 posterioribuS,
2149 5630 2215 5691 et
2245 5632 2348 5692 est
2376 5623 2548 5693 tardi
2580 5647 2726 5694 mo-

1161 5741 1298 5818 tus,
1349 5744 1418 5804 et
1467 5736 1535 5803 in
1588 5745 1782 5804 motu
1831 5739 2053 5803 tentat
2096 5729 2496 5822 palpitando
2529 5741 2726 5801 ante-

4238 399 4359 466 461

2819 565 3113 633 rioribus
3162 567 3494 646 cruribus,
3549 576 3623 635 ut
3663 570 3854 656 quasi
3888 568 4110 637 trahat
4139 593 4209 638 se
4248 593 4370 660 per

2820 673 3036 760 ipsam
3077 681 3356 765 propter
3383 674 3729 765 pigritiam
3771 696 3992 752 suam,
4046 686 4112 742 et
4157 677 4371 745 fertur

2820 778 2900 847 de
2951 781 3103 859 istc,
3167 781 3351 872 quod
3419 780 3617 848 multi
3677 779 3890 847 saltus
3921 787 4021 847 est
4065 789 4369 872 tempore

2818 887 3035 955 coitus
3079 910 3094 953 ε
3150 888 3268 955 sed
3306 912 3461 956 cum
3511 887 3758 956 saltare
3799 886 4063 954 nullum
4113 888 4369 955 animal

2816 996 3032 1082 possit
3128 994 3579 1063 anterioribus
3678 995 4013 1075 cruribus,
4104 1003 4372 1085 oportet

2819 1100 3003 1190 quod
3041 1100 3111 1167 in
3142 1101 3317 1168 saltu
3348 1124 3472 1168 suo
3506 1102 3844 1168 anterIOra
3882 1122 4078 1168 crura
4120 1102 4364 1180 elevet,

2819 1214 2883 1273 et
2923 1215 3083 1274 tunc
3122 1208 3611 1296 posterioribus
3642 1208 3950 1276 cruribus
3991 1232 4063 1277 se
4111 1209 4371 1300 impin-

2816 1323 2950 1404 gat.
2997 1314 3146 1382 Hoc
3174 1323 3402 1383 autem
3435 1339 3647 1407 genus
3678 1339 3941 1385 araneae
3977 1318 4175 1406 juxta
4215 1325 4358 1385 ter-

2817 1444 2960 1489 ram
3003 1423 3071 1488 in
3102 1423 3373 1513 angulis
3403 1426 3595 1502 texit,
3633 1430 3699 1491 et
3745 1421 4008 1492 habitat
4053 1423 4147 1491 ibi
4195 1425 4371 1491 insi-

2817 1529 3075 1597 sidians
3115 1531 3359 1620 praedae
3413 1554 3427 1598 :
3482 1540 3546 1599 et
3594 1531 3842 1599 dicitur
3879 1532 4061 1621 quod
4102 1554 4369 1601 morsus

2819 1646 2885 1705 et
2911 1647 3248 1729 punctura
3282 1641 3427 1729 ejus
3457 1648 3559 1708 est
3604 1639 3808 1707 mala.
3843 1640 4047 1730 Apud
4086 1663 4211 1708 nos
4242 1663 4373 1709 au-

2820 1753 2958 1813 tem
2998 1769 3271 1825 aranea,
3311 1748 3416 1837 cuj
3427 1770 3506 1815 us
3537 1769 3805 1815 morsus
3835 1756 3937 1816 est
3964 1749 4374 1817 venenosior

2823 1860 2890 1920 et
2918 1854 3251 1933 nocivior,
3287 1862 3387 1922 est
3417 1877 3662 1922 aranea
3691 1855 3952 1939 viridis,
3984 1877 4133 1945 quae
4164 1855 4369 1923 etiam

2825 1961 2990 2028 texit
3036 1961 3213 2029 inter
3258 1960 3418 2031 folia
3482 1963 3893 2053 plantarum.
3941 1962 4206 2031 Genera
4246 1986 4374 2030 au-

2823 2074 2960 2134 tem
3007 2070 3279 2137 residua
3325 2093 3755 2152 aranearum,
3806 2094 3957 2161 quae
4014 2070 4374 2138 nominant

2821 2177 2936 2265 qui
2959 2176 3326 2267 apothecas
3347 2178 3622 2256 faciunt,
3668 2188 3731 2246 et
3761 2179 4087 2257 vendunt,
4114 2178 4372 2268 species

2822 2292 2887 2350 et
2925 2307 3190 2352 venena
3233 2294 3299 2353 et
3342 2286 3668 2366 antidota,
3712 2294 3829 2354 aut
3872 2308 4008 2354 non
4055 2285 4370 2353 mordent

2821 2394 3101 2464 omnino
3140 2417 3373 2463 morsu
3412 2396 3686 2473 nocive,
3723 2403 3839 2462 aut
3892 2395 4208 2462 mordent
4245 2393 4370 2462 de-

2821 2504 3048 2571 biliter
3098 2525 3113 2569 :
3169 2503 3264 2570 ita
3303 2501 3484 2592 quod
3522 2502 3605 2569 de
3652 2500 3929 2570 laesione
3977 2525 4221 2592 parum
4271 2509 4372 2568 est

2822 2609 3223 2679 curandum.

2911 2723 3129 2787 Lalon
3181 2724 3407 2785 autem
3457 2725 3557 2784 est
3603 2740 3820 2807 genus
3868 2739 4132 2786 araneae
4179 2717 4363 2808 quod

2822 2829 3044 2918 primo
3076 2827 3606 2910 nominavimuS,
3637 2834 3703 2894 et
3740 2824 3872 2894 hoc
3917 2825 4371 2893 subdividitur

2823 2939 2890 3003 in
2922 2960 3172 3027 genera
3203 2935 3413 3002 multa
3461 2958 3477 3002 ε
3516 2935 3702 3002 loton
3736 2935 3917 3003 enim
3949 2935 4128 3002 idem
4170 2942 4373 3002 sonat

2824 3043 3003 3134 quod
3036 3044 3410 3134 operate-elz,
3460 3065 3541 3109 co
3581 3041 3765 3133 quod
3815 3041 4104 3133 diligens
4148 3049 4249 3109 est
4302 3043 4370 3108 in

2822 3175 3024 3245 opere
3054 3175 3179 3221 suo
3214 3174 3230 3220 z
3266 3159 3333 3221 ct
3359 3153 3580 3244 primo
3622 3151 3898 3244 quidem
3930 3150 4255 3220 dividitur
4298 3151 4370 3218 iu

2822 3261 2957 3329 duo
2997 3283 3276 3351 genera,
3326 3283 3612 3351 parvum
3660 3259 4001 3338 videlicet,
4065 3268 4132 3328 ct
4168 3282 4368 3348 mag-

2823 3393 3010 3436 num.
3057 3368 3140 3435 Et
3181 3390 3467 3459 parvum
3524 3367 3798 3459 quidem
3848 3378 3949 3436 est
3996 3365 4368 3444 masculus,

2822 3485 2890 3544 et
2929 3499 3067 3543 non
3114 3477 3283 3544 texit
3326 3497 3682 3566 umquam,
3730 3483 3798 3543 et
3844 3497 3997 3543 raro
4046 3483 4358 3541 venatur.

2820 3582 3150 3674 Magnum
3188 3591 3415 3651 autem
3455 3590 3556 3650 est
3584 3581 3888 3661 foemina,
3923 3589 3991 3651 et
4020 3581 4164 3650 haec
4202 3582 4373 3648 texit

2821 3691 3140 3769 multum,
3208 3699 3273 3759 et
3326 3699 3615 3759 venatur
3671 3689 3801 3758 sibi
3857 3699 3926 3759 et
3979 3688 4285 3758 masculo
4349 3708 4365 3755 ε

2821 3823 3150 3891 magnum
3201 3800 3384 3869 enim
3432 3808 3531 3868 est
3578 3821 3898 3890 asperum
3938 3806 4003 3867 et
4054 3796 4365 3865 malum:

2821 3914 2886 3974 et
2916 3904 3261 3997 quoddam
3311 3905 3457 3993 ejus
3506 3905 3673 3973 texit
3720 3927 3932 3995 prope
3975 3912 4224 3972 terram
4268 3911 4374 3969 te-

2822 4013 2956 4081 laiu
2989 4014 3411 4092 continuam,
3459 4022 3521 4080 et
3554 4012 3726 4081 bene
3764 4012 4050 4104 spissam
4093 4009 4178 4079 ad
4221 4032 4376 4077 mo-

2821 4123 2985 4190 dum
3037 4120 3384 4213 panniculi
3428 4129 3845 4201 contextam,
3893 4121 3963 4188 in
4012 4120 4207 4210 cujus
4262 4142 4377 4188 ex-

2823 4230 3160 4296 tremitate
3200 4228 3529 4296 construit
3567 4227 3876 4296 foramen
3925 4229 3993 4295 in
4043 4249 4179 4318 quo
4237 4234 4368 4295 stat

2823 4334 3207 4403 insidiando
3254 4334 3522 4426 praedae,
3583 4357 3734 4426 quae
3780 4335 3952 4404 forte
4000 4334 4233 4403 incidit
4300 4334 4368 4400 in

2824 4466 3017 4510 suam
3047 4451 3440 4511 texturam:
3485 4451 3743 4510 etcum
3789 4442 4123 4520 inciderit,
4174 4441 4374 4508 saltat

2823 4573 3027 4641 super
3084 4572 3260 4627 eam,
3313 4558 3381 4617 et
3435 4549 3612 4640 capit
3674 4572 3852 4630 eam,
3916 4558 3983 4617 et
4035 4546 4242 4617 trahit
4307 4548 4374 4615 in

2824 4682 3025 4727 suuni
3075 4658 3406 4726 foramen.
3461 4656 3681 4748 llujus
3711 4665 3939 4725 autem
3979 4655 4375 4749 operatricis

2823 4788 3088 4835 araneae
3120 4764 3466 4833 invenitur
3503 4766 3708 4832 etiam
3749 4764 3932 4832 aliud
3961 4787 4178 4854 genus
4236 4784 4375 4830 non

2826 4874 3121 4944 multum
3178 4896 3534 4964 magnum,
3593 4873 3776 4963 quod
3826 4873 3896 4940 in
3951 4894 4111 4939 vere
4167 4869 4375 4939 telam

2823 5006 3017 5051 suam
3049 4980 3401 5071 suspendit
3439 4978 3564 5047 sub
3597 4979 3957 5048 arboribus
3995 4976 4080 5045 ad
4110 5000 4379 5046 muscas

2825 5088 3214 5182 capiendas,
3254 5088 3449 5175 cujus
3500 5087 3634 5156 tela
3684 5093 3785 5156 est
3822 5085 4063 5155 debilis
4093 5092 4163 5153 et
4202 5083 4381 5153 male

2825 5206 3193 5267 contexta:
3248 5204 3309 5263 et
3360 5204 3462 5261 cst
3503 5193 3634 5263 hoc
3674 5218 3892 5285 genus
3944 5215 4212 5263 aranea!
4265 5214 4386 5260 va-

2827 5306 3028 5380 rium,
3071 5310 3212 5370 tam
3246 5302 3316 5368 in
3349 5323 3633 5392 corpore
3666 5322 3874 5390 quam
3908 5300 3976 5367 in
4012 5298 4324 5368 cruribus
4362 5320 4378 5365 ε

2826 5421 2890 5482 et
2932 5410 3092 5480 huic
3131 5410 3362 5500 generi
3407 5408 3751 5476 invenitur
3799 5407 3985 5475 aliud
4033 5406 4227 5499 quasi
4288 5404 4381 5471 si·

2827 5519 3010 5595 mile,
3054 5516 3170 5584 sed
3203 5525 3304 5585 est
3342 5516 3562 5604 majus
3593 5516 3739 5606 ipso
3771 5524 3840 5584 ct
3868 5514 4227 5584 discretius
4262 5534 4278 5578 ε
4314 5517 4384 5578 et

2826 5626 2958 5695 hoc
2988 5625 3157 5693 texit
3193 5621 3321 5690 sub
3366 5629 3541 5690 tecto
3584 5631 3825 5692 contra
3885 5623 4214 5693 fenestras
4250 5640 4266 5697 ;
4320 5623 4388 5685 et

2826 5754 2982 5802 cum
3012 5729 3206 5814 texit,
3239 5728 3462 5819 primo
3494 5728 3797 5798 extendit
3834 5728 3949 5797 fila
3980 5729 4049 5795 in
4074 5725 4386 5794 diversas
