4919 6371
651 356 733 423 38

654 522 950 587 multum
980 539 1265 584 avarum
1316 516 1688 584 lucrorum.
1734 515 1927 584 Oculi
1983 524 2209 583 autem

1638 348 1721 413 D.
1773 346 1972 413 ALB.
2026 344 2243 410 MAG.
2297 342 2502 410 ORD.
2557 345 2849 412 PRAED.

2316 514 2565 594 kianei,
2599 512 2729 583 hoc
2775 522 2898 594 est,
2929 514 3223 604 corrupti
3275 518 3620 606 sanguinis
3668 516 3854 583 faetu-

654 627 903 715 glauci,
947 624 1309 714 splendore
1347 633 1580 694 tamen
1621 627 1977 709 micanteS,
2011 625 2210 694 dolo-
2314 623 2481 692 lenti
2521 623 2605 692 ad
2633 623 2805 691 milii
2852 621 3392 713 magnitudinem
3422 625 3596 691 circa
3625 622 3855 713 pupil-

660 755 811 798 sum
845 740 911 797 et
942 734 1271 801 audacem
1304 734 1663 825 designant
1705 742 1773 802 et
1817 733 2211 824 pervigilem

661 838 745 904 ad
784 838 1141 907 malitiam.
1189 839 1385 909 Oculi
1441 850 1669 907 autem
1713 849 1966 908 stantes
2020 840 2215 927 parvi

660 967 815 1012 cum
836 946 1058 1015 fronte
1090 948 1391 1014 relaxata
1432 954 1497 1013 et
1522 945 1866 1035 palpebris
1895 943 2214 1011 mollibus

659 1052 964 1121 indicant
990 1053 1282 1122 docilem
1324 1052 1773 1142 cogitatorem
1830 1049 2216 1118 matbema-

656 1158 973 1231 ticorum,
1032 1162 1096 1223 et
1141 1155 1223 1223 de
1266 1163 1509 1223 natura
1566 1156 2041 1247 inquisitorem
2085 1176 2102 1221 ε
2152 1162 2220 1221 et

655 1261 800 1329 haec
838 1263 985 1330 sola
1013 1264 1271 1354 species
1311 1263 1662 1333 stabilium
1698 1264 2052 1334 oculorum
2093 1285 2218 1353 ap-

657 1368 1008 1458 probatur.
1043 1369 1320 1461 Raptim
1360 1381 1592 1440 autem
1634 1360 1826 1440 'moti
1865 1370 2043 1440 oculi
2072 1392 2219 1460 per-

659 1476 1008 1545 turbatum
1048 1487 1115 1546 et
1155 1481 1613 1570 suspiciosum
1672 1479 2052 1569 designant,
2101 1475 2220 1543 sed

666 1592 897 1653 tamen
935 1584 1006 1652 in
1053 1586 1338 1676 agendis
1368 1586 1761 1653 tardiorem.
1797 1583 2060 1665 Quibus
2090 1605 2220 1650 au-

665 1700 805 1759 tem
860 1692 1206 1783 palpebrae
1245 1701 1388 1760 tam
1435 1692 1762 1761 velociter
1791 1715 1994 1783 quam
2040 1689 2222 1758 oculi

669 1807 1058 1879 moventur,
1120 1798 1412 1867 audaces
1467 1807 1627 1867 sunt
1691 1789 1761 1866 in
1797 1797 2113 1891 periculis
2157 1803 2223 1863 et

665 1904 909 1987 securi.
955 1903 1361 1985 Quiautem
1409 1907 1643 1981 tardos
1677 1906 1931 1976 habent
1996 1912 2222 1973 motus

665 2009 1051 2091 oculorum,
1112 2012 1348 2103 pigros
1405 2019 1473 2082 et
1548 2020 1854 2103 tepentes
1910 2011 2224 2079 dicuntur

663 2116 917 2185 habere
948 2139 1214 2197 sensus»,
1250 2118 1523 2187 difficile
1550 2118 1977 2209 incipienteS,
2010 2124 2077 2184 et
2105 2115 2227 2185 dif-

664 2224 840 2292 ficile
896 2225 1305 2294 desinentes.
1369 2225 1664 2316 Propter
1710 2225 1897 2317 quod
1962 2233 2227 2294 constat

670 2329 1072 2426 mobilitatis
1155 2330 1517 2401 oculorum
1566 2339 2225 2422 ‘temperamentum

673 2459 900 2536 mores
920 2438 1219 2531 optimos
1245 2439 1578 2523 indicare.
1639 2502 1647 2519 ,
1691 2492 1735 2525 .;
1778 2494 1783 2501 .
1849 2503 1856 2512 .

674 2622 679 2625 .
721 2583 727 2589 ·
765 2562 963 2634 Oculi
1000 2573 1232 2635 autem
1260 2566 1429 2657 vagi
1456 2573 1527 2633 et
1551 2565 2137 2645 circumerrantes,
2169 2566 2228 2634 si

677 2694 836 2739 cum
900 2669 1034 2741 boc
1101 2672 1373 2741 obscuri
1426 2672 1588 2752 sint,
1637 2672 2228 2764 intemperantiam

675 2778 1110 2869 praetendunt
1141 2778 1474 2848 libidinis.
1508 2776 1705 2849 Oculi
1744 2788 1972 2848 autem
2002 2778 2232 2871 magni

679 2894 748 2952 et
787 2893 1158 2954 trementes
1213 2909 1372 2955 cum
1435 2893 1913 2978 pererrant-:et
1953 2884 2232 2954 obscuri

676 2998 865 3073 sunt,
897 2992 1345 3062 voracitatem
1373 3001 1444 3062 et
1467 2992 1617 3060 vini
1639 2992 2234 3084 intemperantiam

677 3119 957 3167 causam
1007 3122 1148 3168 suae
1184 3098 1621 3169 obscuritatis
1657 3105 1725 3167 et
1768 3098 2091 3192 ,tremoris
2126 3098 2238 3166 in-

680 3205 947 3291 dicant,⁴
974 3216 1045 3276 et
1089 3229 1248 3277 cum
1294 3206 1431 3276 hoc
1474 3208 2069 3298 intemperantiam
2112 3229 2240 3276 ve-

685 3314 867 3382 neris
929 3321 1000 3383 et
1036 3313 1472 3406 apoplexiam
1515 3314 1997 3404 praenuntiant.
2043 3311 2240 3382 Oculi

689 3443 857 3491 vero
932 3424 1129 3513 parvi
1210 3421 1411 3491 valde
1483 3420 1710 3513 glauci
1764 3423 1912 3491 sine
1982 3420 2241 3513 pudore

689 3536 875 3608 sunt,
915 3537 986 3598 et
1036 3529 1184 3598 sine
1231 3528 1386 3608 fide,
1451 3537 1521 3599 et
1553 3529 1703 3599 sine
1739 3528 2029 3618 justitia.
2074 3528 2245 3599 Tre-

692 3643 961 3707 mentes
1004 3659 1169 3706 vero
1214 3638 1411 3729 parvi
1469 3659 1632 3707 cum
1656 3685 1661 3692 -
1689 3638 1975 3707 omnino
2019 3635 2243 3728 glauci

693 3752 879 3825 sunt,
922 3744 1008 3815 ad
1044 3745 1385 3815 insaniam
1422 3753 1738 3837 vergunt.
1782 3742 1860 3814 Si
1878 3752 2114 3814 autem
2144 3744 2247 3813 ni·

691 3853 798 3945 gri
841 3861 1025 3931 sunt,
1066 3875 1229 3922 cum
1277 3851 1411 3924 boc
1449 3853 1672 3944 magis
1706 3860 1869 3922 sunt
1910 3851 2238 3931 iracundi,

694 3982 906 4051 quam
955 3961 1295 4057 insaniam
1332 3960 1587 4031 dicant.
1644 3959 2078 4030 Fluctuantes
2112 3982 2246 4029 au-

694 4073 859 4146 tem,
892 4076 959 4136 et
1004 4075 1360 4159 tamquam
1398 4075 1646 4137 moestu
1691 4065 2006 4151 mobiles,
2046 4065 2241 4158 proni

696 4173 974 4265 quidem
1010 4184 1175 4245 sunt
1208 4178 1281 4244 in
1317 4196 1643 4246 venerem
1685 4183 1754 4245 et
1796 4174 2240 4266 voluptatem,

694 4303 839 4351 non
888 4288 1122 4352 tamen
1168 4282 1472 4375 gaudent
1523 4282 1899 4372 injustitiis,
1941 4303 2068 4351 nec
2095 4303 2247 4373 pas*

686 4397 944 4460 cuntur
999 4389 1202 4460 malis
1246 4388 1513 4471 alienis,
1579 4412 1709 4459 nec
1752 4388 2036 4481 maligni
2086 4396 2247 4458 sunt

694 4520 920 4590 neque
948 4497 1301 4568 indociles.
1344 4497 1584 4568 Glauci
1620 4504 1854 4567 autem
1881 4495 2059 4566 oculi
2087 4494 2247 4588 plu·-

693 4625 802 4673 res
830 4603 1090 4675 habent
1129 4605 1390 4696 species
1418 4603 1586 4674 :alii
1622 4605 1808 4674 enim
1851 4611 2012 4673 sunt
2043 4604 2240 4684 varii,

693 4709 811 4781 alii
838 4711 1071 4803 grisei,
1104 4719 1182 4780 *et
1204 4719 1380 4786 ,sunt
1419 4712 1583 4782 sicci
1618 4719 1688 4781 et
1728 4709 1992 4780 humidi
2031 4717 2099 4779 et
2142 4709 2250 4778 al-

695 4819 788 4888 bi.
822 4818 1004 4890 Sicci
1019 4819 1298 4911 quidem
1334 4818 1563 4912 glauci
1586 4818 1792 4898 feros,
1824 4816 2089 4887 humidi
2118 4839 2247 4886 au·-

694 4935 833 4996 tem
879 4925 1105 5020 glauci
1141 4926 1462 4996 meliores
1496 4933 1661 4995 sunt
1712 4924 1907 4995 siccis
1947 4947 1965 4993 ε
2023 4923 2247 5016 glauci

686 5041 926 5103 autem
973 5043 1043 5104 et
1075 5035 1284 5130 albidi
1321 5033 1640 5103 timidum
1686 5032 2068 5123 designant.
2112 5032 2249 5124 Op-

694 5142 864 5209 tima
901 5148 1132 5211 autem
1159 5142 1420 5234 species
1447 5139 1850 5232 glaucorum
1891 5138 2245 5208 oculorum

693 5257 819 5327 est,
872 5249 1147 5342 quando
1184 5258 1347 5317 sunt
1389 5247 1616 5340 glauci
1650 5245 1943 5326 humidi,
1966 5249 2241 5338 -magni,

687 5362 762 5424 et
798 5355 1039 5446 quieti,
1080 5363 1150 5423 et
1190 5353 1547 5446 perlucidi.
1580 5354 1664 5422 In
1690 5352 1822 5422 hac
1866 5352 2049 5420 enim
2084 5375 2245 5444 spe-

695 5462 797 5532 cie
834 5461 1198 5531 oculorum
1225 5463 1579 5530 animosus
1616 5459 2010 5551 designatur
2036 5467 2105 5528 et
2134 5460 2249 5527 in-

696 5571 1071 5662 geniosuss
1108 5567 1506 5660 Aliquando
1554 5574 1805 5638 Lautem
1827 5567 1934 5636 ,in
1991 5566 2247 5657 glaucis

696 5675 1150 5769 oculisgutlze
1184 5673 1505 5767 ,quaedam
1551 5673 1807 5757 rubeae,
1839 5671 2247 5744 aut-coloris

2317 730 2451 798 lam
2502 732 2823 799 ordinatae
2861 731 3177 799 videntur
3208 753 3221 797 ε
3258 738 3326 796 et
3359 728 3462 796 11ae
3509 730 3852 796 turbidum

2317 840 2621 906 animum
2670 847 2736 906 et
2787 839 3117 921 invidum,
3162 837 3283 905 sed
3325 837 3678 927 ingenium
3722 836 3854 902 bo-

2319 968 2483 1010 num
2531 951 2598 1012 et
2652 955 2926 1012 acutum
2972 954 3039 1014 et
3091 946 3413 1035 audacem
3464 942 3848 1011 ostendunt.

2318 1050 2601 1140 Pupillae
2631 1060 2858 1119 autem
2895 1074 3045 1140 quae
3082 1053 3336 1141 glaucae
3365 1061 3433 1121 et
3459 1053 3660 1120 variae
3703 1049 3858 1117 fue-

2318 1161 2476 1239 rint,
2511 1159 2923 1227 dementiam
2952 1158 3249 1226 futuram
3289 1160 3608 1227 indicant.
3635 1222 3638 1227 .

2408 1265 2691 1357 Oportet
2736 1274 2964 1336 autem
3014 1267 3207 1345 scire,
3262 1266 3445 1356 quod
3510 1266 3683 1333 oculi
3741 1264 3857 1354 qui

2318 1398 2486 1464 pure
2529 1376 2706 1464 nigri
2756 1383 2939 1455 sunt,
2971 1372 3383 1442 imbecillem
3433 1381 3497 1440 et
3542 1373 3688 1440 sine
3725 1374 3859 1439 vir-

2321 1489 2462 1547 tute
2506 1480 2803 1547 indicant
2844 1480 3174 1547 animum.
3206 1489 3273 1548 et
3309 1480 3478 1548 lucri
3520 1479 3795 1547 avidum
3838 1499 3852 1542 :

2321 1588 2716 1656 varietatem
2779 1594 3008 1655 autem
3064 1591 3136 1655 in
3209 1611 3298 1656 se
3344 1587 3698 1668 habenteS,
3767 1586 3862 1653 ita

2323 1694 2507 1786 quod
2535 1696 2679 1784 ipsa
2708 1693 3336 1769 varietasdiscreta
3378 1703 3504 1774 est,
3547 1704 3613 1763 et
3650 1716 3865 1785 quan-

2323 1802 2409 1870 do
2447 1801 2729 1893 guttulae
2775 1801 3093 1870 rubentes
3131 1810 3293 1870 sunt
3334 1800 3858 1892 aliquantulum,

2324 1919 2392 1977 et
2417 1918 2646 1999 tamen
2673 1910 2884 1999 nigrae
2921 1918 3270 2001 apparent,
3302 1932 3383 1977 eo
3415 1909 3598 2000 quod
3643 1908 3729 1977 ad
3756 1907 3868 1975 ni-

2323 2015 2673 2107 gredinem
2718 2014 3082 2098 declinant,
3133 2015 3519 2106 significant
3559 2016 3866 2082 animum

2323 2147 2753 2217 generosum,
2778 2124 3068 2213 justum,
3107 2123 3427 2215 probum,
3461 2133 3528 2192 et
3564 2124 3870 2213 ingenio-

2325 2255 2502 2300 sum.
2537 2230 2669 2300 Ubi
2696 2240 2927 2299 autem
2963 2229 3245 2322 guttulae
3283 2229 3722 2299 vehementer
3751 2253 3872 2296 ru-

2326 2342 2511 2421 bent,
2543 2348 2612 2408 et
2635 2362 2776 2408 non
2804 2341 3086 2408 omnino
3117 2340 3453 2420 rotundae,
3487 2337 3607 2407 sed
3643 2337 3872 2429 aliqua

2327 2471 2562 2517 earum
2613 2446 2830 2516 tendit
2885 2445 2972 2516 ad
3009 2446 3637 2540 quadraturam,·.et
3679 2467 3877 2537 quae-

2327 2555 2486 2623 dam
2553 2562 2712 2622 sunt
2787 2554 2993 2622 etiam
3057 2552 3489 2644 pallidae,··et
3553 2551 3882 2649 quaedam·

2328 2661 2608 2754 glaucae,
2639 2668 2707 2729 et
2735 2658 2970 2729 circuli
3006 2660 3125 2751 qui
3161 2660 3535 2729 forinsecus
3562 2657 3875 2727 ambiunt

2331 2767 2647 2860 pupillas,
2677 2769 2817 2837 sint
2853 2767 3384 2859 sanguinolenti,
3436 2775 3503 2836 et
3555 2766 3690 2835 sint
3731 2788 3879 2834 ma-

2334 2879 2450 2970 gni
2507 2879 2710 2963 oculi,
2743 2887 2812 2950 et
2864 2880 3050 2948 nitor
3083 2877 3369 2970 ,pupillae
3412 2887 3767 2948 moveatur
3799 2885 3878 2946 ut

2334 2994 2702 3055 moventur
2721 2984 3088 3078 palpebrae,
3126 2984 3607 3077 significabunt
3630 2983 3879 3075 hujus-
4003 2981 4011 2988 ’

2337 3093 2526 3163 modi
2561 3093 2741 3163 oculi
2786 3094 3094 3162 animum
3129 3094 3252 3187 qui
3281 3110 3568 3163 {omnem
3614 3093 3880 3163 excedit

2337 3226 2603 3273 morem
2627 3203 2924 3273 terarum
2956 3227 2976 3273 ε
3007 3202 3341 3295 quidquid
3361 3205 3546 3272 enim
3571 3202 3882 3273 infando-

2340 3334 2494 3379 rum
2563 3310 2862 3402 cogitari.
2900 3317 3147 3401 potest,
3205 3309 3599 3401 hujusmodi
3663 3310 3879 3380 oculis

2339 3415 2829 3510 perpetrabile:
2860 3438 2987 3486 nec
3035 3440 3083 3486 a
3126 3417 3501 3487 domestico
3549 3417 3882 3509 sanguine

2342 3549 2471 3596 nec
2496 3524 2582 3594 ab
2610 3524 2837 3617 aliqua
2873 3525 3237 3595 cessabunt
3269 3525 3643 3618 impietate.
3684 3525 3882 3596 Unde

2344 3634 2675 3704 Palemon
2696 3632 2925 3705 talem
2973 3634 3081 3704 sui
3135 3637 3475 3727 temporis
3530 3633 3884 3704 hominem

2344 3743 2641 3823 vocavit,
2676 3763 2918 3837 quem.
2946 3741 3543 3812 sceleratissimum
3587 3764 3741 3812 esse
3759 3741 3888 3811 di-

2343 3850 2469 3919 xit.
2511 3847 2591 3916 In
2633 3845 3029 3938 hujusmodi
3069 3847 3284 3939 igitur
3342 3846 3558 3919 oculis
3602 3845 3886 3940 guttula}

2345 3980 2498 4050 quae
2561 3957 2781 4049 magis
2817 3955 3066 4027 suerint
3108 3955 3505 4027 mbicundae
3549 3965 3619 4026 et
3651 3957 3888 4025 minu-k

2345 4074 2457 4146 tae,
2500 4086 2583 4133 eo
2627 4064 2870 4157 magis.
2891 4063 3280 4156 significant
3321 4063 3766 4143 iracundiam,
3817 4073 3890 4134 et

2345 4171 2753 4263 injuriosum
2780 4178 2851 4241 et
2883 4169 3296 4240 adulterum.
3325 4169 3618 4261 Majores
3652 4179 3885 4241 autem

2345 4289 2415 4351 et
2454 4276 2883 4349 obscuriores
2935 4274 3223 4368 guttula
3278 4275 3546 4347 leniunt
3591 4277 3883 4369 ‚quidem

2344 4385 2491 4456 hoc
2514 4383 2707 4471 vitia,
2744 4382 2867 4454 sed
2894 4394 3035 4452 non
3071 4380 3325 4454 tollunt
3343 4405 3434 4454 ‚ea
3459 4386 3767 4454 omniuo.
3797 4382 3887 4453 Et

2343 4491 2626 4586 guttulae
2660 4499 2781 4562 aut
2807 4491 3346 4584 sanguinolentae
3365 4491 3490 4562 -vel
3517 4491 3784 4585 pallida!
3812 4493 3885 4561 in
3941 4506 3951 4515 ·

2345 4604 2560 4695 nigris
2597 4599 2914 4693 pupillis,
2961 4607 3081 4670 aut
3129 4600 3337 4670 etiam
3384 4610 3889 4693 utroqueper·

2345 4713 2601 4792 mixta,
2649 4707 3113 4779 malefactores
3141 4715 3225 4778 ἴοι
3263 4710 3671 4781 venenarios
3714 4710 3889 4779 indi·

2345 4827 2526 4902 cant,
2566 4817 2686 4888 sed
2709 4815 2978 4909 pallide
3002 4817 3224 4909 magis
3265 4819 3650 4889 studentem
3682 4818 3879 4900 dolis,

2343 4926 2740 5019 sanguineae
2760 4923 3052 4994 audaces
3077 4922 3402 4995 indicant.
3536 4977 3544 4990 .
3587 4956 3618 4986 ·.
3719 4963 3724 4972 ·
3768 4969 3773 4976 -
3851 4965 3857 4980 ·

2431 5032 2695 5125 Regula
2729 5040 2961 5101 autem
3003 5039 3128 5102 est
3150 5031 3235 5101 de
3280 5032 3601 5102 omnibus
3638 4981 3886 5122 liujus-

2345 5141 2532 5210 modi
2555 5139 2865 5231 guttulis,
2906 5138 3093 5231 quod
3127 5146 3386 5230 quanto
3413 5138 3884 5209 vehementius

2346 5247 2510 5316 clari
2550 5254 2709 5315 sunt
2741 5244 3004 5314 colores
3045 5242 3492 5336 guttularum,
3523 5254 3712 5316 tanto
3767 5269 3886 5315 ve-

2345 5354 2770 5425 hementiora
2819 5353 3177 5444 designant
3222 5354 3439 5425 vitia:
3472 5363 3542 5425 et
3591 5378 3735 5447 per·
3765 5355 3884 5424 ob·

2345 5461 2735 5531 scuritatem
2780 5481 3062 5530 suorum
3108 5459 3465 5531 oculorum
3503 5470 3884 5554 temperan-

2347 5573 2459 5636 tur
2480 5573 2565 5660 ,οξ
2583 5566 2787 5636 aritia.
2829 5562 3130 5634 Sinister-
3153 5565 3398 5635 oculus
3433 5568 3497 5636 si
3516 5567 3749 5654 tuerit,
3764 5591 3887 5636 ru-

2346 5673 2603 5744 beuset
2617 5670 2992 5755 humidus,
3011 5673 3126 5766 cui
3146 5671 3340 5743 nulla
3363 5671 3502 5762 alia
3522 5672 3887 5745 diversitas
