4919 6371
1980 282 2150 351 LIB.
2205 282 2303 349 llI
2349 280 2472 348 DE
2520 276 3108 356 ANIMALIBUS,
3157 279 3473 347 TRACT.
3526 277 3556 344 I

1713 1334 2007 1402 CAPUT
2060 1332 2182 1399 VI.

1168 2075 1264 2139 Et
1330 2083 1427 2139 est
1500 2094 1832 2138 ninnessio
1904 2070 2267 2137 declarans
2331 2069 2725 2160 opinionem

1253 2188 1564 2244 nostram
1593 2178 1677 2244 de
1733 2177 2181 2244 altercatione
2217 2173 2614 2243 Aristotelis
2667 2183 2767 2256 et,

2708 2281 2744 2317 ’τ’
2834 2290 2919 2335 ex
2942 2269 3165 2337 medio
3197 2268 3503 2337 thalamo
3543 2270 3810 2339 cordis:
3872 2277 3940 2337 et
3988 2268 4120 2337 hoc
4157 2270 4391 2338 dieunt

1259 2285 1364 2352 Ga
1374 2284 1535 2352 leni.

1257 3135 1507 3226 Opinio
1537 3144 1769 3204 autem
1801 3145 2032 3205 nostra
2077 3136 2353 3205 fundata
2394 3147 2496 3206 est
2526 3160 2731 3229 supra

1172 3244 1676 3334 propositiones
1725 3243 1871 3330 jam
1939 3245 2007 3311 in
2076 3243 2487 3312 anteliahitis
2541 3244 2730 3313 libris

1170 3349 1589 3420 naturalibus
1650 3350 1974 3441 prolatas,
2045 3375 2336 3442 quarum
2395 3375 2535 3420 una
2598 3361 2725 3430 est,
2760 3351 2787 3377 '²

1169 3453 1352 3545 quod
1410 3477 1615 3522 omne
1683 3455 1869 3545 quod
1923 3464 2026 3524 est
2082 3457 2275 3524 cibus
2322 3456 2731 3525 universalis

1175 3561 1665 3637 membrorum.
1735 3561 1941 3631 habet
1997 3564 2067 3631 in
2115 3587 2186 3630 se
2236 3564 2531 3632 formam
2593 3585 2731 3654 qua

1175 3679 1488 3740 movetur
1522 3671 1607 3738 ad
1640 3670 1945 3739 membra
1977 3694 2127 3762 quae
2153 3674 2389 3741 nutrit.
2425 3672 2581 3741 Alia
2609 3696 2731 3740 au-

1097 3848 1103 3858 ,
1170 3786 1304 3845 tenu
1344 3787 1470 3854 est,
1505 3780 1688 3869 quod
1727 3778 1844 3847 illa
1880 3780 2102 3849 forma
2142 3804 2293 3871 qua·
2323 3789 2427 3850 est
2467 3783 2537 3848 in
2578 3784 2725 3872 ipso

1171 3907 1208 3951 a
1246 3893 1613 3973 generante
1654 3894 1780 3965 est,
1830 3908 1914 3952 eo
1967 3886 2148 3977 quod
2217 3896 2446 3954 motus
2495 3888 2580 3955 ad
2617 3886 2728 3954 lo-

1168 4012 1323 4057 cum
1354 3991 1449 4057 sic
1489 3998 1587 4057 est
1618 4015 1657 4058 a
1678 4000 2072 4081 generante,
2116 3991 2299 4082 quod
2331 4016 2487 4060 cum
2512 4016 2728 4083 gene-

1167 4120 1324 4166 rans
1353 4098 1467 4167 dat
1497 4100 1559 4168 ei
1591 4099 1909 4182 formam,
1943 4099 2059 4169 dat
2089 4102 2148 4168 ei
2181 4124 2262 4168 ea
2293 4124 2445 4193 qum
2476 4125 2726 4171 couse-

1165 4213 1469 4297 quuutur
1504 4205 1796 4273 formam
1844 4206 2059 4285 illam,
2107 4231 2261 4298 qua·-
2290 4215 2451 4276 sunt
2498 4217 2725 4276 motus

1165 4322 1228 4379 et
1270 4310 1461 4378 locus
1489 4320 1606 4380 aut
1639 4312 1832 4403 quies
1889 4313 1958 4380 in
1988 4311 2142 4379 loeo
2199 4314 2254 4380 si
2294 4314 2442 4400 jam
2503 4322 2605 4381 est
2652 4314 2724 4382 in

1167 4420 1336 4509 ipso.
1375 4419 1597 4488 Tertia
1639 4427 1868 4490 autem
1920 4429 2046 4499 est,
2107 4421 2293 4513 quod
2350 4430 2724 4514 antequam

1161 4526 1351 4595 cibus
1379 4530 1467 4596 sit
1497 4528 1913 4597 assimilatus
1953 4529 2061 4598 isti
2111 4528 2424 4598 membro
2454 4530 2562 4597 vel
2597 4530 2719 4608 illi,

1160 4632 1357 4704 hahet
1391 4636 1461 4703 iu
1508 4658 1583 4705 se
1621 4636 1814 4703 cibus
1869 4637 2161 4706 formam
2231 4638 2717 4716 universalem,

1158 4764 1289 4831 qua
1320 4741 1452 4809 eibi
1485 4739 1692 4811 habet
1732 4744 2094 4823 rationem,
2128 4754 2194 4812 et
2225 4768 2360 4837 qua
2403 4755 2725 4814 movetur

1160 4848 1242 4916 ad
1298 4871 1548 4939 corpus
1598 4849 2097 4918 universaliter.
2163 4850 2422 4930 Quarta
2488 4861 2720 4923 autem

1159 4963 1282 5036 est,
1318 4956 1501 5047 quod
1536 4957 1650 5025 illa
1689 4957 1909 5026 forma
1939 4966 2038 5026 est
2084 4958 2152 5026 in
2183 4959 2337 5027 cibo
2370 4958 2454 5027 ab
2488 4958 2720 5052 aliquo

1159 5064 1524 5133 universali
1583 5073 1980 5156 generante,
2040 5065 2226 5158 quod
2265 5065 2472 5137 habet
2504 5070 2723 5139 ratio-

1160 5193 1315 5239 nem
1345 5173 1659 5264 principii
1691 5173 2036 5242 formativi
2069 5174 2153 5243 ad
2183 5184 2407 5246 totum
2440 5199 2715 5267 corpus.

1159 5277 1415 5357 Quinta
1453 5288 1682 5351 autem
1705 5289 1833 5361 est,
1869 5281 2055 5373 quod
2084 5282 2150 5350 id
2180 5281 2365 5372 quod
2407 5292 2509 5352 est
2538 5284 2725 5374 prin·

1157 5386 1409 5476 cipium
1481 5388 1945 5478 generationis
2003 5395 2069 5457 et
2155 5412 2332 5468 esse,
2404 5391 2538 5460 hoc
2614 5401 2717 5462 est

1158 5496 1363 5563 etiam
1393 5497 1805 5588 principium
1861 5499 2401 5568 conservationis
2450 5508 2520 5570 et
2586 5523 2723 5570 nu·-

1161 5602 1460 5672 trimenti
1484 5603 1816 5691 ejusdem.
1843 5603 2027 5694 quod
2055 5627 2177 5696 per
2200 5605 2719 5695 generationem

4267 279 4396 344 219

2841 457 2903 515 et
2936 470 3081 514 esse
3116 448 3327 514 exivit
3360 449 3446 513 ab
3478 449 3651 536 ipso.
3697 446 3782 513 Et
3827 444 3933 512 hae
3993 468 4231 512 omnes
4252 448 4397 534 jam

2831 551 3132 641 probatae
3166 563 3328 618 sunt
3359 553 3427 618 in
3459 552 3870 620 antehabitis
3894 551 4109 633 libris,
4153 552 4398 643 quibus

2835 657 3148 724 addimus
3240 681 3476 736 unam,
3549 680 3757 749 quam
3823 658 3894 723 in
3958 660 4397 747 sequentibus

2832 766 3109 855 proprio
3178 765 3331 833 loco
3412 765 3881 856 probabimuS,
3954 773 4022 831 et
4068 775 4171 833 est
4226 767 4394 846 haec,

2839 871 3022 961 quod
3080 895 3202 939 cor
3266 879 3369 940 est
3453 873 3869 963 principium
3934 874 4396 960 generationis

2835 987 2903 1045 et
2977 1001 3123 1045 esse
3202 980 3517 1047 omnium
3602 977 4074 1048 membrorum
4149 1002 4398 1069 corpo-

2833 1087 2948 1154 ris.

2926 1196 3048 1263 llis
3080 1198 3290 1286 igitur
3318 1197 3415 1264 sic
3446 1199 3846 1287 suppositiS,
3889 1197 4182 1265 dicimus
4213 1196 4395 1287 quod

2837 1301 2905 1368 id
2935 1302 3118 1391 quod
3151 1301 3269 1369 dat
3311 1302 3464 1369 cibo
3523 1302 3818 1370 formam
3867 1326 4004 1394 qua
4057 1304 4396 1393 complete

2835 1415 2936 1475 est
2963 1406 3179 1487 cibus,
3217 1404 3318 1475 e'st
3346 1432 3489 1487 cor,
3520 1417 3589 1477 et
3615 1408 3730 1477 illa
3751 1410 3972 1478 forma
3998 1409 4178 1487 lacit,
4212 1409 4396 1499 quod

2835 1514 3232 1583 naturaliter
3279 1538 3420 1584 non
3477 1524 3731 1585 tractus
3786 1516 4126 1584 violenter
4181 1517 4397 1584 tendit

2833 1622 2919 1690 ad
2943 1624 3246 1713 corporis
3275 1626 3775 1692 nutrimentum
3807 1647 4012 1715 supra
4031 1631 4098 1692 et
4126 1623 4388 1704 subtus,

2834 1739 2901 1799 et
2947 1754 2986 1798 a
3024 1731 3232 1799 latere
3289 1731 3667 1801 secundum
3729 1734 4142 1823 exigentiam
4191 1756 4394 1823 gene-

2835 1841 3067 1908 rantis.
3099 1840 3153 1905 Τ
3157 1839 3259 1906 ale
3301 1841 3485 1908 enim
3515 1849 3620 1909 est
3664 1863 4026 1932 generans,
4070 1841 4241 1908 sicut
4280 1841 4393 1908 di-

2834 1947 3085 2025 ximus,
3128 1957 3492 2039 sequentes
3520 1948 3958 2018 Aristotelem
3991 1951 4062 2016 in
4093 1949 4265 2016 libro
4308 1950 4389 2016 de

2833 2057 3269 2123 Nucrimenlo
3316 2080 3331 2124 :
3393 2067 3456 2124 et
3511 2057 3889 2125 secundum
3945 2057 4422 2136 Aristotelem}

2835 2163 2975 2231 lioec
3008 2164 3227 2231 forma
3257 2166 3615 2255 completze
3655 2166 4057 2256 digestionis
4088 2164 4391 2255 procedit

2835 2377 3053 2464 prima
3089 2385 3153 2443 et
3184 2376 3485 2445 secunda
3517 2377 3920 2468 propositio.

2921 2483 3164 2552 Adhuc
3193 2494 3422 2554 autem
3456 2486 3773 2564 dicimuS,
3837 2486 4020 2576 quod
4061 2509 4216 2554 cum
4273 2509 4391 2553 cor

2832 2590 2916 2655 sit
2946 2591 3358 2680 principium
3398 2591 3673 2660 facturae
3704 2593 3913 2660 totius
3943 2594 4247 2682 corporis
4268 2592 4392 2659 sic-

2831 2707 2906 2766 ut
2936 2699 3094 2767 dicit
3122 2703 3317 2769 tertia
3348 2710 3412 2770 et
3470 2701 3713 2769 ultima
3741 2701 4144 2791 propositiO,
4181 2724 4393 2791 opor-

2834 2817 2926 2877 tet
2959 2810 3142 2900 quod
3179 2812 3399 2880 virtus
3437 2834 3573 2903 qua
3631 2809 3921 2879 eflicitur
3978 2810 4169 2878 cibus
4206 2833 4392 2877 rom-

2833 2916 3009 3007 plete
3040 2919 3108 2984 in
3146 2919 3410 2986 ratione
3435 2918 3596 3002 cibi,
3640 2921 3725 2987 sit
3780 2942 3817 2986 a
3875 2918 4104 2997 corde,
4157 2927 4216 2985 et
4251 2941 4389 2985 non

2832 3023 2918 3091 ah
2944 3023 3231 3115 hepate:
3275 3028 3606 3116 quoniam
3645 3024 3860 3117 hepar
3890 3026 3958 3093 in
4013 3025 4391 3092 substantia

2833 3155 2954 3200 sua
3009 3132 3500 3225 incompletum
3560 3142 3663 3202 est
3712 3134 4100 3202 membrum
4167 3130 4389 3210 valde,

2833 3262 2970 3307 non
2995 3238 3256 3308 habens
3284 3263 3563 3309 sensum
3593 3264 3607 3307 :
3646 3263 3770 3309 nec
3791 3248 4013 3330 potest
4038 3242 4103 3307 in
4135 3261 4216 3306 eo
4246 3261 4393 3307 esse

2832 3348 3023 3418 sedes
3052 3351 3340 3418 animae:
3386 3357 3666 3440 propter
3692 3348 3878 3441 quod
3907 3349 4207 3440 peccavit
4234 3347 4395 3414 l‘la-

2832 3464 2902 3525 to
2932 3456 3251 3546 ponendo
3292 3456 3361 3523 in
3409 3478 3494 3525 eo
3549 3456 3855 3525 animam
3893 3454 4393 3544 concupiscibi-

2832 3562 3008 3632 lem:
3045 3573 3107 3632 et
3149 3572 3507 3654 peceatum
3549 3561 3717 3631 illud
3746 3571 4022 3631 secutus
4052 3571 4153 3630 est
4185 3560 4394 3629 (iale-

2835 3695 2984 3740 nus.
3035 3672 3115 3740 Et
3135 3671 3321 3763 quod
3343 3696 3463 3740 cor
3490 3681 3592 3740 est
3631 3671 3802 3739 dans
3829 3669 4225 3758 hujusmodi
4261 3671 4394 3736 vir-

2834 3789 3043 3850 tutem
3076 3782 3422 3871 sanguini,
3466 3782 3621 3849 ideo
3659 3789 3758 3850 est
3788 3780 4199 3871 principium
4240 3802 4393 3844 sam-

2830 3892 3081 3979 guinis,
3118 3913 3257 3958 non
3306 3889 3585 3980 quidem
3626 3888 4004 3955 seeundum
4055 3887 4387 3953 ratione-m

2829 3997 3074 4066 caloris
3092 3996 3311 4074 rubei,
3348 3998 3510 4087 quia
3548 3995 3663 4064 ille
3692 3996 3841 4085 jam
3874 3994 4109 4084 incipit
4138 3995 4207 4060 in
4241 4015 4392 4059 nie-

2829 4106 3129 4185 saraicis,
3161 4115 3229 4175 et
3266 4104 3648 4174 intenditur
3686 4107 3755 4173 in
3803 4102 4075 4194 hepate,
4118 4101 4239 4170 sed
4273 4126 4387 4169 se-

2828 4214 3127 4283 cundum
3183 4212 3599 4304 completam
3676 4212 3808 4279 ribi
3878 4213 4239 4279 rationem.
4303 4209 4389 4278 Et

2831 4321 2980 4390 ideo
3009 4344 3165 4389 cum
3199 4330 3336 4389 tres
3373 4321 3509 4387 siut
3548 4319 4007 4409 digestiones:
4062 4338 4198 4382 una
4228 4317 4388 4405 qui-

2826 4427 2980 4497 dem
3019 4436 3118 4495 est
3146 4426 3213 4495 iu
3255 4425 3614 4495 stomacho
3652 4446 3977 4515 separans
4015 4425 4387 4514 supertlui-

2828 4542 3035 4602 tatem
3066 4535 3316 4602 siccam
3343 4556 3382 4600 a
3410 4530 3567 4601 cibo
3595 4554 3612 4601 :
3679 4529 3979 4599 secunda
4024 4537 4254 4599 autem
4286 4539 4387 4598 est

2828 4641 2895 4708 in
2925 4639 3193 4731 hepate,
3218 4663 3341 4731 per
3366 4662 3576 4731 quam
3606 4640 3987 4707 substantia
4016 4636 4148 4706 cibi
4188 4659 4393 4726 sepa-

2829 4758 3014 4816 ratur
3039 4749 3125 4816 ab
3164 4771 3429 4840 aquoso
3459 4746 3747 4815 humido
3777 4746 4124 4836 superfluo
4154 4767 4169 4813 :
4204 4753 4267 4811 et
4303 4744 4391 4810 is-

2829 4868 2910 4928 ta!
2950 4858 3099 4927 duoe
3129 4867 3284 4926 sunt
3329 4866 3600 4926 tantum
3629 4855 4040 4946 depurantes
4088 4875 4384 4921 massam

2824 4966 2981 5049 cibi,
3015 4989 3167 5059 qua:
3197 4974 3425 5034 tamen
3458 4972 3558 5033 est
3598 4965 3669 5032 in
3709 4961 3970 5031 orificio
4001 4984 4194 5030 venae
4233 4984 4385 5054 quoe

2822 5074 3117 5142 estinter
3142 5081 3347 5141 curet
3378 5069 3633 5162 hepar:
3677 5093 3799 5161 per
3825 5068 4124 5138 calorem
4161 5066 4387 5137 cordis

2823 5183 3064 5273 accipit
3132 5181 3619 5272 perfectionem
3694 5178 4100 5267 digestionis
4168 5177 4383 5244 tertiae

2824 5287 3252 5364 universalis,
3288 5296 3350 5354 et
3386 5288 3452 5353 in
3496 5285 3620 5354 hac
3658 5282 3922 5354 confert
3965 5283 4026 5351 ei
4090 5282 4378 5351 formam

2821 5394 2952 5464 cibi
2982 5418 3116 5487 qua
3155 5393 3447 5462 eflicitur
3481 5392 3677 5462 cibus
3702 5390 3992 5459 ultimus
4019 5390 4382 5458 universa—

2822 5502 2927 5585 lis,
2976 5509 3130 5594 post
3156 5521 3369 5591 quam
3397 5496 3569 5568 nihil
3600 5496 3976 5588 requiritur
4004 5495 4135 5565 nisi
4165 5504 4241 5562 ut
4277 5517 4381 5562 as-

2819 5608 3155 5678 similetur
3185 5603 3515 5677 membris
3539 5626 3557 5674 :
3587 5612 3656 5673 et
3675 5602 3824 5673 haic
3852 5600 4258 5673 assimilatio
4278 5606 4381 5668 est
