4919 6371
1972 404 2138 473 LIB.
2193 404 2284 470 lv
2332 404 2449 472 DE
2499 403 3086 485 ANlMALlBUS,
3137 408 3448 477 TRACT.
3504 409 3532 476 I

1246 581 1573 646 Dicamus
1634 577 1864 666 igitur,
1938 578 2119 666 quod
2183 580 2433 646 animal
2525 579 2711 646 durae

1152 697 1345 755 testa}
1425 688 1496 752 in
1563 685 1913 753 communi
1990 688 2360 754 secundum
2443 689 2711 753 Graecos

4248 419 4376 484 273

2819 578 2878 644 ei
2919 589 3141 667 caput.
3207 580 3374 658 Quae
3438 592 3664 649 autem
3715 597 4089 673 pascuntur
4145 587 4377 653 solidis

2818 685 3223 771 quibusdam
3253 697 3370 754 aut
3401 688 3690 774 humore
3742 693 4147 774 solidorum,
4183 717 4378 784 opor·-

1150 801 1440 861 vocatur
1467 791 1780 859 Kalmlee
1811 793 2084 860 lt'alzalo
2118 795 2298 883 quod
2356 801 2553 858 sonat
2608 813 2713 855 os·
2813 793 2908 852 tet
2940 785 3187 857 hahere
3218 812 3335 857 ora
3369 801 3432 858 et
3472 795 3716 882 capita,
3761 818 3882 884 per
3907 820 4056 886 quae
4106 805 4378 864 sumant

1150 912 1374 968 treum
1418 898 1838 967 conchilium
1891 924 1910 967 .·

1146 1229 1280 1288 tur.
1326 1221 1414 1289 Et
1443 1245 1685 1291 omnes
1715 1220 1824 1288 isti
1868 1219 2051 1286 modi
2083 1218 2395 1287 dicuntur
2419 1218 2702 1284 ltalzum

1142 1329 1458 1408 Arabice‚
1495 1329 1677 1420 quod
1722 1335 1916 1394 sonat
1959 1337 2259 1392 teslemn.
2321 1325 2549 1392 Genus
2588 1348 2704 1392 au-

1144 1447 1282 1505 tem
1322 1437 1544 1504 hiricii
1584 1436 1908 1503 convenit
1954 1457 2106 1500 eum
2140 1457 2386 1525 genere
2438 1436 2590 1511 1510,
2635 1441 2701 1500 01

1141 1568 1298 1612 cum
1329 1566 1582 1634 genere
1624 1542 1706 1609 de
1748 1564 1883 1631 quo
1918 1541 2123 1609 locuti
2156 1564 2391 1609 sumus
2435 1542 2501 1607 in
2529 1563 2700 1631 prae·

1138 1651 1403 1719 cedenti
1462 1650 1787 1741 capitulo.
1826 1649 1997 1717 Cum
2029 1650 2252 1716 mollis
2285 1658 2470 1716 testa·
2513 1650 2696 1716 enim

1138 1760 1463 1828 convenit
1500 1758 1807 1838 animali,
1855 1760 2011 1849 quia
2057 1782 2211 1848 pars
2258 1781 2540 1826 carnosa
2591 1757 2699 1847 ip-

1136 1869 1277 1935 sius
1344 1876 1446 1936 est
1539 1868 1945 1957 composita,
2014 1868 2188 1934 sicut
2259 1865 2698 1956 componitur

1133 2001 1292 2046 caro
1362 1978 1512 2066 ejus
1564 1975 1745 2067 quod
1824 1983 2106 2042 vocatur
2180 1975 2413 2041 mollis
2486 1984 2691 2041 leslae.

1134 2086 1307 2153 Cum
1365 2085 1498 2151 isto
1533 2091 1762 2150 autem
1813 2083 2152 2165 convenit,
2211 2083 2367 2172 quia
2423 2105 2695 2149 carnem

1133 2192 1341 2262 habet
1372 2192 1555 2258 intus
1597 2199 1663 2258 01
1691 2198 1879 2258 extra
1921 2197 2161 2257 testam
2203 2189 2440 2256 duram
2480 2187 2698 2279 hispi-

1135 2302 1319 2369 dam.
1358 2300 1545 2368 Inter
1571 2301 1735 2367 istos
1767 2309 1994 2366 autem
2038 2298 2275 2365 modos
2293 2298 2693 2365 animalium

1140 2409 1256 2499 qui
1289 2408 1611 2477 dicuntur
1666 2408 1860 2474 durae
1898 2416 2102 2485 leslee,
2174 2416 2275 2474 051
2340 2407 2695 2475 diversitas

1141 2527 1282 2586 tam
1316 2518 1385 2584 in
1444 2524 1620 2585 testa
1658 2539 1866 2607 quam
1934 2517 2001 2582 in
2059 2538 2308 2583 carne:
2369 2517 2693 2606 quoniam

1138 2623 1386 2715 aliquis
1435 2623 1678 2691 modus
1720 2631 1823 2691 051
1862 2624 1927 2689 10
1970 2623 2064 2689 015
2113 2623 2226 2713 qui
2270 2625 2551 2690 «minino
2584 2647 2695 2690 ca-

1139 2739 1239 2798 ret
1270 2753 1500 2799 carne.
1538 2729 1678 2797 Sed
1744 2729 1894 2796 1000
1947 2730 2166 2797 carnis
2226 2729 2424 2796 hahet
2472 2738 2697 2820 partes

1137 2837 1467 2929 quasdam
1500 2840 1756 2928 nigras,
1801 2839 1969 2903 51001
2041 2836 2318 2904 inferius
2375 2836 2697 2904 ostende-

1136 2969 1290 3013 mus
1336 2969 1352 3014 :
1397 2945 1515 3012 sed
1565 2945 1634 3011 in
1682 2944 1982 3011 interiori
2025 2944 2476 3034 quorumdam
2534 2944 2700 3011 alio-

1137 3077 1288 3119 rum
1346 3060 1446 3120 est
1506 3074 1689 3119 caro.
1737 3051 1969 3140 Capita
2035 3060 2259 3118 autem
2319 3050 2553 3119 talium
2596 3050 2699 3118 la-

1137 3170 1306 3241 tent,
1356 3162 1446 3230 ita
1508 3160 1689 3253 quod
1760 3161 2067 3251 qua-dam
2136 3163 2699 3229 (Ὧι-1110110011-

1136 3270 1387 3337 dentur
1413 3267 1667 3336 hahere
1699 3269 1919 3357 capita
1970 3270 2280 3356 figurata,
2317 3271 2484 3337 sicut
2557 3269 2699 3334 ani-

1136 3374 1275 3442 mal
1316 3374 1501 3465 quod
1539 3382 1829 3441 vocatur
1873 3373 2112 3440 salaht·
2156 3374 2466 3463 (19005115,
2501 3381 2562 3440 01
2597 3383 2695 3440 051

1136 3490 1441 3549 ostreum
1509 3479 1690 3571 quod
1762 3481 1829 3546 in
1879 3503 2044 3570 agro
2100 3479 2387 3567 ejectum
2428 3505 2468 3548 a
2525 3481 2729 3547 mari.

1137 3589 1509 3667 invenitur,
1551 3587 1660 3656 vel
1692 3611 1732 3655 a
1773 3587 1998 3655 lluviis
2026 3596 2419 3656 contentum
2451 3589 2519 3655 in
2548 3611 2697 3655 me-

1132 3696 1248 3765 dio
1278 3695 1572 3764 duarum
1601 3692 2020 3764 concharum
2050 3718 2437 3785 parvarum.
2477 3695 2560 3763 Et
2597 3695 2694 3763 51-

1131 3801 1388 3872 militer
1416 3810 1516 3871 051
1543 3800 1627 3870 (10
1673 3801 1951 3869 animali
1984 3802 2164 3892 quod
2207 3803 2452 3870 dicitur
2475 3804 2687 3881 canis,

1133 3921 1201 3982 et
1239 3911 1371 3982 hoc
1410 3919 1577 4004 puto
1609 3934 1756 3979 esse
1794 3934 2114 3990 carneam,
2158 3920 2224 3979 01
2251 3912 2499 3980 animal
2543 3936 2696 3980 ma-

1135 4022 1362 4089 rinum
1417 4020 1602 4111 quod
1670 4021 1900 4087 (irat-ce
1938 4019 2184 4086 dicitur
2239 4019 2593 4099 barcham,
2628 4030 2691 4089 et

1134 4126 1302 4194 illud
1334 4126 1521 4217 quod
1561 4134 1848 4194 vocatur
1884 4125 2275 4218 quadrupes
2320 4127 2691 4195 seeundum

1136 4237 1436 4305 Graecos.
1510 4234 1594 4303 Et
1631 4242 1709 4304 ut
1749 4234 2159 4324 generaliter
2212 4236 2495 4313 dicatur,
2556 4236 2692 4305 fere

1137 4345 1375 4412 omnia
1429 4340 1771 4411 conchilia
1826 4351 1981 4408 sunt
2028 4342 2211 4420 talia,
2282 4352 2522 4434 ιιι-(0101·
2565 4352 2695 4412 tes-

1131 4451 1447 4518 tudinem
1486 4456 1554 4518 01
1581 4448 1895 4517 limacem
1936 4456 1998 4515 et
2040 4472 2253 4539 pauca
2318 4449 2444 4518 alia
2496 4452 2696 4518 mari·

1138 4581 1252 4625 na.
1302 4556 1383 4625 Et
1434 4556 1642 4644 hujus
1680 4579 1886 4625 emisa
1955 4565 2080 4633 051,
2152 4557 2310 4648 quia
2366 4580 2504 4625 non
2572 4581 2695 4648 pa-

1134 4675 1427 4734 scuntur
1454 4664 1583 4733 0151
1618 4664 1824 4733 modo
1847 4664 2091 4756 planta·
2112 4688 2233 4755 per
2259 4690 2463 4757 poros
2492 4668 2698 4735 undi-

1138 4795 1275 4866 que
1333 4771 1677 4843 trahentia
1758 4775 2275 4843 nutrimentum.
2338 4776 2545 4863 Cujus
2612 4777 2697 4842 51-

1135 4907 1351 4975 gnum
1411 4892 1539 4963 051,
1585 4883 1747 4974 quia
1804 4884 2170 4975 piscatores
2245 4884 2574 4953 flandriae.
2632 4894 2696 4953 01

1138 4991 1528 5060 Germanioe
1607 4990 1941 5082 coliigunt
2012 4999 2309 5060 ostreum
2368 4994 2549 5084 quod
2596 5004 2699 5063 051

1137 5100 1347 5168 00105
1378 5107 1569 5169 testae
1602 5099 1893 5191 spiratis,
1929 5099 2110 5191 quod
2141 5110 2241 5169 051
2279 5102 2696 5191 pei-modum

1140 5206 1470 5287 cochleae,
1514 5216 1580 5275 et
1620 5217 1885 5299 ponunt
1924 5208 2050 5275 5011
2080 5232 2284 5277 arena
2315 5210 2502 5298 juxta
2550 5234 2701 5279 ma-

1140 5339 1235 5399 re,
1271 5325 1339 5386 et
1381 5319 1450 5385 in
1486 5318 1676 5384 lluxu
1728 5315 1936 5384 maris
1983 5318 2282 5407 aperitur
2319 5325 2388 5386 et
2444 5317 2700 5409 impin-

1139 5434 1393 5515 guatur
1432 5449 1554 5517 per
1583 5428 2013 5496 attractivum
2047 5425 2354 5495 humoris·
2400 5428 2701 5521 undique

1140 5557 1265 5625 per
1294 5556 1547 5626 corpus
1606 5558 1807 5602 suum
1854 5555 1869 5601 τ
1914 5542 1977 5602 01
2018 5534 2194 5601 idem
2226 5561 2353 5627 ego
2384 5547 2701 5629 expertus

1142 5664 1301 5709 sum
1369 5641 1455 5708 de
1519 5663 1742 5711 canna
1816 5651 2034 5710 stante
2081 5641 2207 5710 sub
2255 5666 2458 5712 arena
2503 5645 2703 5733 juxta

1140 5770 1331 5816 mare
1369 5772 1386 5816 ε
1429 5756 1492 5815 01
1526 5759 1806 5840 propter
1834 5748 1963 5819 hoc
2002 5758 2240 5819 natura
2281 5772 2419 5817 non
2459 5749 2705 5821 format

1962 910 2027 969 et
2083 911 2381 967 ostreum
2432 897 2707 987 quidem

1148 1030 1406 1074 nomen
1439 1014 1542 1073 051
1581 1007 1897 1075 animalis
1933 1030 1947 1073 :
1994 1008 2110 1072 sed
2165 1003 2577 1073 conchilium
2610 1002 2707 1068 di-

1148 1114 1324 1180 citur
1371 1113 1556 1204 quod
1587 1115 1656 1181 in
1687 1112 1964 1181 conchis
2013 1112 2272 1178 habitat
2312 1118 2375 1177 01
2413 1132 2704 1200 genera-

2813 893 3329 962 nutrimentum.
3366 898 3525 965 'sale
3558 907 3788 967 autem
3823 909 3920 968 051
3953 904 4160 969 etiam
4192 903 4376 992 quod

2813 997 3045 1067 Gra-ce
3084 1002 3328 1071 dicitur
3365 1005 3683 1085 kaltalor‚
3729 1015 3794 1074 01
3859 1006 3973 1074 alii
4021 1009 4205 1074 modi
4257 1009 4374 1098 qui

2809 1106 3065 1175 similes
3103 1118 3259 1177 sunt
3290 1111 3567 1178 animali
3603 1113 3782 1202 quod
3819 1113 4053 1181 Graece
4091 1124 4375 1182 vocatur

2809 1215 3206 1283 astarbiom.
3269 1217 3354 1283 Et
3419 1216 3564 1285 haec
3613 1219 3952 1286 conchilia
4010 1222 4188 1309 apud
4248 1245 4371 1288 nos

2808 1343 2946 1388 non
2993 1321 3248 1391 habent
3307 1326 3591 1404 nomina
3632 1335 3816 1405 nota,
3854 1328 3970 1394 sed
4003 1329 4374 1395 inveniun-

2803 1436 2917 1495 tur
2962 1430 3031 1495 in
3080 1454 3332 1522 magna
3357 1433 3749 1501 diversitate
3808 1436 3880 1501 in
3913 1436 4216 1502 maribus
4247 1459 4373 1504 no-

2804 1537 2983 1616 striS,
3028 1545 3092 1604 01
3135 1539 3381 1607 melius
3443 1542 3593 1607 visu
3652 1565 3858 1632 quam
3929 1542 4220 1611 lectione
4278 1544 4376 1609 di-

2803 1652 3103 1711 scuntur.

2889 1751 3134 1821 Adhuc
3162 1765 3389 1822 autem
3436 1756 3650 1846 aliqui
3684 1756 3870 1824 modi
3937 1757 4049 1824 alii
4112 1757 4365 1825 hahent

2799 1858 2967 1925 duas
2995 1870 3227 1950 portas
3274 1862 3659 1931 concludes,
3698 1864 3866 1932 Dico
3918 1872 4144 1931 autem
4194 1865 4370 1933 duas

2793 1977 3056 2057 pot-las,
3092 1970 3259 2038 duas
3292 1979 3522 2049 105105,
3554 1973 3698 2039 51νο
3720 1972 3892 2040 (1005
3946 1974 4238 2063 parietes
4282 1973 4364 2039 ad

2800 2075 3080 2143 modum
3112 2077 3529 2146 concharum
3563 2080 3774 2148 factos
3797 2081 3866 2146 in
3895 2103 4181 2170 corpore
4205 2103 4356 2147 500.

2801 2183 2880 2250 131
2914 2208 2999 2252 ex
3028 2186 3124 2254 015
3163 2195 3256 2253 051
3291 2187 3570 2278 aliquod
3602 2188 3783 2278 quod
3818 2211 3957 2255 non
3992 2187 4198 2255 hahet
4236 2189 4361 2254 0151

2798 2313 3007 2359 unam
3048 2303 3313 2384 portam
3346 2295 3747 2363 conchalem
3795 2319 3810 2363 :
3852 2296 4180 2386 quoniam
4213 2319 4367 2385 pars

2799 2401 3020 2468 carnis
3049 2424 3198 2492 quae
3228 2411 3328 2470 051
3379 2405 3447 2470 10
3478 2427 3586 2483 00,
3617 2413 3720 2472 051
3769 2404 4050 2472 inferius
4092 2406 4160 2470 in
4211 2428 4367 2493 pro-

2799 2507 3008 2576 fundo
3075 2509 3255 2577 illius
3322 2510 3628 2595 conchae,
3692 2512 3867 2579 51001
3926 2519 4028 2579 051
4099 2512 4368 2579 testudo

2799 2616 2981 2705 apud
3010 2640 3159 2695 005,
3194 2627 3261 2686 01
3290 2617 3526 2692 limax,
3554 2627 3620 2686 et
3648 2618 3781 2686 hoc
3812 2620 4046 2686 Graece
4079 2629 4368 2684 voratur

2802 2724 3057 2793 rabem.

2888 2831 3131 2899 Adhuc
3170 2841 3399 2900 autem
3435 2836 3609 2901 inter
3639 2859 3719 2901 ea
3752 2858 3904 2925 quae
3938 2834 4188 2901 hahent
4214 2858 4371 2902 con-

2801 2939 3028 3009 chales
3066 2950 3294 3031 portas
3325 2943 3518 3018 (1005,
3555 2943 3870 3033 quaedam
3936 2953 4096 3010 sunt
4158 2952 4367 3033 porta·

2802 3049 3178 3139 aperientes
3210 3058 3275 3117 et
3323 3050 3716 3118 claudentes
3761 3073 3935 3128 5050,
3970 3052 4145 3117 sicut
4181 3052 4247 3117 in
4290 3077 4369 3114 00

2801 3157 2984 3249 quod
3027 3157 3274 3225 dicitur
3302 3160 3627 3249 alst-onim
3664 3168 3728 3227 et
3762 3160 3986 3227 molee!
4009 3161 4266 3241 (ira-ce,
4303 3166 4366 3225 01

2801 3268 2971 3335 51001
3012 3267 3189 3356 apud
3251 3290 3375 3334 nos
3442 3277 3601 3335 5001
3668 3266 3948 3335 coneha·
3991 3291 4142 3358 qua*
4211 3276 4362 3333 51101

2801 3399 2920 3466 per
2959 3376 3238 3442 modum
3289 3376 3596 3443 alvorum
3639 3377 4101 3465 olilongormn
4142 3399 4155 3444 ε
4193 3399 4371 3467 quo·

2801 3485 2982 3551 niam
3017 3485 3143 3551 ista
3196 3484 3446 3552 hahent
3515 3485 3760 3552 modos
3799 3482 4051 3575 quihus
4108 3485 4363 3552 animal

2799 3592 3179 3685 applicatur
3206 3594 3275 3660 in
3308 3601 3500 3685 parte
3542 3594 3784 3684 spissa,
3854 3603 3922 3661 01
3960 3603 4121 3662 5001
4165 3595 4356 3662 vacui

2800 3704 2869 3771 in
2928 3710 3113 3793 parte
3161 3711 3466 3769 extrema
3533 3704 3749 3781 tenui,
3792 3710 3860 3771 01
3908 3703 4002 3771 1111
4058 3703 4371 3794 aperiun-

2800 3820 2959 3881 tur:
2993 3820 3059 3879 et
3123 3819 3401 3902 propter
3455 3809 3586 3878 hoc
3646 3818 3916 3902 oportet
3982 3813 4166 3903 quod
4209 3836 4366 3902 ape-

2799 3919 3062 3986 riantur
3095 3926 3159 3986 et
3191 3918 3619 3997 claudantur,
3655 3921 3818 4009 quia
3865 3917 4067 3986 aliter
4112 3917 4362 3984 animal

2799 4050 2936 4094 non
3012 4026 3546 4115 conjungeretur
3601 4025 3785 4109 01110,
3840 4048 4000 4093 00111
4062 4048 4198 4092 11011
4243 4025 4370 4091 im·

2797 4135 2976 4227 pleat
3017 4143 3230 4202 totam
3288 4133 3579 4202 ancham
3640 4158 3857 4225 usque
3918 4134 4000 4201 ad
4062 4144 4365 4202 extrema

2799 4245 3033 4335 ipsius.
3071 4243 3148 4311 ln
3187 4243 3598 4334 quibusdam
3640 4251 3870 4311 autem
3902 4243 4365 4334 aperientibus

2799 4379 2869 4421 50
2899 4360 2963 4421 01
2994 4350 3467 4420 claudentibus
3515 4359 3673 4418 5001
3725 4350 3877 4419 dnae
3938 4359 4149 4441 porta·
4208 4375 4360 4440 qua·

2798 4459 3208 4529 clauduntur
3236 4483 3320 4525 ex
3341 4467 3630 4549 utraque
3663 4467 3881 4549 parte,
3907 4460 4082 4526 510111
4115 4456 4367 4525 animal

2801 4570 2983 4661 quod
3016 4568 3265 4636 dicitur
3287 4566 3507 4633 saliet·
3539 4589 3554 4634 ε
3593 4575 3656 4635 01
3691 4567 3836 4636 11100
3877 4591 4017 4635 non
4051 4570 4371 4635 nutriun-

2802 4687 2913 4746 tur
2948 4677 3077 4744 0151
3145 4674 3436 4745 humore
3477 4678 3593 4767 qui
3661 4674 3936 4745 resudat
3979 4700 4100 4765 per
4166 4676 4370 4743 rimas

2802 4784 3107 4861 concha·,
3176 4794 3240 4852 01
3311 4784 3457 4851 lia-‹-

2804 4894 2919 4962 lia.

2893 4999 3137 5069 Adhuc
3174 5008 3405 5069 autem
3439 4999 3520 5066 de
3579 5021 3870 5066 numero
3929 4998 4180 5066 horum
4229 5002 4373 5066 ani·

2807 5106 3088 5175 mallum
3139 5116 3264 5186 est,
3295 5105 3485 5196 quod
3561 5114 3785 5173 totum
3843 5128 4092 5195 eorpus
4169 5104 4370 5174 hahet

2803 5216 3148 5285 continua·
3213 5222 3404 5282 105110
3446 5214 3675 5289 00105,
3714 5213 3805 5279 ita
3837 5213 4023 5303 quod
4087 5214 4157 5282 in
4224 5216 4371 5305 ipso

2807 5322 2977 5391 nihil
3044 5319 3268 5389 carnis
3315 5329 3623 5412 apparet,
3658 5318 3832 5387 sicut
3890 5318 4144 5386 animal
4189 5320 4371 5410 quod

2805 5437 3091 5498 vocatur
3125 5428 3319 5496 riclea
3354 5450 3369 5495 ε
3417 5436 3482 5495 01
3521 5434 3683 5495 suut
3721 5426 4037 5516 qua-dam
4097 5449 4375 5516 marga-

2809 5538 2951 5606 ritae
3008 5558 3162 5628 quae
3196 5534 3438 5604 mediae
3483 5541 3643 5602 sunt
3704 5534 3881 5601 inter
3909 5543 4222 5602 naturam
4258 5558 4374 5600 05-

2806 5654 2965 5715 11·οω
3006 5653 3070 5713 01
3110 5643 3388 5713 concha·
3419 5643 3653 5727 ostrei,
3678 5651 3746 5712 01
3774 5643 3856 5711 (10
3887 5643 4204 5711 sensibus
4234 5661 4371 5709 non

2812 5751 3064 5821 hahent
3084 5752 3214 5820 0151
3260 5760 3541 5842 gustum
3598 5749 3921 5827 debilem,
3993 5748 4371 5817 secundum

4092 5890 4157 5942 ¹8

3540 4796 3875 4849 5111111010
3933 4795 3986 4845 .-t
4048 4785 4369 4851 {wulwold-
