4919 6371
624 342 752 410 368

621 508 1074 599 complexioni
1105 505 1334 581 simili,
1374 506 1442 570 in
1484 529 1621 595 quo
1665 507 2037 576 delectatur
2064 533 2180 576 na-

620 616 945 683 turaliter.

709 723 1061 790 Naturales
1129 725 1335 792 etiam
1404 725 1838 796 diversitates
1923 729 2178 797 habent

615 831 935 900 animalia
964 835 1338 902 secundum
1397 836 1548 904 loca
1609 839 1677 904 in
1735 839 1983 928 quibus
2022 862 2176 905 ma-

615 947 825 1007 nent:
877 948 942 1007 et
1012 943 1382 1010 secundum
1446 942 1578 1010 hoc
1641 944 1955 1033 quaedam
2015 952 2174 1008 sunt

611 1051 994 1140 gressibilia
1033 1076 1183 1143 quae
1240 1075 1446 1142 super
1484 1061 1740 1117 terram
1773 1050 1879 1117 vel
1916 1052 1984 1116 in
2016 1073 2169 1116 aere

617 1156 941 1236 habitant,
977 1167 1042 1225 et
1082 1158 1398 1248 qua¹dam
1431 1166 1594 1223 sunt
1622 1157 1889 1223 marina
1921 1158 2172 1224 natati-

612 1265 728 1332 lia.
800 1265 1140 1332 Marinum
1216 1273 1446 1330 autem
1499 1271 1613 1330 aut
1671 1272 1985 1332 terrestre
2025 1288 2171 1332 esse

617 1371 869 1439 animal
899 1369 1142 1438 dicitnr
1181 1370 1449 1436 duobus
1492 1371 1756 1438 modis:
1803 1371 2169 1462 aliquando

616 1480 798 1543 enim
857 1476 1100 1543 dicitur
1159 1486 1469 1546 terrestre
1537 1477 1928 1568 qressibile,
1989 1479 2171 1570 quod

613 1583 914 1652 anhelitu
961 1582 1363 1675 prohibetur
1403 1583 1713 1654 habitare
1764 1589 1834 1654 in
1868 1610 2069 1677 aqua,
2105 1598 2172 1655 et

612 1689 878 1779 cogitur
914 1687 1219 1757 habitare
1250 1690 1319 1755 in
1361 1697 1541 1756 terra
1589 1697 1656 1757 et
1713 1691 1785 1756 in
1841 1712 2017 1757 aere.
2056 1689 2172 1757 Si-

615 1795 865 1864 militer
902 1804 1128 1864 autem
1187 1794 1556 1885 aliquando
1613 1805 1900 1864 vocatur
1946 1800 2171 1866 mari-

613 1928 779 1972 num
809 1906 951 1971 sive
981 1904 1380 1994 aquaticum
1411 1903 1734 1984 natatile,
1762 1903 1948 1995 quod
1968 1905 2170 1974 bran-

611 2009 755 2078 chis
810 2033 930 2101 per
995 2008 1277 2077 moduni
1358 2012 1831 2101 inspirationis
1896 2011 2172 2080 attrahit

613 2141 859 2209 aquam
891 2127 954 2185 et
983 2121 1239 2186 evomit
1270 2120 1354 2186 ad
1385 2120 1683 2211 pectoris
1714 2121 2165 2212 refrigerium,

614 2232 681 2291 ct
724 2223 853 2292 hoc
892 2231 1175 2291 vocatur
1220 2227 1653 2315 aquaticum,
1710 2227 1856 2295 sive
1904 2227 2170 2296 mansio

613 2332 759 2419 ejus
796 2331 883 2398 sit
912 2331 981 2398 in
1036 2353 1213 2422 aqua
1253 2334 1398 2400 sive
1456 2333 1527 2399 in
1595 2342 1803 2401 terra.
1841 2334 2169 2414 Quaedam

615 2447 840 2506 autem
907 2440 1224 2508 animalia
1288 2441 1356 2507 in
1425 2450 1717 2532 utroque
1775 2443 2171 2510 communi-

615 2553 768 2613 cant
813 2569 828 2614 ε
872 2546 1085 2614 multa
1114 2548 1297 2615 enim
1330 2557 1488 2615 sunt
1522 2571 1674 2640 quoe
1706 2549 2040 2640 inspirant
2067 2573 2176 2616 ae.-

618 2676 757 2720 rem
788 2662 853 2721 et
886 2653 1190 2721 habitant
1222 2655 1290 2721 in
1323 2664 1497 2722 terra
1537 2678 1552 2721 :
1599 2663 1667 2724 et
1707 2664 1938 2723 tamen
1984 2656 2175 2723 cibus

610 2785 847 2830 eorum
871 2771 935 2830 et
966 2765 1236 2829 venatio
1277 2763 1409 2830 eibi
1452 2773 1554 2831 est
1594 2765 1662 2831 in
1698 2789 1901 2856 aqua,
1937 2775 2003 2833 et
2032 2765 2177 2832 lon-

607 2895 695 2961 go
720 2878 1020 2961 tempore
1043 2873 1110 2938 in
1134 2894 1311 2961 aqua
1333 2872 1507 2938 bene
1533 2895 1814 2940 manere
1845 2882 2168 2963 possunt:

604 2985 668 3044 et
707 2978 856 3045 ideo
886 2977 1016 3046 hoc
1046 2979 1299 3046 animal
1344 2980 1549 3047 simul
1574 2989 1866 3049 vocatur
1895 2989 1957 3047 et
1989 3004 2176 3071 gres·

605 3083 798 3151 sibile
855 3093 915 3151 et
989 3085 1287 3152 natatile.
1358 3085 1494 3153 Sed
1553 3086 1825 3154 nullum
1887 3088 2171 3154 omnino

604 3192 840 3260 talium
908 3193 1094 3284 quod
1147 3194 1386 3284 recipit
1453 3216 1707 3285 aquam
1776 3203 1840 3263 et
1896 3195 2178 3285 insuper

607 3297 913 3367 ambulat
951 3300 1018 3366 in
1049 3307 1252 3376 terra,
1297 3310 1398 3367 est
1466 3299 1657 3391 quod
1715 3299 1944 3368 eibum
1974 3324 2175 3369 vene-

607 3413 719 3474 tur
770 3407 838 3473 in
878 3413 1079 3484 terra,
1125 3407 1280 3473 licet
1334 3428 1373 3473 e
1440 3430 1783 3476 converso
1835 3407 1970 3475 sint
2024 3432 2175 3500 qum

621 3520 779 3582 sunt
843 3514 1198 3604 spirantia,
1258 3521 1326 3581 et
1382 3513 1696 3584 natatilia
1730 3538 1884 3608 quae
1945 3516 2173 3584 cibum

597 3627 946 3689 venantur
975 3620 1044 3688 in
1077 3642 1281 3711 aqua,
1315 3620 1494 3689 sicut
1523 3620 1854 3690 diximus

692 3725 1022 3807 Quaedam
1054 3735 1282 3795 autem
1302 3728 1402 3797 sic
1430 3737 1592 3796 sunt
1621 3731 1961 3820 aquatica,
1990 3731 2173 3823 quod

602 3832 676 3899 in
733 3856 912 3922 aqua
980 3833 1327 3901 manentia
1392 3845 1590 3903 extra
1647 3859 1901 3927 aquam
1947 3837 2172 3905 vivere

609 3963 749 4007 non
798 3949 1110 4031 possunt,
1141 3941 1315 4009 sicut
1373 3950 1660 4012 tortucae
1719 3947 2050 4036 aquatica·
2107 3942 2172 4013 est

601 4049 928 4130 tencheae,
996 4074 1150 4143 qua·
1190 4061 1350 4120 sunt
1405 4052 1488 4119 de
1527 4076 1780 4145 genere
1819 4054 2168 4133 crocodili,

599 4162 662 4223 ct
694 4178 908 4246 equus
945 4157 1325 4248 aquaticus.
1369 4166 1435 4225 et
1481 4181 1806 4226 ranarum
1866 4161 2175 4230 marina-

604 4281 754 4328 rum
803 4282 1057 4352 genera
1092 4282 1109 4328 :
1172 4260 1331 4330 licet
1362 4262 1551 4330 enim
1632 4263 1764 4331 ista
1802 4263 2170 4356 aliquando

598 4366 1031 4457 egrediantur
1086 4366 1168 4435 de
1199 4390 1405 4459 aqua,
1453 4376 1687 4438 tamen
1741 4371 2167 4440 mansionem

599 4473 845 4544 habent
881 4477 950 4543 in
991 4499 1193 4568 aqua,
1227 4485 1295 4544 et
1322 4479 1471 4546 sine
1498 4500 1580 4547 ea
1629 4477 2022 4548 nullatenus
2049 4480 2165 4547 diu

599 4583 826 4651 vivere
850 4590 1137 4674 possunt
1164 4606 1179 4652 ε
1216 4586 1613 4652 moriuntur
1641 4585 1826 4653 enim
1858 4596 2165 4677 separata

602 4688 689 4757 ab
718 4713 920 4783 aqua.
947 4690 1278 4771 Qua-dam
1304 4695 1512 4761 etiam
1545 4703 1829 4763 manent
1861 4698 1930 4764 in
1961 4717 2163 4788 aqua,

604 4820 753 4889 quae
793 4821 1169 4892 numquam
1229 4800 1684 4891 egrediuntur
1746 4803 1831 4872 ad
1886 4812 2161 4872 terram.

603 4903 932 4984 Qua-dam
998 4915 1227 4977 autem
1277 4916 1442 4976 sunt
1488 4907 1770 5001 quidem
1826 4914 2163 5003 aquatica,

602 5019 669 5079 et
705 5018 932 5080 tamen
961 5014 1261 5105 pariunt,
1306 5022 1375 5082 et
1423 5024 1660 5084 creant
1709 5016 1939 5107 pullos
2002 5040 2164 5087 suos

605 5120 671 5187 in
730 5127 930 5188 terra.
974 5120 1301 5201 Quaedam
1354 5123 1564 5191 etiam
1621 5120 1935 5193 absolute
1966 5147 2166 5195 man-

602 5224 866 5294 sionem
896 5224 1148 5297 habent
1196 5229 1266 5295 in
1301 5235 1481 5296 terra
1526 5251 1544 5296 ε
1578 5236 1644 5297 et
1673 5237 1908 5301 tamen
1936 5232 2163 5303 cibum

602 5346 937 5401 venantur
968 5338 1034 5403 in
1077 5359 1280 5428 aqna,
1324 5339 1501 5405 sicut
1562 5337 1768 5418 lutra,
1810 5349 2058 5425 castor,
2100 5351 2165 5411 ct

605 5437 915 5531 quaedam
945 5443 1102 5511 alia.

688 5543 1068 5638 Delphinus
1123 5560 1354 5621 autem
1406 5559 1475 5622 et
1511 5550 1644 5619 sibi
1674 5552 1954 5632 similia,
1999 5562 2067 5625 et
2094 5556 2165 5624 id

598 5653 782 5745 quod
807 5665 1090 5725 vocatur
1124 5658 1400 5737 kalone,
1441 5660 1590 5728 sive
1646 5656 1892 5728 balena
1929 5670 1998 5731 et
2049 5686 2167 5732 ce-

1578 337 1663 403 D.
1717 336 1919 403 ALB.
1974 335 2187 404 MAG.
2247 336 2451 406 ORD.
2508 342 2802 411 PRAED.

2283 519 2417 593 tus,
2451 523 2518 583 et
2557 516 3027 584 universaliter
3084 520 3313 585 omnia
3357 523 3667 608 aquatica
3713 523 3827 588 ha-

2282 622 2511 691 bentia
2541 648 2790 693 cannas
2826 650 2947 716 per
2985 649 3151 717 quas
3200 630 3526 718 respirant
3568 652 3820 704 aerem,

2281 739 2349 797 et
2384 754 2540 798 cum
2581 730 2711 800 hoc
2740 742 2969 802 tamen
3008 758 3287 802 manens
3320 737 3386 801 in
3444 759 3644 826 aqua,
3690 761 3828 804 non

2281 847 2382 905 est
2445 839 2638 905 facile
2694 840 3138 909 determinare
3197 851 3423 909 utrum
3490 844 3643 934 plus
3717 868 3829 911 se-

2279 953 2575 1032 quantur
2612 955 2923 1013 naturam
2973 951 3390 1017 marinorum
3432 952 3829 1040 simpliciter

2279 1043 2772 1132 aquaticorum,
2820 1053 2936 1112 aut
2998 1045 3149 1135 plus
3197 1056 3564 1138 sequantur
3622 1057 3827 1115 natu-

2276 1176 2421 1221 ram
2448 1151 2947 1219 ambulantium
2968 1153 3357 1244 simpliciter
3380 1159 3819 1224 terrestrium.

2272 1260 2311 1326 J
2316 1283 2426 1328 arn
2458 1261 2640 1328 enim
2663 1259 3170 1351 diximus,quod
3190 1261 3537 1352 gressibile
3560 1263 3827 1329 videtur

2275 1391 2418 1435 esse
2478 1368 2828 1447 anhelanS,
2865 1377 2929 1435 et
2996 1371 3330 1436 marinum
3364 1371 3506 1437 sive
3548 1371 3822 1436 natatile

2275 1496 2418 1541 esse
2448 1475 2717 1541 videtur
2756 1473 2935 1564 quod
2975 1498 3221 1564 aquarn
3264 1474 3578 1541 branchis
3610 1486 3824 1543 attra-

2274 1580 2398 1658 hit,
2433 1589 2498 1648 et
2529 1582 2784 1649 evomit
2810 1602 2931 1669 per
2960 1580 3235 1646 modum
3273 1583 3735 1669 respirationis
3758 1591 3823 1649 et

2275 1686 2760 1775 inspirationis
2796 1686 2958 1754 Haec
3021 1695 3244 1754 autem
3304 1710 3454 1777 quae
3495 1688 3820 1766 diximus»,

2274 1791 2782 1858 communicant
2809 1813 2966 1858 cum
2994 1799 3280 1881 utroque
3328 1790 3573 1859 horum
3612 1815 3626 1858 :
3677 1791 3825 1859 haec

2276 1899 2458 1966 enim
2490 1898 2819 1987 recipiunt
2848 1897 3100 1988 aliquid
3140 1920 3330 1988 aquae
3387 1920 3507 1988 per
3558 1908 3815 1989 guttur,

2276 2016 2342 2076 et
2379 2008 2709 2097 recipiunt
2767 2029 2990 2074 aerem
3047 2008 3116 2074 in
3176 2007 3574 2099 pulmonem
3620 2031 3825 2098 :pro—

2274 2123 2423 2205 pter
2451 2114 2635 2205 quod
2673 2115 2876 2181 etiam
2932 2115 3202 2206 quando
3250 2115 3527 2205 aliquod
3572 2114 3820 2182 horum

2277 2220 2677 2289 animalium
2706 2220 3021 2290 ceciderit
3056 2223 3125 2289 in
3156 2230 3316 2301 rete,
3361 2231 3426 2289 et
3483 2222 3826 2312 aliquam-

2278 2329 2391 2397 diu
2405 2329 2718 2418 jacuerit,
2762 2338 3106 2397 mortuum
3139 2331 3480 2397 invenitur
3510 2339 3575 2396 et
3614 2337 3830 2396 stran-

2279 2445 2589 2538 gulatum
2627 2468 2748 2537 per
2800 2468 3074 2537 aquam,
3114 2453 3389 2537 propter
3453 2444 3582 2513 hoc
3642 2444 3831 2535 quod

2280 2555 2348 2621 in
2379 2555 2506 2622 reti
2536 2562 2652 2621 aut
2681 2555 2749 2620 in
2780 2553 2913 2621 alio
2946 2557 3394 2621 instrumento
3416 2553 3826 2628 venationiS,

2282 2661 2456 2727 sicut
2493 2668 2594 2727 est
2640 2662 3091 2749 gurgustium,
3145 2668 3261 2727 aut
3309 2659 3574 2740 hamuS,
3614 2658 3833 2746 respi-

2283 2767 2619 2833 rationem
2650 2767 2823 2833 aeris
2863 2788 3001 2833 non
3032 2774 3251 2855 potest
3281 2765 3551 2832 habere.
3588 2764 3660 2829 Si
3703 2786 3835 2829 au-

2283 2882 2421 2941 tem
2453 2883 2642 2941 extra
2690 2896 2937 2964 aquam
2994 2872 3304 2942 ceciderit
3370 2874 3438 2938 in
3507 2871 3825 2962 laqueum

2285 2983 2583 3074 aliquem
2614 2990 3041 3062 venatorum,
3076 2982 3321 3072 poterit
3351 2982 3577 3047 vivere
3617 2978 3827 3068 longo

2283 3096 2612 3179 tempore.
2677 3086 2944 3155 Solutio
3010 3095 3239 3154 autem
3308 3085 3510 3174 hujus
3566 3084 3831 3151 dubita-

2280 3197 2488 3264 tionis
2544 3204 2670 3274 cst,
2703 3196 2886 3288 quod
2940 3219 3275 3287 ponamus
3315 3197 3442 3262 ista
3508 3192 3833 3261 animalia

2282 3311 2347 3371 et
2386 3306 2649 3371 marina
2682 3311 2750 3371 et
2795 3305 3136 3372 terrestria
3168 3326 3183 3369 :
3219 3303 3335 3370 sed
3366 3301 3836 3369 rationabilius

2283 3433 2429 3479 esse
2461 3408 2753 3488 videtur,
2786 3416 2863 3476 ut
2918 3411 2985 3476 in
3030 3432 3276 3501 genere
3342 3407 3723 3476 natatilium
3762 3413 3828 3474 et

2282 3520 2753 3609 aquaticorum
2836 3540 2983 3587 esse
3071 3525 3436 3608 ponantur.
3524 3516 3830 3583 Dicimus

2282 3625 2493 3704 enim,
2552 3622 2735 3717 quod
2808 3624 3041 3693 omnia
3126 3622 3515 3714 recipientia
3580 3643 3829 3712 aquam

2282 3730 2600 3800 branchis
2653 3754 2775 3822 per
2802 3730 3080 3800 modum
3136 3730 3554 3799 attractionis
3584 3739 3651 3796 et
3707 3751 3833 3795 ex-

2283 3840 2615 3930 pulsionis
2667 3837 2795 3908 sub
2861 3845 3159 3930 gutture,
3193 3861 3330 3905 non
3389 3837 3635 3904 faciunt
3699 3834 3829 3904 hoc

2283 3947 2413 4015 nisi
2453 3953 2728 4037 propter
2764 3944 3073 4013 eamdem
3096 3966 3369 4012 causam
3405 3966 3539 4033 qua
3574 3943 3708 4009 alia
3739 3965 3839 4009 re-

2281 4051 2603 4143 spirando
2659 4061 2726 4119 et
2777 4051 3167 4142 inspirando
3228 4049 3557 4138 recipiunt
3605 4071 3832 4116 aerem

2281 4158 2367 4226 ad
2429 4157 2852 4249 refrigerium
2918 4156 3206 4247 pectoris
3280 4154 3615 4222 videlicet.
3675 4153 3834 4221 ltaeo

2281 4271 2508 4331 autem
2601 4261 2682 4330 de
2775 4261 3022 4352 quihus
3103 4259 3400 4328 diximus
3472 4259 3829 4336 animalia,

2281 4392 2531 4460 aquam
2600 4391 2735 4436 nnn
2803 4369 2927 4435 nisi
3023 4378 3295 4459 propter
3361 4368 3588 4434 eibum
3670 4369 3836 4434 reci-

2279 4480 2475 4571 piunt
2518 4500 2534 4544 1
2586 4477 2776 4545 cibus
2833 4478 3016 4544 enim
3046 4500 3282 4544 eorum
3353 4478 3465 4567 qui
3526 4475 3835 4565 comple·-

2282 4587 2467 4655 xioni
2535 4607 2769 4654 eorum
2837 4584 3077 4652 similis
3133 4593 3229 4652 est
3291 4585 3360 4651 in
3391 4606 3567 4674 aqua
3614 4605 3629 4650 :
3674 4582 3831 4672 quia

2279 4692 2463 4760 enim
2516 4688 2660 4757 liaec
2713 4709 2849 4755 non
2906 4689 3234 4779 recipiunt
3275 4686 3509 4755 cibum
3571 4686 3700 4752 nisi
3763 4685 3830 4752 in

2278 4820 2480 4890 aqua,
2513 4818 2785 4865 necesse
2823 4802 3025 4862 estut
3065 4796 3385 4886 recipiant
3442 4816 3695 4884 aquam
3764 4794 3828 4859 in

2278 4908 2429 4978 cibo
2459 4931 2587 4976 suo
2625 4930 2641 4975 ε
2674 4915 2741 4975 et
2787 4906 2945 4998 quia
2990 4907 3406 4997 superfluum
3446 4926 3600 4973 cum
3678 4903 3831 4971 cibo

2277 5018 2611 5110 recipiunt
2647 5014 3031 5093 humidum,
3096 5016 3548 5085 necessarium
3597 5020 3700 5081 est
3759 5019 3828 5079 ut

2278 5125 2575 5198 habeant
2614 5126 3138 5193 instrumentum
3172 5149 3292 5217 per
3327 5123 3505 5216 quod
3578 5144 3827 5213 aquam

2276 5237 2689 5328 superfluam
2777 5233 3070 5322 ejiciant.
3173 5230 3507 5300 Animalia
3596 5238 3822 5296 autem

2276 5345 2587 5437 aquatica
2615 5342 3003 5433 recipientia
3053 5365 3298 5433 aquam
3330 5351 3390 5410 et
3441 5340 3824 5408 evomentia

2275 5453 2426 5523 loco
2466 5450 2802 5521 anhelitus
2839 5449 3094 5520 habent
3121 5451 3456 5520 branchos
3490 5473 3505 5517 :
3541 5448 3658 5517 sed
3700 5448 3824 5516 ista

2277 5583 2428 5653 quae
2465 5558 2878 5651 superfluam
2929 5559 3261 5649 recipiunt
3312 5556 3819 5631 humiditatem,

2272 5676 2551 5760 propter
2587 5664 2815 5733 cibum
2854 5667 3241 5758 aquaticum
3270 5665 3526 5735 habent
3550 5660 3822 5759 canales
