4919 6371
2011 428 2181 496 LIB.
2235 431 2367 498 ΧΠ
2421 433 2535 500 DE
2582 437 3172 539 ANIMALIBUS,
3222 459 3528 534 TRACT.
3581 469 3678 538 111

1199 582 1359 670 quia
1395 587 1520 653 nisi
1563 590 1751 660 visus
1805 603 1980 662 esset
2028 606 2181 664 ante
2228 599 2294 664 in
2327 604 2567 691 capite,
2613 631 2750 677 non
2859 622 3200 693 marinum
3255 634 3438 719 quod
3469 637 3712 708 dicitur
3739 648 3931 713 coela·
3974 652 4118 722 sive
4156 659 4412 731 vitulus

1191 711 1327 757 non
1359 699 1524 761 satis
1546 706 1777 786 aperte
1807 701 2163 788 perliceret
2189 728 2359 795 opus
2382 734 2608 781 suum.
2854 731 3184 811 marinus,
3233 736 3440 808 habet
3477 745 3643 814 tales
3702 753 3847 819 vias
3898 778 3914 820 ε
3961 762 4120 848 quia
4172 769 4409 839 eadem

1278 798 1350 865 ln
1392 804 1715 870 omnibus
1745 815 1979 874 autem
2020 812 2430 885 animalibus
2481 820 2746 891 haben·
2848 830 3335 922 impedimenta
3376 869 3527 936 quae
3575 853 3871 926 facerent
3927 885 4126 934 aures
4174 873 4244 938 in
4281 898 4411 944 vo-

1180 903 1357 972 tibus
1392 931 1635 975 nasum
1681 934 1821 978 non
1870 917 2219 1004 perficitur
2260 924 2574 1009 ollactus,
2612 933 2740 999 nisi
2846 933 2987 1003 latu
3072 946 3303 1015 avium
3360 954 3415 1019 si
3504 954 3830 1032 haberent
3891 991 4027 1053 eaS,
4102 975 4402 1051 facerent

1174 1034 1296 1100 per
1323 1018 1798 1087 attractionem
1830 1025 2029 1094 aeris,
2074 1027 2225 1099 Hoc
2253 1042 2483 1102 autem
2526 1061 2741 1105 mem-
2843 1046 3047 1114 etiam
3096 1051 3165 1118 in
3206 1062 3595 1133 natatilibus
3632 1072 3685 1136 si
3748 1071 4080 1148 haberent
4134 1089 4402 1157 auricu-

1172 1117 1369 1186 brum
1428 1125 1639 1191 estin
1676 1130 1900 1199 medio
1931 1157 2283 1219 sensuum,
2328 1145 2510 1210 etin
2549 1156 2738 1214 aute-
2840 1150 2936 1218 las
2994 1178 3009 1221 :
3072 1167 3479 1249 generaliter
3536 1179 3719 1244 enim
3796 1183 4063 1253 nullum
4134 1195 4387 1266 animal

1169 1224 1329 1291 riori
1367 1239 1558 1317 parte
1609 1237 1847 1324 capitis
1910 1263 1924 1307 :
1970 1251 2037 1309 et
2085 1255 2441 1336 propterea
2490 1260 2730 1320 natura
2835 1282 3049 1331 ovans
3105 1267 3310 1341 habet
3365 1282 3722 1363 auriculas,
3796 1291 3914 1358 sed
3970 1292 4176 1366 habet
4249 1306 4392 1374 vias

1165 1334 1389 1419 posuit
1425 1336 1557 1406 hoc
1588 1344 1977 1414 membrum
2036 1351 2105 1416 in
2137 1353 2360 1420 medio
2392 1357 2600 1424 trium
2629 1360 2729 1426 in·
2830 1373 3096 1440 tantum
3163 1379 3454 1450 auditus,
3517 1388 3725 1480 'l'alpa
3790 1407 4019 1467 autem
4081 1428 4231 1495 quae
4290 1420 4392 1480 est

1162 1448 1704 1516 strumentorum
1745 1455 2013 1543 capitis,
2042 1458 2296 1528 scilicet
2335 1464 2717 1548 oculorum,
2828 1480 3239 1573 quadrupes,
3296 1514 3433 1559 non
3500 1494 3705 1567 habet
3755 1508 4117 1591 auriculas,
4166 1539 4385 1609 neque

1156 1556 1220 1614 et
1268 1553 1564 1634 aurium,
1600 1559 1829 1625 eteris
1859 1561 2005 1629 sive
2040 1563 2290 1656 linguae
2326 1592 2341 1636 :
2378 1578 2443 1637 et
2484 1574 2721 1664 dispo·
2824 1586 3028 1655 etiam
3064 1590 3267 1663 babet
3305 1602 3555 1681 visum,
3594 1610 3714 1676 sed
3752 1610 3958 1684 habet
3995 1623 4145 1690 vias
4177 1628 4384 1696 audi-

1152 1656 1358 1724 situm
1395 1665 1590 1750 quasi
1638 1667 1904 1734 cortina
1947 1670 2279 1761 disposita
2319 1678 2414 1747 sie
2461 1681 2530 1747 in
2577 1706 2716 1752 me·
2822 1700 2929 1761 tus
2962 1704 3247 1771 tantum.
3292 1707 3377 1776 Et
3407 1714 3722 1786 similiter
3751 1744 3902 1790 mus
3935 1730 4049 1816 qui
4091 1734 4158 1799 in
4200 1744 4378 1807 terra

1146 1760 1258 1829 dio
1290 1767 1560 1835 narium
1602 1780 1667 1839 et
1697 1797 1902 1864 super
1942 1779 2406 1853 additamenta
2447 1794 2709 1860 mamil-
2815 1797 3098 1885 habitat,
3163 1819 3227 1878 et
3265 1826 3366 1884 est
3422 1817 3606 1912 longi
3667 1834 3997 1918 corporiS,
4045 1846 4111 1905 et
4150 1840 4373 1911 brevis

1141 1870 1309 1938 laria
1376 1898 1390 1941 :
1448 1885 1514 1944 et
1562 1878 1694 1949 hoe
1745 1882 1895 1953 ideo
1955 1887 2084 1956 fuit
2142 1901 2215 1959 ut
2266 1917 2388 1983 per
2439 1909 2704 1969 motum
2811 1913 3067 1996 caudae,
3103 1926 3168 1987 et
3197 1923 3494 1994 colorem
3535 1929 3739 2002 habet
3778 1941 4102 2023 cuniculi,
4146 1957 4213 2016 et
4242 1973 4372 2018 vo-

1139 1977 1480 2052 anbelitus
1529 2000 1974 2061 moverentur
2012 2019 2027 2063 :
2076 2007 2138 2065 et
2173 2007 2336 2069 tunc
2364 2007 2519 2071 coni
2554 2030 2705 2076 ma·
2806 2030 2999 2089 catur
3045 2028 3227 2117 apud
3266 2034 3646 2108 Germanos
3693 2045 3877 2124 cael,
3923 2058 3990 2118 et
4028 2052 4098 2118 in
4135 2057 4365 2127 multis

1137 2088 1434 2160 millares
1466 2097 1803 2186 recipiunt
1834 2102 2079 2171 odores
2124 2129 2140 2172 ε
2187 2109 2245 2175 si
2274 2112 2457 2180 enim
2490 2118 2702 2184 eorti-
2804 2133 3123 2198 convenit
3162 2157 3318 2203 eum
3349 2142 3688 2225 cuniculo,
3731 2151 3850 2218 sed
3888 2153 4128 2225 dentes
4156 2158 4361 2230 habet

1135 2217 1222 2260 na
1259 2198 1403 2266 sine
1430 2199 1772 2273 velamine
1806 2218 2008 2291 esset,
2043 2234 2159 2280 aer
2187 2225 2252 2282 et
2279 2217 2520 2289 odores
2552 2245 2697 2291 om·
2800 2236 3014 2301 muris
3039 2259 3055 2303 :
3083 2237 3212 2309 hoc
3242 2246 3422 2313 enim
3446 2252 3699 2321 animal
3729 2279 3867 2325 non
3897 2259 4102 2330 habet
4132 2288 4354 2345 aures,

1131 2325 1248 2369 nes
1279 2304 1488 2377 libere
1520 2328 1955 2386 occurrerent
1984 2322 2361 2403 cerebro,et
2385 2352 2691 2401 corrum-
2795 2339 2916 2407 sed
2955 2344 3101 2411 vias
3150 2356 3411 2419 tantum
3474 2359 3772 2441 auditus,
3824 2367 3999 2434 sicut
4038 2377 4105 2436 et
4144 2371 4347 2462 talpa,

1127 2423 1363 2497 perent
1428 2418 1677 2507 ipsum.
1747 2423 1911 2493 llaec
1967 2429 2171 2497 etiam
2235 2435 2683 2507 instrumenta
2793 2470 2944 2536 qua·
2993 2452 3399 2544 impedirent
3442 2466 3659 2555 ipsam
3721 2472 3786 2538 in
3854 2474 4175 2546 fodiendo
4217 2490 4349 2549 ter·

1126 2526 1278 2605 apte
1319 2528 1384 2588 et
1433 2521 1607 2592 bene
1647 2526 1976 2620 disposita
2022 2546 2181 2605 sunt
2230 2540 2297 2606 in
2336 2542 2486 2612 aliis
2533 2548 2686 2613 aui-
3603 2580 3616 2592 '
3938 2587 3951 2599 ”
3990 2586 4002 2599 ·
4287 2592 4301 2606 “

1125 2624 1415 2694 malibus
1455 2652 1595 2698 non
1627 2635 2048 2725 spirantibus
2102 2667 2118 2711 :
2182 2647 2342 2734 quia
2401 2649 2517 2717 illa
2555 2651 2683 2720 ba-
2785 2666 3160 2756 plurimum
3198 2682 3637 2753 mansionum
3670 2686 3922 2760 borum
3943 2696 4348 2768 animalium

1119 2726 1275 2796 beut
1316 2735 1593 2806 cerebra
1640 2741 1925 2813 sicciora
1973 2756 2040 2815 et
2082 2750 2379 2835 duriora,
2429 2765 2495 2824 et
2527 2758 2676 2828 ideo
2787 2786 2886 2845 est
2936 2781 3062 2849 sub
3123 2794 3321 2857 tem-a,
3368 2794 3590 2864 Aures
3647 2810 3875 2869 autem
3945 2805 4197 2875 dantur
4261 2810 4347 2877 ad

1119 2859 1251 2903 11011
1297 2840 1383 2908 ila
1428 2843 1509 2911 dt·
1542 2845 1719 2915 facili
1752 2867 2309 2946 corrumpuntur·
2784 2883 2938 2968 boc,
2984 2898 3059 2959 nt
3086 2917 3293 2965 sonos
3354 2902 3828 2997 undecumque
3907 2913 3976 2978 in
4023 2937 4178 2984 aere
4225 2942 4349 2986 ve-

1203 2944 1462 3016 llerum
1500 2962 1732 3022 autem
1783 2981 2111 3030 sensuum
2152 2969 2359 3035 trium
2391 2974 2508 3061 qui
2553 2997 2674 3064 1³01·
2780 2991 3042 3063 nientes
3082 3000 3308 3090 ipsum
3341 3010 3798 3081 ventilabrum
3841 3022 4026 3086 auris
4069 3024 4345 3092 recolli-

4292 494 4413 562 641

1111 3052 1330 3120 inedia
1361 3060 1740 3131 extrinseca
1761 3088 1885 3133 sua
1913 3071 2294 3162 percipiunt
2322 3080 2667 3149 sensibilia

1111 3163 1369 3251 optima
1410 3176 1475 3236 et
1505 3175 1923 3245 conveniens
1963 3189 2065 3249 est
2101 3187 2349 3273 positio
2382 3211 2520 3256 non
2551 3216 2668 3258 so-

1106 3266 1248 3336 lum
1277 3272 1343 3339 in
1383 3271 1692 3357 bomine,
1726 3282 1847 3350 sed
1876 3286 2083 3354 etiam
2115 3289 2182 3356 in
2215 3293 2666 3386 quadrupedi-

1107 3374 1257 3456 bus,
1313 3387 1378 3447 et
1417 3381 1569 3450 aliis
1616 3390 1994 3460 secundum
2056 3401 2401 3489 propriam
2459 3414 2665 3472 natu-

1104 3504 1247 3549 ram
1306 3485 1541 3577 tigurae
1607 3495 1970 3583 cujuslibet
2025 3500 2325 3573 illorum.
2382 3508 2456 3575 ln
2498 3536 2660 3602 qua·

1101 3588 1517 3681 drupedibus
1573 3601 1757 3668 enim
1824 3609 2147 3678 auriculas
2207 3613 2276 3680 in
2324 3621 2655 3708 superiori

1098 3699 1201 3764 sui
1242 3703 1482 3791 eapitis
1519 3704 2004 3798 disponuntur,
2055 3720 2228 3789 sicut
2284 3726 2489 3794 etiam
2533 3752 2659 3820 ap-

1097 3813 1286 3892 paret
1324 3807 1409 3874 ad
1476 3812 1704 3882 visum
1752 3839 1767 3883 :
1819 3818 1981 3889 talia
2040 3826 2221 3894 enim
2269 3829 2358 3897 ad
2405 3839 2654 3902 terram

1097 3931 1310 3998 prona
1350 3922 1417 3981 et
1458 3915 1780 3989 inclinata
1821 3935 1981 3994 sunt
2020 3933 2364 4017 animalia,
2417 3948 2485 4007 et
2515 3963 2652 4009 non

1091 4020 1293 4087 erecti
1316 4027 1646 4114 corporis.
1677 4028 1905 4100 Motus
1934 4044 2162 4106 autem
2193 4046 2650 4118 auricularum

988 4128 1004 4142 ⁶
1096 4125 1299 4217 liujus
1329 4134 1647 4205 animalis
1676 4151 1837 4210 sunt
1866 4146 2297 4239 multiplices,
2333 4158 2501 4226 utin
2543 4162 2652 4230 ‹li-

1088 4260 1320 4308 versas
1351 4254 1578 4334 partes
1611 4260 1817 4320 iuotoe
1850 4277 2049 4327 aures
2079 4260 2341 4332 facilius
2370 4268 2653 4344 diversi-

1091 4355 1296 4417 tatem
1361 4376 1689 4427 sonorum
1747 4366 2125 4457 recipiant:
2171 4381 2236 4442 et
2283 4376 2433 4447 ideo
2469 4383 2646 4473 ipsas

1088 4451 1292 4524 babet
1322 4461 1392 4526 in
1422 4467 1758 4553 superiori
1791 4483 2005 4562 parte.
2038 4478 2220 4549 Aves
2242 4492 2471 4555 autem
2505 4514 2641 4561 non

1086 4559 1335 4634 babent
1401 4592 1627 4652 aureS,
1670 4576 1789 4644 seil
1839 4580 1985 4648 vias
2042 4594 2107 4653 et
2145 4587 2480 4663 foramina
2528 4623 2645 4667 au·

1086 4669 1261 4732 olilns
1323 4683 1584 4740 tantum
1648 4706 1660 4717 ·
1727 4688 2049 4749 antemium
2089 4691 2331 4750 liwlmnt
2379 4706 2512 4750 ,·..ι·ἶ

1081 4781 1328 4848 «turum
1361 4809 1444 4851 ex
1475 4794 1720 4877 pennis
1753 4817 1923 4884 quas·
1955 4798 2235 4882 liabent,
2271 4816 2337 4876 et
2388 4834 2525 4880 non
2557 4816 2640 4884 (le

1076 4884 1250 4954 facili
1312 4889 1591 4960 formari
1657 4910 1889 4987 posset
1931 4904 1997 4972 in
2069 4912 2337 4982 aurium
2387 4916 2639 5009 figuras

1076 4993 1220 5060 sine
1263 4997 1754 5087 impedimento
1786 5032 2040 5104 magno
2078 5018 2370 5090 volatus.
2419 5027 2636 5100 Fieret

1077 5101 1281 5169 etiam
1322 5126 1407 5172 ex
1463 5107 1727 5201 impetu
1775 5116 2047 5189 volatus
2078 5131 2305 5196 tantus
2349 5133 2418 5199 in
2457 5140 2638 5206 auri-

1074 5205 1200 5274 bus
1231 5233 1473 5297 sonus,
1508 5219 1697 5307 quod
1747 5245 2023 5298 necesse
2073 5244 2250 5304 esset
2286 5251 2632 5338 corrumpi

1071 5316 1425 5390 cerebrum
1473 5348 1489 5392 ε
1551 5335 1616 5395 et
1674 5329 1829 5400 ideo
1888 5346 2131 5409 natura
2175 5367 2311 5412 non
2343 5349 2500 5420 fecit
2537 5358 2633 5423 eis

1070 5423 1197 5492 uisi
1227 5427 1375 5495 vias
1425 5440 1724 5505 tantum.
1780 5439 2114 5514 Similiter
2151 5462 2381 5524 autem
2419 5484 2633 5553 squa-

1067 5551 1337 5601 mosum
1362 5560 1586 5611 ovans
1614 5544 1823 5618 babet
1850 5551 1999 5621 vias
2029 5557 2301 5630 auditus
2331 5570 2632 5641 occultas

1064 5635 1287 5718 valde,
1335 5665 1420 5711 ne
1459 5669 1582 5735 per
1618 5651 2004 5745 ingressum
2035 5685 2232 5753 aquai
2271 5674 2626 5749 cerebrum

1067 5763 1572 5842 corrumpatur.
1610 5758 1946 5837 Similiter
1992 5781 2219 5842 autem
2262 5788 2327 5848 et
2371 5786 2627 5859 animal

1386 5905 1446 5946 xl

2775 3108 2916 3188 gat,
2948 3112 3015 3171 et
3044 3106 3291 3200 dirigat
3330 3114 3414 3181 ad
3456 3117 3777 3190 interiora
3808 3126 4107 3197 auditus.

2873 3214 3350 3304 Capitulariter
3377 3223 3581 3312 igitur
3609 3227 3691 3296 ‹le
3729 3233 4008 3302 auribus
4040 3246 4105 3305 et
4144 3241 4337 3309 audi-

2774 3327 2846 3386 tu
2868 3321 3268 3392 animalium
3300 3329 3649 3400 sciendum
3680 3346 3805 3414 est,
3841 3341 4026 3429 quod
4057 3345 4332 3416 auditus

2771 3428 2845 3493 tit
2885 3428 2950 3494 iu
3004 3438 3287 3522 utraqu·⁸
3332 3446 3518 3525 parte
3561 3445 3821 3531 capitis,
3868 3474 3950 3513 eo
3993 3452 4177 3540 quod
4217 3477 4335 3523 an-

2767 3537 2981 3604 terior
3009 3562 3164 3628 pars
3197 3545 3435 3633 capitis
3474 3563 3846 3642 occupatur
3882 3580 3921 3623 a
3953 3559 4105 3627 visu
4157 3564 4331 3632 sicut

2767 3665 2806 3709 a
2835 3644 3287 3734 speculatore,
3335 3660 3400 3719 et
3449 3653 3699 3725 olfactu
3740 3672 4021 3755 propter
4059 3667 4329 3738 anheli-

2765 3760 2911 3820 tum
2942 3776 3149 3846 quem
3197 3760 3301 3827 ori
3340 3772 3607 3852 oportet
3655 3790 3801 3839 esse
3849 3775 4321 3865 conjunctum.

2763 3858 3056 3929 Auditus
3084 3874 3315 3935 autem
3344 3880 3622 3962 propter
3649 3899 3859 3946 sonos
3908 3904 4047 3950 non
4099 3894 4326 3977 potest

2761 3990 2909 4034 esse
2941 3968 3010 4036 in
3040 3972 3421 4045 medulloso
3452 3980 3649 4049 valde
3690 3982 3976 4056 humido
4013 4012 4028 4057 :
4067 4001 4135 4060 et
4165 3994 4321 4063 ideo

2759 4078 3061 4144 anterius
3090 4104 3236 4148 esse
3266 4106 3404 4152 non
3444 4098 3691 4177 pote-st,
3734 4095 3852 4162 sed
3883 4120 3924 4163 a
3957 4097 4168 4169 latere
4194 4125 4324 4192 po-

2758 4184 2919 4264 tius,
2952 4211 3034 4255 eo
3066 4193 3251 4280 quod
3283 4200 3617 4285 posterius
3647 4211 3749 4270 est
3778 4228 4075 4276 vacuum
4117 4211 4186 4279 in
4215 4236 4324 4282 ca·

2757 4294 2895 4383 pite
2927 4293 3225 4368 bominis
3274 4325 3290 4370 :
3332 4307 3550 4397 vergit
3586 4316 3812 4380 tamen
3855 4314 3940 4382 ad
3983 4323 4320 4407 posterius

2757 4399 2873 4468 ubi
2914 4406 3105 4471 nervi
3169 4417 3328 4477 sunt
3392 4410 3698 4484 duriores
3740 4442 3756 4486 ε
3825 4421 4071 4491 melius
4130 4432 4317 4498 enim

2755 4518 2954 4578 sonat
3010 4519 3414 4604 tympanum
3468 4521 3717 4593 durum
3768 4536 3834 4596 et
3903 4531 4189 4616 siccum,
4252 4547 4320 4607 et

2755 4618 2961 4683 etiam
2991 4619 3235 4687 melius
3263 4628 3745 4700 custodiuntur
3781 4658 3981 4703 aures
4017 4638 4319 4710 bominis

2760 4728 2768 4735 .
2865 4726 2875 4750 ,
2936 4739 2943 4753 ,
3237 4737 3270 4760 .,
3403 4737 3414 4754 .
3669 4743 3678 4761 .
3888 4746 3950 4776 ,.,

2749 4853 2968 4922 prona
2997 4838 3219 4926 capita
3245 4839 3655 4915 habentibus
3678 4853 3896 4939 posita
3926 4864 4086 4924 sunt
4118 4881 4317 4950 supe-

2755 4939 2892 5004 rius
2920 4951 3200 5032 propter
3226 4969 3501 5018 causam
3525 4977 3731 5044 quam
3762 4957 4089 5043 diximuS,
4130 4967 4315 5055 quod

2752 5045 3066 5116 videlicet
3099 5053 3398 5147 undique
3431 5070 3618 5129 mota
3649 5063 3733 5130 ab
3768 5066 4071 5159 undique
4103 5095 4311 5142 sonos

2751 5153 3084 5242 accipiant
3130 5180 3146 5225 ε
3190 5160 3258 5228 in
3298 5160 3508 5233 latere
3556 5168 3739 5237 enim
3795 5174 4035 5262 positae
4073 5200 4311 5247 versus

2749 5267 2954 5348 eaput
2994 5268 3255 5334 moveri
3310 5292 3447 5338 non
3496 5285 3795 5362 possent.
3851 5277 4030 5348 Sunt
4073 5292 4305 5354 autem

2747 5389 2947 5436 aures
2976 5373 3497 5467 cartilaginosae,
3532 5390 3603 5449 ut
3637 5384 3884 5454 melius
3913 5409 4165 5459 sonum
4195 5416 4309 5461 re-

2746 5479 3152 5563 percutiant,
3187 5485 3380 5553 etsie
3416 5487 3499 5555 de
3529 5491 3916 5583 propinquo
3954 5497 4142 5566 auris
4187 5525 4311 5571 so·-

2747 5604 2876 5651 nus
2914 5587 3359 5674 confortetur,
3394 5597 3569 5665 sicut
3605 5600 3680 5666 tit
3709 5601 3778 5667 in
3814 5602 3987 5671 echo
4027 5610 4304 5697 quando

2747 5698 3200 5782 repercutitur
3226 5722 3462 5786 sonus,
3502 5705 3676 5774 sicut
3704 5708 3973 5800 sphaera
4002 5716 4306 5805 projecta

2746 5796 2832 5864 ad
2862 5803 3216 5888 parietem.
3263 5807 3442 5876 Sunt
3487 5813 3693 5881 etiam
3740 5839 3939 5885 aures
3976 5819 4303 5893 involutas

3943 5953 4007 6006 4¹
