4919 6371
1935 425 2103 492 Llss.
2159 425 2284 491 Xll
2341 424 2456 488 DE
2506 419 3095 503 ANIMALmUs,
3146 423 3454 490 TRACT.
3512 424 3603 489 lll

1127 602 1350 681 nibuS,
1386 610 1452 669 et
1490 600 1771 667 fortiora
1811 619 1881 664 se
1913 597 2184 684 fugiunt
2215 615 2332 682 per
2362 589 2688 656 velocita-

1124 720 1286 778 tem.
1321 711 1442 777 Est
1481 714 1710 776 autem
1754 702 2101 794 quoddam
2142 722 2359 790 genus
2399 695 2684 798 agrestis

1123 840 1345 884 vaccae
1377 818 1520 882 sive
1551 811 1774 887 boviS,
1810 807 1996 897 quod
2044 828 2302 873 cornua
2355 803 2556 870 habet
2601 801 2683 869 ad

1123 947 1194 991 se
1225 922 1517 989 invicem
1566 938 1873 997 recurva,
1920 938 2058 981 non
2108 913 2193 981 ad
2236 911 2680 1003 pugnandum

1120 1039 1317 1120 apta:
1354 1034 1421 1095 et
1450 1024 1543 1092 illi
1576 1024 1759 1091 dedit
1796 1032 2043 1090 natura
2081 1031 2156 1090 ut
2194 1031 2451 1088 stercus
2482 1018 2682 1106 longe

1123 1145 1187 1203 et
1217 1157 1372 1201 cum
1405 1133 1663 1221 impetu
1695 1132 2034 1221 posterius
2072 1128 2295 1216 ejiciat
2324 1128 2395 1192 in
2447 1122 2682 1190 oculos

1122 1267 1371 1311 canum
1412 1252 1480 1311 et
1532 1250 1939 1309 venatorum
1994 1262 2066 1307 se
2123 1235 2581 1327 sequentium,
2618 1241 2683 1299 et

1120 1354 1304 1442 ejicit
1334 1353 1558 1443 ipsum
1599 1349 1797 1418 valde
1830 1355 2119 1429 remote,
2188 1354 2255 1413 et
2304 1351 2405 1411 est
2451 1344 2681 1410 visco-

1119 1484 1298 1538 sum,
1335 1458 1520 1550 quod
1551 1480 1690 1524 non
1732 1455 1815 1522 de
1873 1455 2051 1521 facili
2120 1451 2570 1540 abstergitur:
2617 1456 2682 1515 et

1120 1566 1272 1633 ideo
1340 1561 1790 1651 abstergendo
1853 1560 2082 1649 ipsum
2148 1558 2539 1625 detinentur
2567 1578 2684 1621 ca-

1119 1696 1240 1740 nes
1271 1679 1338 1739 et
1366 1677 1725 1738 venatores
1757 1670 2195 1758 insequentes
2230 1665 2479 1755 ipsum.

1214 1778 1406 1846 Sicut
1435 1785 1665 1845 autem
1696 1777 1842 1865 jam
1876 1782 2034 1842 ante
2079 1773 2411 1849 diximuS,
2438 1778 2681 1836 natura

1123 1886 1382 1954 multos
1416 1885 1655 1952 modos
1693 1883 2020 1972 vigorum
2087 1887 2154 1948 et
2205 1877 2679 1946 defensionum

1124 1995 1238 2063 dat
1277 1990 1712 2067 animalibuS,
1749 1998 1815 2056 et
1862 1986 2232 2079 aliquando
2271 1985 2500 2075 plures
2530 2006 2679 2050 mo·

1121 2101 1244 2168 dos
1284 2100 1591 2190 congerit
1619 2101 1689 2165 in
1730 2120 1947 2164 uuum
2007 2104 2073 2163 et
2129 2094 2310 2162 idem
2377 2092 2673 2160 animal:

1119 2216 1396 2300 propter
1428 2207 1609 2299 quod
1641 2205 1957 2297 quaedam
1999 2202 2322 2271 animalia
2361 2210 2423 2268 et
2467 2201 2681 2268 calces

1120 2317 1412 2384 soleatus
1451 2324 1517 2382 ot
1557 2337 1814 2382 cornua
1860 2310 2138 2389 habent,
2211 2310 2383 2377 sicut
2450 2310 2683 2374 asinus

1122 2424 1415 2491 ludit-us,
1461 2424 1544 2490 Et
1584 2424 1745 2514 quia
1785 2429 2031 2488 natura
2060 2419 2278 2486 dextri
2309 2416 2506 2484 valde
2551 2414 2685 2481 dis-

1117 2531 1339 2600 l'erens
1370 2538 1470 2600 est
1536 2554 1577 2598 a
1645 2538 1889 2597 natura
1948 2527 2231 2603 sinistri,
2311 2522 2680 2615 aliquando

1119 2648 1279 2707 sunt
1319 2640 1455 2707 duo
1496 2660 1754 2706 cornua
1803 2637 1874 2703 in
1940 2635 2159 2726 capite
2217 2632 2558 2707 animalis,
2619 2637 2685 2697 et

1119 2745 1487 2837 aliquando
1522 2768 1736 2811 unum
1778 2741 2033 2823 solum,
2080 2743 2254 2810 sicut
2301 2741 2533 2808 asinus
2568 2737 2687 2803 ln-

1118 2855 1307 2924 dicus
1346 2855 1462 2946 qui
1495 2852 1699 2920 habet
1730 2855 2042 2931 unicum,
2077 2860 2143 2919 et
2187 2850 2441 2917 animal
2500 2848 2685 2939 quod

1120 2961 1401 3053 quidam
1451 2961 1919 3050 Antiquorum
1971 2959 2210 3025 archos
2256 2958 2449 3048 quasi
2479 2958 2690 3047 prin-

1127 3069 1346 3159 cipem
1377 3074 1824 3142 vocaverunt,
1871 3066 2058 3156 quod
2110 3086 2237 3131 nos
2295 3065 2687 3130 unicornem

1124 3175 1359 3243 Latine
1387 3181 1451 3243 et
1484 3174 2025 3240 rlaeinoceronlem
2066 3173 2295 3239 Graece
2333 3193 2685 3246 vocamuS,

1123 3280 1327 3350 habet
1365 3303 1581 3347 unum
1657 3302 1872 3348 cornu
1933 3279 2254 3347 maximae
2295 3278 2691 3368 quantitatis

1125 3397 1191 3455 et
1230 3387 1533 3455 solidum
1564 3387 1739 3454 sicut
1798 3408 2013 3453 cornu
2066 3386 2447 3465 cervinum,
2499 3384 2692 3472 cujus

1130 3516 1523 3563 mensuram
1557 3515 1723 3585 ergo
1774 3492 2169 3562 mensuravi
2213 3491 2447 3560 decem
2488 3490 2694 3581 pedes

1128 3603 1452 3673 excedere
1484 3604 1553 3670 iu
1594 3601 2068 3694 longitudine:
2095 3607 2162 3670 et
2191 3599 2521 3669 diameter
2550 3600 2695 3691 ejus

1131 3713 1199 3781 in
1244 3712 1464 3781 radice
1498 3710 1650 3802 plus
1694 3707 1940 3778 habuit
1998 3731 2205 3802 quam
2265 3708 2574 3799 palmum
2630 3715 2696 3774 et

1133 3820 1516 3889 dimidium.
1553 3818 1847 3899 Quando
1897 3824 2129 3887 autem
2169 3818 2425 3885 animal
2493 3814 2698 3884 habet

1135 3950 1348 3996 cornu
1389 3949 1630 4003 unum,
1673 3923 1809 3993 hoc
1849 3924 2115 3995 locatur
2143 3925 2210 3991 in
2245 3923 2471 3991 medio
2510 3922 2700 4013 capi-

1137 4034 1222 4102 tis
1252 4033 1394 4101 sive
1436 4034 1503 4100 in
1531 4032 1753 4100 fronte
1784 4031 1898 4111 sit,
1932 4032 2078 4100 sive
2129 4032 2200 4098 in
2231 4030 2569 4121 sincipite,
2602 4029 2702 4095 si-

1137 4145 1454 4212 veetiam
1491 4142 1558 4210 in
1628 4165 1792 4209 nare
1846 4139 2114 4209 medius
2189 4149 2254 4209 et
2310 4138 2700 4209 communis

1140 4249 1470 4316 terminus
1518 4255 1620 4316 est
1664 4246 1961 4315 duorum
2010 4253 2479 4315 extremorum
2529 4243 2704 4312 late-

1140 4380 1316 4424 rum.
1363 4355 1445 4425 Et
1483 4376 1938 4448 qua=cumque
1978 4353 2232 4423 habent
2286 4376 2504 4422 unum
2546 4375 2704 4421 cor-

1140 4491 1259 4547 nu,
1291 4465 1548 4534 habent
1575 4465 1800 4535 soleas
1828 4473 1951 4535 aut
1985 4463 2206 4536 calces
2254 4463 2537 4553 integrae
2585 4471 2705 4532 aut

1139 4577 1372 4645 divisae
1404 4575 1729 4668 ungulae:
1779 4597 1925 4644 non
1973 4582 2206 4643 autem
2253 4575 2697 4653 convertitur,

1140 4684 1469 4777 quoniam
1498 4706 1583 4754 ea
1618 4708 1772 4775 qua>
1823 4682 2083 4753 habent
2127 4682 2347 4753 calces
2390 4706 2698 4760 corneas,

1142 4804 1216 4863 ut
1247 4795 1314 4863 in
1346 4793 1658 4887 pluribus
1708 4801 1942 4863 carent
1988 4791 2338 4872 cornibuS,
2385 4815 2469 4860 eo
2518 4792 2702 4883 quod

1143 4912 1384 4972 natura
1414 4904 1772 4971 materiam
1802 4924 2141 4971 cornuum
2172 4902 2399 4992 posuit
2429 4900 2500 4967 in
2530 4923 2705 4992 qua-

1142 5020 1303 5079 tuor
1329 5009 1657 5104 pedibus:
1704 5019 1768 5080 et
1825 5010 2078 5081 sufficit
2132 5008 2260 5079 sibi
2312 5010 2381 5077 in
2414 5033 2552 5078 uno
2590 5034 2706 5078 ar-

1146 5143 1418 5187 morum
1459 5142 1733 5212 genere.
1788 5119 1867 5186 ln
1912 5117 2203 5211 pedibus
2241 5125 2471 5186 autem
2511 5117 2703 5209 ponit

1144 5226 1413 5317 magnis
1470 5232 1539 5294 et
1594 5224 2001 5317 ponderosis
2049 5224 2488 5303 animalibus,
2549 5247 2703 5315 quae.

1142 5334 1298 5402 sorti
1339 5334 1645 5427 indigent
1684 5340 2252 5402 sustentamento.

1232 5439 1508 5509 Cornua
1579 5449 1812 5510 autem
1881 5442 1950 5507 in
2022 5442 2243 5531 capite
2298 5440 2553 5530 posuit,
2622 5463 2704 5509 eo

4213 438 4339 502 (35¹1

2792 611 2928 656 non
2958 592 3213 680 posuit,
3249 593 3477 660 dicens
3518 596 3754 664 fortius
3805 599 4069 668 trahere
4095 603 4341 693 jugum

2789 705 3060 766 taurum
3092 703 3148 766 si
3178 700 3525 769 habuisset
3557 726 3808 771 cornua
3858 708 3924 771 iu
3977 706 4286 776 humeris
4317 732 4332 776 :

2790 829 2927 872 non
2968 808 3149 874 enim
3181 818 3458 898 propter
3488 809 3748 878 trahere
3781 812 3894 880 dat
3925 823 4165 881 natura
4196 840 4345 882 eor-

2789 935 2949 990 nua,
2984 913 3101 980 sed
3133 916 3360 1005 potius
3391 917 3643 984 utilitas
3673 941 4003 987 cornuum
4036 921 4337 988 conside·

2789 1028 2975 1086 ratur
3004 1021 3072 1087 in
3106 1020 3493 1090 defensione
3522 1047 3537 1090 :
3579 1033 3645 1091 et
3683 1025 3812 1092 hoc
3841 1027 4084 1095 melius
4117 1028 4190 1096 sit
4222 1052 4343 1119 per

2789 1135 3011 1216 caput,
3058 1151 3138 1195 eo
3169 1130 3354 1218 quod
3383 1130 3679 1198 volubile
3711 1143 3775 1201 et
3817 1135 4069 1203 mobile
4118 1144 4220 1203 est
4256 1136 4339 1204 ad

2788 1256 3063 1301 omnem
3095 1244 3356 1325 partem
3382 1242 3766 1307 nocumenti
3799 1251 4073 1332 propter
4111 1242 4349 1310 mobi-'

2788 1342 3047 1409 litatem
3075 1366 3280 1433 quam
3313 1344 3516 1413 habet
3553 1370 3635 1413 ex
3673 1347 3872 1415 collo.
3917 1349 3994 1416 In
4034 1350 4184 1418 aliis
4215 1375 4336 1418 au-

2787 1458 2923 1516 tem
2955 1451 3282 1518 membris
3313 1454 3485 1521 sicut
3514 1453 3583 1520 in
3624 1456 3903 1544 pedibus
3952 1458 4058 1523 vel
4091 1458 4342 1527 hume-

2787 1558 2878 1625 ris
2896 1557 3003 1625 vel
3035 1559 3184 1626 aliis
3216 1559 3551 1628 similibus
3577 1572 3750 1630 esset
3781 1563 3851 1630 in
3882 1588 4078 1645 onuS‚
4124 1568 4192 1633 et
4221 1551 4341 1634 os-

2786 1667 2964 1732 sium
3007 1666 3074 1733 in
3127 1667 3375 1757 quibus
3425 1691 3679 1737 cornua
3734 1672 4016 1740 radicari
4059 1661 4342 1742 necesse¹

2787 1781 2910 1850 est,
2947 1775 3327 1842 maximum
3377 1775 3961 1866 impedimentum.
3998 1778 4076 1847 In
4118 1783 4370 1871 capite„

2786 1889 3014 1948 autem
3046 1888 3113 1949 et
3135 1881 3444 1949 firmatur
3472 1906 3790 1954 craneum
3847 1894 3913 1955 et
3969 1888 4337 1977 aptissimae

2785 1990 3058 2058 suerunt
3092 1991 3508 2081 adjutorium
3553 1995 3984 2064 defensionis.
4020 1997 4171 2065 Non
4206 2022 4335 2066 au-

2786 2107 2921 2166 tem
2958 2100 3025 2165 in
3066 2101 3283 2189 capite
3314 2103 3478 2191 poni
3542 2107 3763 2193 potuit
3821 2105 3889 2172 in
3938 2129 4078 2185 ore,
4152 2129 4332 2198 quo-

2790 2207 2971 2274 niam
3020 2207 3248 2274 cibum
3300 2209 3676 2299 impediret.
3731 2211 4130 2281 Rectissima
4169 2238 4332 2306 ergo

2788 2315 3035 2403 positio
3067 2324 3161 2382 est
3198 2324 3314 2383 aut
3344 2318 3411 2383 in
3436 2319 3658 2384 medio
3698 2321 3958 2408 capitiS,
3993 2329 4067 2388 ut
4105 2344 4339 2412 aequa-

2790 2423 2943 2492 liter
2978 2425 3351 2514 ponderet:
3389 2436 3501 2493 aut
3544 2429 3609 2494 in
3642 2438 3929 2520 utroque
3962 2431 4168 2499 latere
4219 2455 4338 2499 ca-

2789 2531 2971 2619 pitis,
3015 2541 3089 2599 ut
3129 2533 3390 2622 aequale
3439 2544 3801 2626 utrumque
3852 2537 4025 2604 latus
4070 2538 4341 2627 pondus

2790 2635 3060 2706 habeat.

2880 2744 3149 2812 Cornua
3184 2754 3414 2812 autem
3455 2746 3763 2836 quaedam
3794 2758 3951 2816 sunt
4008 2749 4226 2818 solida
4280 2752 4344 2816 in

2794 2861 2965 2931 toto,
3000 2854 3173 2921 sicut
3203 2877 3587 2931 cervorum,
3633 2864 3697 2923 et
3745 2857 4034 2925 aliorum
4078 2860 4348 2933 anima-

2792 2963 2960 3028 lium
3000 2961 3081 3029 de
3143 2972 3386 3030 natura
3424 2967 3602 3031 cervi
3662 2967 4123 3044 existentium,
4177 2968 4355 3034 sicut

2796 3072 3225 3162 equicervus,
3254 3080 3319 3139 et
3349 3070 3675 3139 hinnulus
3702 3096 3715 3139 :
3754 3083 3819 3141 et
3850 3075 4160 3164 quaedam
4192 3081 4351 3142 sunt

2787 3179 2983 3267 juxta
3021 3178 3319 3246 radicem
3359 3201 3655 3247 concava
3697 3190 3763 3248 et
3790 3182 4090 3249 anterius
4128 3180 4343 3250 solida

2799 3286 2867 3352 in
2896 3284 3212 3352 acumine
3250 3283 3366 3352 ubi
3412 3293 3751 3375 pugnatur
3786 3309 3939 3354 cum
3990 3288 4110 3354 eis,
4171 3286 4346 3355 Sunt

2797 3402 3023 3459 autem
3060 3393 3323 3482 integra
3372 3393 3782 3483 ponderosa,
3842 3403 3909 3462 et
3963 3395 4118 3464 ideo
4185 3394 4351 3461 talia

2797 3496 3120 3566 animalia
3180 3507 3445 3566 mutant
3498 3521 3749 3568 cornua
3798 3523 3963 3569 sua:
4012 3510 4079 3569 et
4124 3509 4220 3569 est
4253 3501 4350 3568 eis

2798 3605 3142 3674 alleviatio
3180 3614 3247 3674 et
3277 3610 3615 3699 purgatio,
3643 3610 3964 3700 quoniam
4006 3609 4346 3677 terrestria

2798 3723 2956 3782 sunt
2986 3714 3207 3795 valde,
3242 3722 3310 3782 et
3348 3724 3723 3806 purgantur
3771 3742 3805 3784 a
3868 3717 4350 3785 terrestreitate

2802 3845 2922 3912 per
2984 3844 3319 3890 cornuum
3397 3845 3734 3892 novorum
3808 3824 4349 3915 generationem,

2801 3929 3137 4020 praeripue
3171 3929 3235 3995 in
3267 3929 3512 4020 capite,
3558 3930 3669 3997 ubi
3700 3939 3800 3999 est
3847 3930 4200 3999 cerebrum
4231 3930 4357 3999 sri-

2803 4035 3067 4126 gidum,
3110 4043 3175 4103 et
3204 4059 3356 4103 ossa
3389 4037 3643 4104 multa:
3683 4046 3748 4105 et
3788 4037 3937 4105 ideo
3970 4036 4184 4105 multa
4242 4060 4358 4104 su-

2805 4144 3155 4234 perfluitas
3221 4143 3711 4213 melancholica
3768 4147 4123 4213 terrestris.
4186 4146 4355 4214 Pars

2805 4260 3035 4319 autem
3086 4254 3420 4321 terrestris
3449 4253 3849 4343 generaliter
3877 4253 4090 4322 multa
4128 4261 4229 4322 est
4286 4253 4356 4321 in

2805 4358 3084 4426 animali
3115 4359 3346 4451 magni
3378 4362 3681 4451 corporis
3706 4361 4193 4452 pinguedinem
4240 4383 4356 4429 se-

2806 4490 3046 4558 posam
3076 4464 3430 4536 habentis:
3467 4475 3530 4536 et
3554 4468 3705 4538 ideo
3754 4468 3967 4537 multa
4006 4478 4073 4538 et
4102 4491 4356 4560 magna

2808 4574 3011 4644 habet
3042 4598 3193 4643 ossa
3225 4599 3239 4644 :
3283 4586 3351 4645 et
3390 4579 3816 4667 superfluitas
3857 4576 4357 4645 terrestreitatis

2807 4685 2956 4773 ejus
2993 4685 3234 4752 transit
3276 4685 3343 4751 in
3372 4708 3650 4754 cornua.
3703 4686 3904 4777 Apud
3952 4708 4080 4755 nos
4127 4692 4355 4753 autem

2807 4790 3073 4859 nullum
3142 4791 3426 4859 omnino
3492 4791 3743 4860 animal
3815 4793 4171 4861 inventum
4229 4798 4355 4871 est,

2807 4899 2991 4991 quod
3020 4899 3267 4968 cursile
3297 4901 3385 4967 sit
3416 4908 3480 4969 et
3509 4901 3708 4992 agile,
3763 4911 3824 4970 et
3859 4902 4163 4993 ingentia
4200 4924 4361 4970 cor-

2809 5033 2944 5078 nua
2975 5006 3223 5076 habeat
3252 5010 3424 5077 sicut
3472 5033 3669 5100 caper
3727 5019 4117 5089 montanus,
4152 5032 4359 5100 quem

2809 5116 3043 5185 Latine
3075 5114 3311 5184 ibic-em
3335 5126 3582 5185 vocant
3610 5140 3625 5185 ε
3659 5116 3862 5208 hujus
3886 5117 4067 5186 enim
4099 5139 4358 5186 cornua

2809 5250 2848 5293 a
2888 5226 3106 5317 capite
3148 5249 3362 5318 usque
3404 5227 3489 5294 ad
3527 5226 3757 5295 clunes
3802 5226 4354 5318 protenduntur:

2810 5343 2873 5400 vt
2905 5332 3152 5401 cadens
3183 5332 3267 5400 ab
3294 5332 3430 5400 alto
3458 5341 3673 5401 tutum
3705 5356 3952 5424 corpus
3984 5336 4161 5402 inter
4199 5357 4359 5402 cor-

2810 5463 2944 5509 nua
2974 5443 3267 5531 protegit
3292 5464 3330 5508 a
3361 5439 3735 5522 collisione,
3758 5448 3823 5509 et
3856 5441 4025 5509 ictus
4054 5438 4359 5532 lapidum

1145 5547 1331 5640 quod
1367 5548 1463 5616 ibi
1493 5549 1846 5619 decentius
1870 5555 1940 5619 et
1971 5546 2219 5617 melius
2257 5556 2527 5617 armant
2556 5549 2711 5617 ani·
2814 5569 3224 5636 magnorum
3245 5548 3494 5637 excipit
3525 5546 3865 5614 cornibus.

1149 5654 1311 5723 mal.
1346 5654 1615 5725 Erravit
1645 5658 1856 5748 igitur
1880 5655 2063 5725 Zeno
2088 5653 2372 5746 culpans
2393 5663 2705 5724 naturam

1151 5764 1353 5839 tauri,
1397 5788 1478 5830 eo
1543 5764 1729 5855 quod
1773 5787 2032 5832 cornua
2092 5762 2159 5829 in
2209 5761 2512 5830 humeris
2570 5766 2710 5830 suis

2902 5653 3058 5721 Non
3090 5663 3319 5722 autem
3351 5661 3452 5720 est
3490 5651 4078 5723 determinandum
4107 5664 4368 5721 natum

2813 5788 3011 5854 opus.
3050 5765 3175 5831 nisi
3228 5762 3412 5855 quod
3456 5772 3554 5830 est
3594 5763 3661 5830 in
3700 5765 4021 5832 omnibus
4062 5760 4368 5853 ejusdem

4050 5899 4121 5954 42
