4919 6371
1974 415 2142 484 LIB.
2202 412 2290 478 VI
2339 411 2458 477 DE
2508 410 3103 490 ANIMALIBUS,
3155 415 3466 483 TRACT.
3524 413 3618 481 111

1176 586 1478 652 moribus
1528 605 1817 650 ovorum
1855 603 2133 647 suorum
2183 603 2320 647 non
2382 582 2725 647 invenitur

1180 694 1307 758 nisi
1340 692 1528 758 celer
1568 711 1768 755 unus.

1260 798 1726 886 Quaecumque
1765 803 1993 862 autem
2048 798 2446 865 animalium
2499 798 2724 864 media

1171 914 1334 971 sunt
1365 907 1541 971 inter
1597 903 2017 973 ambulantia
2062 916 2127 973 et
2182 909 2505 982 natantia,
2577 903 2724 969 haec

1168 1034 1290 1100 per
1332 1010 1680 1078 inductam
1712 1014 2042 1079 rationem
2075 1022 2175 1080 est
2214 1035 2483 1080 necesse
2516 1010 2721 1075 etiam

1173 1139 1319 1184 esse
1361 1119 1594 1186 stricta
1633 1129 1702 1187 et
1743 1120 2042 1199 dilatata,
2078 1129 2151 1187 ut
2181 1129 2545 1207 utrumque
2577 1141 2724 1182 mo-

1172 1231 1318 1290 tum
1373 1224 1693 1295 habeant.
1755 1229 1908 1295 Non
1957 1237 2184 1294 autem
2232 1233 2517 1316 possunt
2572 1248 2717 1292 esse

1168 1332 1407 1400 subtus
1447 1335 1514 1399 in
1547 1335 1820 1400 renibus
1851 1338 2077 1401 stricta
2111 1356 2125 1398 :
2172 1334 2333 1423 quia
2364 1335 2457 1399 sic
2489 1334 2722 1422 priva-

1167 1448 1402 1507 rentur
1432 1449 1623 1508 motu
1663 1441 2169 1519 ambulationis,
2205 1442 2321 1531 qui
2351 1450 2578 1508 tamen
2611 1448 2721 1507 ta-

1164 1545 1342 1612 libus
1372 1556 1474 1615 est
1507 1546 1945 1638 principalis:
2000 1557 2064 1616 et
2121 1549 2272 1616 ideo
2318 1548 2466 1616 lia-c
2513 1571 2719 1638 supra

1167 1654 1236 1719 in
1267 1653 1417 1721 loco
1449 1658 1908 1746 conceptionis
1963 1666 2121 1728 sunt
2166 1657 2373 1723 stricti
2417 1657 2613 1730 uteri,
2653 1665 2718 1722 et

1165 1759 1405 1827 subtus
1463 1763 1529 1829 in
1590 1761 1739 1831 loco
1780 1772 2010 1853 partus
2066 1762 2152 1829 ad
2198 1784 2402 1852 quem
2468 1761 2716 1828 cadunt

1167 1867 1576 1960 einbryones
1609 1892 1649 1938 a
1680 1869 2071 1937 matricibus
2098 1868 2416 1951 absoluti,
2443 1891 2717 1935 necesse

1164 1984 1437 2044 estesse
1483 1977 1812 2044 dilatata:
1873 1985 2148 2067 propter
2204 1976 2385 2066 quod
2427 1979 2494 2044 in
2561 1976 2712 2043 leco

1158 2085 1622 2171 conceptionis
1654 2086 2043 2173 concipiunt
2082 2107 2317 2158 ovum,
2354 2094 2419 2151 et
2451 2085 2520 2150 in
2562 2083 2714 2151 loco

1157 2197 1389 2278 partus
1429 2190 1697 2279 pariunt
1731 2190 2009 2270 animal,
2041 2200 2101 2256 et
2136 2191 2468 2280 frangitur
2505 2214 2716 2257 ovum

1159 2296 1227 2361 in
1261 2296 1410 2363 loco
1453 2298 1521 2363 in
1553 2321 1757 2388 quem
1798 2324 1834 2365 a
1879 2300 2108 2366 stricto
2150 2299 2232 2366 ad
2274 2300 2576 2389 amplum
2609 2321 2718 2365 ca-

1159 2403 1257 2469 ‹lit
1291 2403 1600 2495 embryo,
1656 2414 1720 2472 et
1779 2405 1868 2472 ibi
1928 2416 2228 2473 creatura
2307 2406 2717 2496 incompleta

1160 2532 1280 2598 per
1310 2510 1713 2578 umbilicum
1753 2514 1929 2603 sugit
1973 2513 2052 2580 ‹le
2118 2516 2447 2604 sanguine
2517 2537 2716 2581 men-

1162 2626 1351 2684 struo
1386 2620 1710 2686 matricis,

1247 2725 1533 2818 Reliqua
1572 2737 1798 2797 autem
1859 2732 2156 2798 natantia
2198 2733 2529 2821 parientia
2561 2733 2710 2798 ani-

1168 2836 1395 2914 malia,
1430 2838 1598 2904 sicut
1656 2838 2040 2929 delphinus,
2094 2851 2155 2908 et
2214 2841 2481 2919 balena,
2551 2851 2710 2908 sunt

1163 2944 1529 3032 spirantia:
1576 2955 1643 3013 et
1668 2946 1807 3014 haev
1848 2950 2262 3038 superiorem
2297 2959 2563 3017 uterum
2597 2974 2712 3017 ne-

1156 3073 1340 3116 cesse
1382 3062 1478 3119 est
1512 3051 1764 3122 habere
1807 3055 2110 3146 amplum
2160 3065 2434 3147 propter
2476 3060 2708 3148 regio-

1151 3179 1303 3224 nem
1360 3159 1843 3249 spiritualium,
1899 3164 2056 3254 quia
2123 3188 2396 3232 necesse
2446 3174 2542 3232 est
2612 3165 2702 3233 ibi

1145 3286 1290 3329 esse
1323 3267 1750 3355 pulmonem,
1796 3280 1861 3337 ct
1909 3293 2050 3349 cor,
2113 3282 2172 3339 et
2226 3271 2602 3343 trae-beatu.
2639 3284 2706 3341 et

1153 3370 1363 3461 hepar
1391 3395 1475 3440 ex
1507 3378 1823 3465 opposito
1850 3378 2096 3456 cordi&
2133 3401 2424 3468 quorum
2458 3381 2705 3470 positio

1147 3501 1468 3571 magnam
1531 3486 1814 3575 requirit
1873 3485 2298 3553 latitudinem
2350 3512 2364 3555 ε
2428 3498 2490 3555 et
2553 3489 2703 3556 ideo

1148 3592 1872 3659 com'enientissimum
1904 3603 2003 3660 est
2042 3592 2289 3662 hahere
2349 3592 2491 3663 haec
2546 3621 2706 3687 per-

1150 3695 1399 3764 fectum
1434 3707 1700 3789 partum
1736 3700 1800 3766 in
1844 3710 2033 3769 utero
2074 3702 2463 3771 formatum.

1231 3821 1602 3892 Ovantium
1635 3835 1863 3895 autem
1895 3827 2042 3895 aliae
2074 3828 2499 3898 diversitates
2546 3853 2704 3899 cau-

1137 3939 1374 3997 santur
1433 3956 1517 3999 ex
1604 3936 2082 4024 generantium
2161 3938 2694 4028 imperfectione.

1138 4039 1609 4131 Qua-eumque
1652 4045 1833 4109 enim
1871 4046 1933 4110 in
1972 4046 2489 4136 participatione
2539 4070 2697 4114 sen·

1139 4167 1340 4211 suum
1375 4147 1726 4225 deliciunt,
1761 4160 1822 4217 et
1856 4153 2182 4220 accedunt
2222 4154 2303 4220 ad
2338 4157 2694 4224 imiteriam

1140 4250 1558 4340 plantarum,
1593 4280 2015 4349 consequens
2046 4269 2143 4327 est
2177 4262 2380 4329 etiam
2427 4263 2493 4328 in
2542 4288 2696 4353 pro-

1136 4360 1420 4447 prietate
1462 4387 1787 4431 sensuum
1820 4365 2082 4455 plantas
2114 4368 2407 4436 imitari:
2442 4378 2505 4436 et
2542 4369 2691 4436 ideo

1138 4489 1269 4533 ova
1302 4467 1577 4538 illorum
1607 4481 1765 4541 sunt
1801 4474 1969 4540 sicut
2012 4477 2270 4541 semina
2305 4475 2690 4566 plantarum

1133 4576 1280 4643 sine
1310 4579 1491 4645 coitu
1523 4590 1873 4672 concepta,
1901 4592 1962 4650 et
1991 4584 2134 4651 sine
2167 4594 2504 4674 spermate
2542 4595 2694 4653 tan-

1133 4693 1335 4770 gente
1393 4709 1473 4753 ea
1531 4687 1866 4756 faecunda.
1928 4691 2394 4782 Qua-cumque
2458 4702 2689 4761 autem

1134 4793 1537 4863 animalium
1578 4806 1734 4866 sunt
1796 4799 1965 4866 adeo
2028 4800 2439 4891 imperfecta,
2503 4803 2687 4893 quod

1131 4922 1420 4967 ovorum
1450 4925 1735 4972 suorum
1762 4906 2107 4973 seminalis
2148 4906 2516 4975 humiditas
2548 4933 2686 4977 noun

1132 5016 1352 5096 potest
1388 5010 1599 5101 accipi
1641 5011 1724 5078 de
1771 5016 2114 5103 superfluo
2153 5014 2283 5082 cibi
2319 5015 2558 5084 ultimo
2589 5017 2689 5084 di·

1127 5117 1324 5201 gesti.
1354 5116 1467 5183 sed
1495 5121 1723 5207 potius
1753 5120 2112 5189 attrahitur
2143 5123 2285 5211 ipsa
2317 5122 2686 5191 humiditas

1126 5221 1463 5302 radicaliS,
1516 5236 1579 5293 et
1633 5249 1785 5317 qum
1815 5237 1910 5295 est
1963 5230 2265 5319 ipsorum
2298 5230 2681 5318 subjectum

1123 5330 1303 5403 vitae,
1344 5335 1734 5402 moriuntur
1779 5333 1924 5402 hwc
1971 5338 2204 5406 omnia
2261 5338 2554 5408 ovando.
2615 5347 2683 5407 et

1123 5459 1204 5503 ex
1240 5442 1680 5530 corruptione
1728 5466 1960 5510 eorum
2012 5469 2141 5511 ova
2181 5447 2516 5537 accipiunt
2563 5445 2681 5514 fu:-

1120 5542 1564 5614 cunditatem.
1629 5549 1744 5616 Est
1796 5558 2020 5617 autem
2079 5549 2457 5619 differentia
2508 5552 2680 5619 isto-

1121 5670 1272 5717 rum
1318 5651 1401 5718 ad
1451 5676 1532 5722 ea
1599 5678 1750 5747 quae
1798 5657 2197 5748 simpliciter
2248 5682 2330 5728 ex
2373 5658 2678 5750 putrefa-

1116 5757 1342 5824 ctione
1380 5770 1837 5846 generantur:
1883 5764 2040 5854 quia
2088 5763 2212 5833 ista
2279 5788 2417 5832 nen
2471 5787 2677 5857 gene·

4271 416 4398 482 363

2846 587 3082 647 rantur
3119 605 3202 647 ex
3232 583 3724 670 putrefactione
3746 583 4143 649 substantiae
4173 590 4399 671 putre·

2843 688 3115 764 scentiS,
3151 687 3269 753 sed
3317 689 3542 776 petius
3587 712 3668 755 ex
3720 692 3869 756 ovis
3911 713 4058 777 non,
4107 687 4395 779 putridis

2841 817 2923 859 ex
2954 793 3382 862 substantiali
3414 795 3696 863 humido
3728 795 4125 863 substantiae
4156 819 4397 864 corru÷

2836 907 2969 989 ptae
2999 900 3332 970 formatiS.
3372 903 3493 971 Illa
3526 913 3754 972 autem
3795 927 3946 995 quae
3991 905 4396 995 simpliciter

2838 1031 2925 1074 ex
2976 1010 3471 1098 putrefactione
3518 1022 3916 1090 nascuntur,
3975 1019 4392 1102 generantur

2835 1133 2922 1177 ex
2955 1110 3237 1181 humido
3271 1116 3354 1182 ad
3387 1117 3815 1206 superficiem
3849 1114 4234 1197 exhalante,
4268 1136 4393 1180 eus-

2827 1219 2940 1306 jus
2963 1222 3307 1289 viscosum
3338 1225 3634 1290 exterius
3663 1223 4030 1314 frigiditate
4061 1221 4234 1289 aeris
4273 1220 4393 1288 du—

2835 1335 3024 1394 ratur
3053 1329 3122 1395 in
3161 1330 3438 1418 pellem,
3474 1333 3649 1398 intra
3680 1353 3888 1421 quam
3920 1329 4107 1397 calor
4133 1350 4386 1417 evapo-

2835 1455 2992 1500 rans
3041 1458 3125 1503 ex
3169 1446 3599 1525 putrescente
3648 1437 4059 1516 continetur,
4095 1436 4212 1526 qui
4243 1436 4388 1523 spi-

2832 1564 2980 1608 rare
3010 1542 3169 1610 facit
3204 1541 3565 1612 humidum
3597 1545 3775 1611 intr-a
3811 1543 4060 1635 pellem
4115 1542 4390 1610 conclu-

2830 1673 3011 1731 sum,
3083 1654 3266 1743 qued
3327 1654 3594 1745 spirans
3648 1654 4091 1746 spiritualiter
4117 1653 4386 1744 pulsare

2833 1759 3107 1851 incipit:
3170 1762 3287 1852 qui
3344 1762 3621 1851 spiritus
3661 1770 3762 1831 est
3797 1761 4193 1830 vehiculum
4232 1762 4388 1828 vitae

2833 1866 3072 1934 inrusae
3111 1867 3208 1934 illi
3269 1868 3663 1938 substantiae
3730 1893 3767 1937 a
3817 1868 4054 1955 stellis,
4098 1891 4385 1960 quarum

2829 1976 3047 2045 virtus
3068 1986 3169 2044 est
3199 1979 3269 2044 in
3298 1979 3472 2069 ipso.
3519 1977 3981 2069 Quaecumque
4011 1987 4239 2047 autem
4279 1978 4390 2069 ip-

2829 2107 3066 2151 sorum
3095 2108 3433 2175 aquosum
3472 2085 3726 2155 habent
3756 2086 4243 2166 nutrimentale
4261 2085 4388 2153 hu-

2832 2191 3119 2270 midum,
3155 2200 3221 2260 et
3249 2216 3509 2283 aquosa
3537 2203 3696 2261 sunt
3727 2196 4031 2261 membra
4067 2195 4388 2285 digeren-

2832 2299 2923 2364 tia
2956 2300 3204 2389 ipsum,
3240 2324 3512 2369 necesse
3540 2311 3639 2369 est
3670 2325 3800 2369 eva
3832 2326 4072 2370 eorum
4103 2303 4384 2392 pinguia

2826 2406 3023 2473 valde
3062 2430 3412 2497 apparere,
3475 2412 3665 2500 quasi
3707 2411 3843 2477 sint
3882 2418 4108 2500 partes
4138 2409 4379 2498 adipis,

2831 2516 3006 2583 sicut
3036 2539 3454 2607 onagrorum
3487 2519 3911 2585 marinorum
3948 2539 3963 2583 :
4009 2541 4094 2585 ex
4123 2538 4383 2607 aquoso

2833 2627 3018 2693 enim
3075 2628 3496 2693 nutrimento
3556 2633 3618 2692 et
3661 2627 3731 2692 in
3788 2629 4063 2716 aquosis
4121 2625 4385 2715 digesto

2822 2734 3171 2826 pinguedo
3202 2742 3592 2824 generatur.

2913 2842 3157 2911 Adhuc
3206 2867 3497 2934 quorum
3541 2842 3793 2911 humor
3833 2844 4089 2911 multus
4129 2853 4252 2922 est,
4322 2852 4388 2911 et

2821 2953 2904 3019 de
2937 2952 3111 3020 facili
3154 2955 3508 3021 confluens
3539 2953 3622 3020 ad
3652 2953 3882 3020 locum
3924 2955 4387 3044 generationis

2819 3061 2994 3128 sicut
3080 3061 3369 3150 piscium
3454 3061 3953 3151 aquaticorum,
4044 3083 4380 3151 aquosum

2818 3171 3002 3236 enim
3069 3167 3152 3237 de
3193 3169 3368 3238 facili
3427 3170 3732 3250 confluit,
3777 3168 3917 3238 haec
3968 3193 4242 3237 necesse
4280 3178 4379 3238 est

2817 3283 3174 3371 concipere
3207 3280 3418 3348 multa
3451 3304 3581 3348 ova
3611 3281 3818 3347 etiam
3860 3283 4008 3348 sine
4037 3282 4381 3347 attractio-

2819 3411 2902 3454 ne
2932 3388 3215 3454 seminis
3245 3386 3601 3455 masculini
3640 3409 3653 3453 :
3692 3396 3757 3454 ct
3800 3386 3952 3454 ideo
3984 3388 4201 3477 pisces
4234 3410 4370 3453 non

2814 3497 3212 3587 concipiunt
3251 3519 3383 3564 ova
3449 3518 3530 3563 cx
3580 3498 3790 3578 coitu,
3852 3495 3972 3563 sed
4037 3497 4266 3585 potius
4307 3497 4372 3563 in

2813 3604 3182 3672 emissione
3249 3627 3322 3671 se
3394 3603 3794 3679 confricant,
3890 3611 3958 3671 et
4038 3611 4373 3694 spermate

2812 3710 3248 3801 complentur
3314 3734 3446 3779 ova
3532 3711 3603 3778 in
3668 3733 3950 3799 egressu
3987 3733 4002 3777 :
4096 3718 4374 3800 propter

2811 3819 2996 3909 quod
3035 3821 3240 3886 etiam
3274 3818 3506 3886 mollia
3565 3826 3630 3886 et
3689 3841 3828 3886 non
3862 3818 3931 3885 in
3998 3826 4169 3885 testa
4207 3841 4375 3885 coo·

2809 3934 3001 4016 perta
3044 3950 3317 3994 necesse
3358 3934 3457 3994 est
3516 3950 3593 3993 ea
3653 3925 3931 3993 formari
3974 3948 3988 3992 ε
4054 3925 4214 4016 quia
4255 3949 4373 4016 per

2811 4046 3055 4102 testam
3089 4059 3228 4103 nen
3268 4038 3503 4103 transit
3546 4036 3652 4101 vis
3681 4044 3744 4102 et
3777 4034 4155 4102 substantia
4188 4058 4372 4124 sper-

2809 4141 3034 4207 matis.
3079 4141 3544 4231 Quaecumque
3572 4148 3804 4206 autem
3836 4136 4089 4206 habent
4129 4136 4373 4204 humo-

2807 4270 2914 4314 res
2946 4249 3166 4339 magis
3204 4246 3591 4337 spirituales
3631 4254 3697 4314 et
3740 4268 4006 4325 aereos,
4087 4267 4225 4312 non
4283 4245 4366 4312 de

2803 4356 2979 4423 facili
3012 4357 3458 4436 confluenteS,
3492 4355 3636 4424 haec
3666 4377 3943 4423 necesse
3983 4363 4081 4421 est
4113 4377 4241 4421 ova
4283 4377 4365 4420 ex

2801 4473 3144 4555 spermate
3170 4463 3549 4532 attrahente
3590 4464 3976 4553 concipere,
4020 4463 4187 4529 sicut
4230 4484 4363 4529 ova

2799 4596 2965 4639 aves
3027 4572 3423 4663 concipiunt
3474 4595 3490 4639 :
3551 4593 3676 4639 nec
3740 4571 3927 4637 enim
3995 4593 4154 4637 aves
4229 4593 4359 4637 ova

2798 4682 2986 4747 venti
3014 4678 3408 4771 concipiunt
3435 4699 3653 4770 saepe:
3717 4686 3782 4746 et
3814 4677 4088 4768 quando
4128 4678 4366 4745 conci-

2797 4789 2993 4879 piunt
3024 4811 3127 4856 ea.
3164 4797 3430 4879 oportet
3474 4797 3594 4857 aut
3652 4788 3945 4856 nimium
3998 4785 4358 4853 lmmidum

2795 4896 3359 4986 superabundans
3386 4920 3534 4965 esse
3567 4896 3634 4964 in
3672 4918 3907 4970 causa,
3948 4903 4060 4961 aut
4108 4894 4365 4961 confri-

2794 5005 3062 5073 catione
3128 5005 3359 5096 aliqua
3413 5006 3590 5072 circa
3657 5003 3969 5070 membra
4007 5001 4355 5090 genitalia,

2791 5113 2968 5179 sicut
2998 5114 3066 5181 in
3096 5112 3490 5204 praehabitis
3530 5113 3726 5180 istius
3756 5112 3933 5179 sexti
3973 5109 4126 5176 libri
4188 5109 4360 5176 dixi-

2792 5242 2973 5286 muS.
3042 5219 3202 5290 llaec
3259 5221 3467 5312 igitur
3522 5228 3625 5287 est
3678 5240 3887 5286 causa
3946 5216 4356 5284 diversitatis

2791 5329 3296 5416 generantium.

2879 5434 3491 5526 Quorumcumque
3552 5442 3783 5502 autem
3856 5456 3988 5500 ova
4055 5431 4353 5500 calidum

2786 5541 3074 5608 interius
3103 5543 3291 5634 quod
3318 5551 3420 5612 est
3456 5540 3929 5620 formativum,
3964 5539 4216 5608 habent
4248 5539 4353 5606 fa-

2783 5649 2913 5717 cile
2977 5649 3335 5720 excitabile
3392 5672 3432 5717 a
3489 5648 3717 5717 calore
3789 5648 3922 5716 leci
4006 5648 4181 5715 aeris
4237 5645 4345 5714 vel

2783 5782 3011 5850 aquae,
3045 5760 3188 5828 haec
3229 5780 3367 5827 non
3406 5758 3725 5825 foventur
3757 5778 3980 5848 neque
4009 5753 4347 5822 cubantur
