4919 6371
595 394 724 460 468

594 561 818 627 subito
886 558 1154 644 erigunt
1187 576 1340 620 eum
1375 561 1439 620 et
1494 553 1821 620 reducunt
1850 554 1918 619 in
1949 552 2147 620 thro-

596 687 763 732 num
813 663 1004 751 regni
1073 663 1203 738 sui,
1240 668 1304 726 et
1369 668 1759 751 supponunt
1823 661 1883 728 ei
1914 662 2139 730 sedem

593 792 787 852 cerae,
830 790 950 858 per
980 790 1182 857 quam
1233 775 1647 836 sustentatur
1674 792 1756 836 ne
1821 769 2040 848 cadat,
2081 778 2147 836 et

594 879 911 967 vigorant
949 876 1197 965 ipsum,
1236 886 1300 943 et
1328 877 1580 944 faciunt
1643 879 1700 943 ei
1757 877 1985 944 locum
2026 900 2144 966 per

593 1006 796 1074 quem
859 985 1061 1052 intret
1120 995 1188 1053 et
1262 994 1479 1052 exeat.
1516 985 1685 1052 Cum
1742 985 1924 1050 enim
1982 1006 2142 1073 apes

591 1115 730 1159 non
760 1090 1012 1159 habent
1041 1092 1429 1182 expeditum
1480 1092 1703 1158 locum
1761 1114 1880 1179 per
1935 1113 2141 1179 quem

587 1201 840 1268 intrent
868 1210 936 1269 et
991 1208 1260 1276 exeant,
1342 1222 1543 1288 super
1598 1197 1891 1264 alvearia
1946 1196 2139 1263 sede-

587 1306 759 1375 bunt
791 1329 805 1374 ε
842 1316 908 1375 et
937 1316 1098 1374 tunc
1129 1305 1263 1372 mel
1316 1305 1596 1371 interius
1657 1303 2134 1392 corrumpitur,

587 1422 654 1482 et
683 1412 1076 1502 implebitur
1107 1410 1395 1478 araneis.

667 1519 848 1608 Apes
880 1526 1109 1585 autem
1133 1515 1528 1585 adulterina}
1562 1514 1877 1583 masculae
1908 1514 2135 1592 malae,

591 1648 741 1715 quae
772 1625 970 1693 cakin
997 1633 1330 1693 vocantur
1370 1647 1386 1692 :
1423 1623 1732 1692 similiter
1786 1631 2014 1691 autem
2074 1631 2142 1691 et

587 1732 901 1822 quiedam
959 1733 1109 1800 alim
1168 1756 1335 1823 quas
1389 1739 1633 1812 vocant
1681 1732 1906 1807 corolz,
1968 1728 2138 1797 nihil

587 1843 869 1909 omnino
948 1852 1335 1931 operantur,
1367 1849 1434 1908 et
1497 1843 1772 1929 insuper
1827 1861 2140 1905 corrum-

582 1957 754 2038 punt
781 1947 1072 2016 aliarum
1114 1971 1318 2038 apum
1359 1948 1783 2037 operationes
1821 1968 1835 2012 :
1868 1954 1935 2013 et
1981 1945 2135 2013 ideo

580 2077 736 2122 cum
799 2055 997 2122 home
1048 2076 1207 2144 apes
1236 2054 1526 2120 foeminae
1556 2054 1834 2119 vinc-unt
1898 2058 1966 2118 et
2004 2073 2137 2141 po-

580 2170 866 2229 tuerunt
928 2185 1131 2251 super
1186 2185 1324 2237 e05,
1370 2171 1529 2228 tunc
1572 2160 1982 2227 interficiunt
2018 2181 2135 2227 eos

582 2277 651 2333 et
690 2267 906 2334 malos
939 2290 1129 2356 reges
1169 2290 1323 2333 cum
1355 2268 1473 2342 eiS,
1518 2274 1579 2332 et
1610 2267 1949 2357 pra-cipue
1982 2266 2134 2332 illos

587 2376 709 2464 qui
761 2384 919 2442 sunt
971 2374 1123 2442 loco
1182 2373 1428 2441 (lucum
1480 2396 1680 2462 apum
1730 2372 2067 2438 malarum
2110 2394 2126 2438 :

582 2488 649 2546 et
676 2478 808 2546 hoc
853 2479 1133 2561 faciunt,
1168 2487 1240 2546 ut
1270 2501 1409 2545 non
1440 2477 1973 2567 multiplicentur
2015 2501 2030 2544 ε
2066 2489 2132 2547 et

579 2595 938 2677 postquam
980 2586 1457 2653 interfecerunt
1488 2584 1653 2651 tales
1690 2584 1894 2653 duces
1925 2593 1991 2653 et
2018 2594 2132 2654 ta-

577 2693 673 2759 les
705 2715 951 2770 mares,
990 2701 1149 2759 tunc
1187 2699 1583 2782 separantur
1612 2714 1872 2759 omnes.
1910 2692 2129 2783 Reges

574 2807 805 2866 tamen
840 2822 991 2866 raro
1026 2800 1541 2876 interficiuntur,
1576 2798 1703 2865 nisi
1734 2798 2007 2890 quando
2059 2801 2127 2866 in

574 2906 956 2973 alvearibus
996 2930 1131 2973 non
1191 2915 1290 2973 cst
1349 2905 1709 2973 iiiultitudo
1750 2905 2121 2996 pullorum,

576 3012 693 3079 sed
750 3012 1114 3080 multitudo
1182 3011 1531 3080 cethorum
1573 3013 1718 3079 sine
1783 3012 2125 3103 condigno

578 3120 875 3189 exercitu
911 3141 927 3188 z
962 3129 1026 3188 et
1057 3117 1185 3187 hoc
1224 3129 1325 3188 est
1398 3118 1667 3210 quando
1708 3141 1845 3185 non
1882 3119 2128 3210 paula-

581 3230 702 3295 tim
732 3228 896 3318 pulli
927 3230 1227 3319 generati
1258 3228 1530 3295 fuerunt
1555 3250 1595 3294 a
1641 3227 1843 3317 pullis
1885 3249 2119 3317 apum,

578 3344 636 3402 et
672 3335 754 3401 ab
786 3336 1026 3425 apibus
1061 3335 1244 3424 ipsis.
1284 3334 1356 3400 lu
1409 3335 1550 3400 istis
1600 3334 1803 3423 igitur
1849 3343 2123 3423 tempo-

576 3442 761 3509 ribus
815 3451 882 3511 et
911 3444 1057 3509 istis
1113 3442 1193 3509 de
1250 3442 1471 3509 causis
1522 3442 1837 3509 deserunt
1874 3442 2118 3510 domos

572 3574 809 3642 regum
866 3555 1149 3620 suoruni
1212 3553 1269 3618 si
1325 3573 1463 3618 non
1512 3551 1919 3619 interficiunt
1967 3573 2109 3631 eos,

1594 384 1673 448 D.
1728 382 1924 448 Am).
1979 381 2198 450 MAG.

2252 380 2458 449 ORD.
2517 378 2808 448 PnAEn.

2252 554 2368 620 ria*
2428 552 2762 628 habitant,
2842 549 3280 617 solitudinem
3339 558 3678 640 quaerunt,
3744 560 3808 617 et

2256 658 2422 728 nihil
2452 659 2719 725 utilium
2751 659 3004 726 faciunt
3034 681 3345 748 operum,
3382 666 3448 725 et
3485 656 3623 725 fere
3665 681 3813 724 om-

2250 790 2370 834 nes
2413 767 2798 832 moriuntur
2842 766 3006 832 tales
3046 775 3202 832 ante
3233 775 3641 832 autumnum
3679 786 3694 830 :
3741 772 3809 831 et

2250 897 2333 943 ex
2372 873 2520 939 ovis
2559 894 2791 938 earum
2833 870 2980 939 aliae
3026 874 3094 938 in
3125 871 3351 940 futuro
3393 880 3809 963 generantur

2246 1005 2432 1049 vere.

2335 1085 2579 1154 Adhuc
2647 1093 2873 1152 autem
2917 1083 3186 1173 quando
3247 1107 3408 1174 apes
3455 1084 3654 1153 bonoe
3689 1088 3804 1153 in-

2246 1195 2587 1262 terficiunt
2641 1194 2937 1283 aliquam
2978 1192 3060 1259 de
3119 1191 3359 1282 apibus
3418 1192 3799 1271 inutilibus,

2249 1304 2477 1369 statim
2499 1302 2806 1370 laborant
2834 1325 2983 1368 eam
3011 1301 3095 1367 ab
3127 1299 3380 1369 alveari
3412 1301 3796 1369 extrahere.

2245 1407 2636 1498 Aliquando
2665 1418 2889 1476 autem
2925 1431 3051 1475 nos
3082 1410 3205 1499 ipsi
3243 1431 3439 1498 apem
3473 1432 3798 1500 magnam

2245 1538 2458 1606 quam
2535 1527 2808 1584 utacum
2883 1517 3160 1606 quidam
3211 1526 3485 1594 vocant,
3558 1518 3805 1605 injeci-

2244 1647 2397 1693 mus
2436 1627 2509 1692 in
2543 1624 2850 1693 foramen
2880 1624 3191 1701 alvearis,
3256 1634 3323 1692 et
3351 1625 3580 1692 subito
3615 1625 3803 1692 mul-

2245 1733 2459 1801 titudo
2504 1754 2706 1822 apum
2745 1732 3081 1799 bonarum
3123 1732 3368 1821 erupit,
3426 1741 3490 1798 et
3530 1740 3799 1800 atacum

2242 1839 2441 1907 turba
2490 1839 2799 1931 quaedam
2859 1841 3158 1928 ipsarum
3206 1838 3504 1916 sustulit,
3548 1847 3614 1905 et
3660 1838 3798 1905 fere

2243 1946 2328 2013 ad
2384 1945 2740 2014 duodecim
2779 1945 2983 2034 pedes
3059 1943 3143 2010 ab
3210 1944 3464 2011 alveari
3519 1945 3798 2013 interfe-

2242 2061 2425 2121 ctum
2491 2053 2795 2143 projecit.
2871 2051 2944 2118 Si
3021 2074 3156 2141 qua
3204 2053 3414 2120 etiam
3456 2051 3794 2120 bonarum

2242 2184 2447 2250 apum
2505 2182 2662 2228 casu
2721 2161 2789 2226 in
2847 2160 3097 2226 alveari
3141 2161 3456 2237 moritur,
3498 2160 3584 2227 ab
3643 2159 3795 2229 aliis

2240 2267 2642 2346 extrahitur,
2687 2279 2748 2335 et
2789 2269 3078 2357 ejicitur,
3140 2291 3223 2335 ne
3290 2291 3463 2336 casoe
3516 2291 3688 2336 cera·
3723 2278 3791 2337 et

2241 2376 2462 2444 mellis
2536 2399 2766 2444 earum
2860 2375 3213 2464 putredine
3291 2385 3789 2466 corrumpatur.

2237 2485 2516 2552 Animal
2571 2495 2794 2552 autem
2871 2483 3213 2574 quoddam
3292 2485 3476 2575 quod
3563 2484 3793 2553 Graeco

2236 2591 2417 2658 koies
2444 2598 2714 2666 vocant,
2748 2596 2813 2656 et
2847 2597 2946 2656 est
2975 2588 3198 2655 simile
3245 2590 3381 2678 api,
3418 2591 3625 2656 intrat
3663 2589 3796 2656 ali-

2241 2693 2517 2785 quando
2558 2692 2873 2766 alvearia,
2918 2716 3071 2759 cum
3126 2701 3351 2759 tamen
3395 2716 3533 2760 non
3572 2694 3658 2760 sit
3708 2693 3790 2761 do

2235 2800 2342 2868 his
2380 2824 2533 2891 quae
2572 2803 2908 2892 pertinent
2938 2801 3021 2868 ad
3061 2822 3350 2867 examen
3398 2824 3414 2868 :
3449 2808 3514 2867 et
3566 2824 3790 2892 quan-

2233 2907 2321 2976 do
2358 2917 2650 2999 possunt
2684 2931 2887 2999 super
2932 2909 3179 2998 ipsum,
3227 2908 3640 2975 interficiunt
3680 2909 3790 2999 ip-

2231 3037 2383 3081 sum
2424 3037 2610 3105 apes,
2653 3037 2733 3083 eo
2790 3014 2971 3105 quod
3028 3015 3403 3105 corrumpit
3460 3037 3668 3105 opera
3718 3024 3783 3082 et

2230 3124 2705 3212 generationes
2752 3145 3011 3200 earum,
3048 3132 3113 3190 et
3153 3122 3304 3190 ideo
3362 3124 3786 3191 constituunt

2231 3252 2391 3321 apes
2455 3233 2650 3323 quasi
2715 3232 3197 3323 speculatores,
3263 3233 3379 3322 qui
3430 3232 3783 3322 sigillatim

2228 3338 2463 3407 sedent
2528 3362 2730 3429 snper
2782 3340 3167 3406 foramina:
3226 3347 3288 3406 et
3331 3339 3386 3406 si
3426 3338 3602 3407 forte
3646 3340 3786 3407 fue-

2229 3445 2365 3514 rint
2402 3446 2826 3538 negligentes
2864 3447 2931 3513 in
2974 3446 3291 3537 adspectu
3325 3456 3392 3514 et
3439 3446 3774 3523 custodia,

2224 3551 2508 3621 intrahit
2545 3576 2670 3644 per
2694 3552 3029 3621 foramina
3057 3551 3312 3620 animal
3347 3553 3777 3643 praedictum,

568 3660 880 3749 quamvis
926 3661 1086 3751 ipsoe
1129 3659 1374 3727 domus
1403 3660 1656 3748 optime
1686 3659 1820 3726 sint
1847 3681 2117 3751 praepa-
2222 3666 2337 3727 aut
2367 3659 2643 3751 aliquod
2672 3659 2878 3736 aliud,
2907 3668 2972 3727 et
3001 3681 3139 3727 non
3170 3662 3418 3749 poterit
3448 3659 3775 3751 effugere,

565 3775 724 3833 rata·
762 3788 778 3833 ε
823 3775 887 3835 et
927 3766 1057 3834 hoe
1091 3766 1239 3833 ideo
1287 3765 1562 3843 faciunt,
1616 3766 1940 3857 quoniam
2002 3791 2114 3837 re·
2219 3788 2301 3834 eo
2358 3767 2541 3859 quod
2598 3767 2928 3835 foramina
2998 3769 3068 3835 in
3126 3790 3278 3858 qum
3334 3767 3567 3847 intrat,
3617 3779 3777 3838 sunt

561 3897 679 3964 ges
744 3872 1102 3942 extrahunt
1160 3874 1382 3966 pullos
1438 3897 1642 3964 apum
1680 3897 1934 3965 paucos
1989 3879 2105 3968 qui
2215 3872 2442 3941 stricta
2502 3881 2568 3940 et
2622 3871 2820 3963 plena
2881 3893 2897 3937 :
2959 3878 3026 3938 et
3092 3881 3254 3939 tunc
3309 3873 3584 3961 incipiet
3648 3895 3778 3939 va-

560 3989 713 4048 sunt
753 4003 768 4048 ε
802 3988 867 4047 et
896 3988 1056 4049 tunc
1094 3989 1468 4070 evagantur
1495 3981 1786 4049 alvearia
1817 3990 1884 4050 et
1920 3982 2109 4051 dese·
2214 3977 2359 4067 gari
2411 3999 2533 4067 per
2586 3977 2903 4051 alvearia,
2966 3984 3032 4045 et
3060 3975 3332 4045 difficile
3407 3976 3650 4046 evadet
3687 3979 3773 4046 ab

558 4095 821 4156 runtur.
2214 4082 2482 4173 apibus.

646 4194 885 4264 Adhuc
925 4196 1130 4263 etiam
1162 4194 1474 4262 deserunt
1505 4195 1747 4264 domos
1775 4197 2096 4277 marium,
2301 4196 2523 4289 Reges
2559 4205 2783 4264 autem
2823 4206 3014 4264 extra
3059 4196 3358 4265 alvearia
3396 4198 3524 4266 soli
3557 4220 3769 4266 num-

553 4303 886 4392 proecipue
925 4302 1197 4393 quando
1246 4301 1379 4370 mel
1437 4303 1632 4371 fuerit
1689 4303 2093 4374 modicum:
2208 4327 2416 4395 quam
2473 4313 2822 4397 apparent,
2883 4304 3001 4373 sed
3075 4327 3346 4394 semper
3427 4307 3771 4396 stipantur

550 4405 700 4471 etsi
732 4429 879 4473 mas
918 4408 1400 4496 superveniens
1428 4407 1720 4476 voluerit
1774 4409 1906 4477 mel
1972 4432 2100 4479 ex·
2207 4433 2461 4504 magno
2499 4413 2795 4481 exercitu
2830 4434 3036 4503 apum
3078 4412 3353 4503 quando
3384 4423 3662 4494 exeunt,
3694 4417 3764 4482 in

545 4510 836 4591 trahere,
906 4525 1211 4605 pugnant
1265 4538 1419 4583 cuni
1469 4539 1549 4582 eo
1609 4515 1777 4585 forte
1832 4516 2097 4602 interlig-
2204 4521 2398 4609 eujus
2437 4520 2663 4590 medio
2724 4529 2853 4590 stat
2895 4543 3012 4588 rex
3043 4520 3285 4611 apibus
3326 4521 3765 4613 circumqua-

544 4621 796 4690 cientes
827 4623 1049 4713 ipsum
1084 4644 1101 4689 :
1138 4629 1202 4690 et
1240 4620 1365 4690 hac
1395 4622 1477 4689 de
1507 4645 1708 4692 causa
1752 4646 1933 4716 saepe
1978 4627 2093 4692 vi-
2207 4649 2341 4718 que
2378 4628 2557 4696 circa
2586 4650 2743 4695 eum
2773 4627 3242 4695 existentibus.
3279 4626 3488 4718 Regis
3527 4637 3756 4697 autem

542 4729 788 4799 dentur
814 4731 1046 4801 sedere
1077 4754 1282 4822 super
1340 4730 1674 4800 foramina
1711 4755 1859 4813 sua,
1893 4735 2087 4827 quasi
2190 4733 2470 4821 juvenis
2527 4733 2745 4800 exitus
2809 4756 2894 4801 ex
2948 4733 3098 4800 ovis
3149 4755 3358 4824 apum
3389 4743 3491 4802 est
3537 4734 3757 4802 tribus

540 4837 972 4908 defendentes
1012 4841 1366 4908 introitum
1397 4839 1719 4908 maribus.
1762 4841 1946 4932 Apes
1972 4865 2090 4911 ve-
2198 4839 2439 4909 diebus
2490 4849 2644 4909 ante
2713 4841 2971 4908 exitum
3037 4839 3332 4908 aliorum
3399 4839 3747 4930 pullorum

536 4967 613 5012 ro
651 4967 876 5036 parvae
907 4946 1170 5027 breves,
1211 4971 1363 5040 quan
1412 4955 1569 5016 sunt
1604 4948 1838 5037 spissae
1870 4956 1934 5016 et
1965 4947 2086 5017 bo·
2194 4972 2403 5040 apum
2454 4971 2472 5019 ε
2552 4959 2617 5018 et
2675 4973 2828 5017 cum
2896 4949 3202 5018 emittere
3244 4950 3390 5017 vult
3427 4973 3743 5029 examen,

532 5073 662 5131 nae,
718 5064 1027 5146 pugnant
1063 5080 1217 5123 eum
1267 5056 1489 5147 longis
1544 5055 1907 5146 gracilibus
1944 5080 2081 5148 pu-
2193 5058 2415 5148 primo
2445 5064 2695 5125 exeunt
2737 5079 2896 5147 apes
2934 5078 3167 5147 paucae
3203 5057 3520 5126 volantes
3567 5058 3745 5125 circa

528 5180 661 5249 gna
692 5158 870 5240 forti,
913 5172 978 5231 et
1007 5163 1318 5232 laborant
1355 5172 1428 5231 ut
1487 5162 1754 5251 ejiciant
1817 5185 1933 5231 eas
1989 5164 2075 5232 ab
2186 5165 2496 5233 foramen
2536 5164 2820 5233 alvearis
2863 5185 2879 5230 :
2922 5173 2990 5233 et
3018 5172 3180 5233 tunc
3225 5187 3345 5233 rex
3403 5184 3543 5232 non
3592 5186 3746 5231 ma-

526 5265 931 5354 alvearibus,
991 5276 1321 5365 praecipue
1353 5272 1622 5363 quando
1654 5294 1790 5339 non
1830 5295 2076 5363 super·
2185 5274 2544 5343 nifestatur
2571 5298 2716 5344 esse
2745 5296 2897 5343 cum
2930 5274 3052 5352 eis,
3106 5283 3170 5342 et
3208 5282 3372 5341 tunc
3409 5273 3549 5340 exit
3590 5296 3736 5352 rex,

522 5374 820 5443 abundat
853 5378 985 5446 mel
1018 5380 1088 5447 in
1122 5380 1396 5448 alveari.
1446 5380 1521 5448 13¹
1558 5390 1656 5449 est
1685 5381 1916 5471 opinio
1943 5404 2070 5449 ex-
2182 5390 2250 5452 et
2311 5382 2620 5475 quaedam
2668 5390 2972 5472 strepunt
3034 5382 3102 5448 in
3160 5379 3494 5448 foramine
3561 5380 3735 5449 sicut

517 5491 890 5573 per-torum,
925 5486 1107 5576 quod
1149 5488 1279 5555 illis
1310 5489 1538 5578 ejectis
1584 5489 1801 5580 magis
1848 5488 2064 5558 fertile
2178 5513 2337 5559 cum
2392 5512 2605 5559 cornu
2657 5497 2976 5558 vocantes
3036 5487 3262 5579 pullos
3317 5487 3403 5555 ad
3467 5509 3733 5556 exeun-

513 5591 737 5660 mellis
763 5600 831 5663 et
853 5616 1060 5687 apum
1093 5596 1378 5666 eflicitur
1405 5597 1654 5695 alvear.
2176 5597 2342 5668 dum
2375 5622 2393 5667 ε
2427 5606 2496 5668 et
2532 5596 2768 5666 deinde
2804 5597 3088 5677 vadunt,
3132 5604 3200 5665 et
3234 5620 3391 5666 cum
3423 5595 3734 5688 quolibet

601 5700 829 5793 Apum
886 5711 1112 5773 autem
1174 5704 1306 5773 alia
1343 5726 1592 5796 genera
1628 5726 1782 5796 quoe
1820 5706 2057 5775 solita·
2173 5729 2333 5799 rege
2371 5710 2812 5774 una-caterva
2846 5706 2991 5773 sive
3031 5726 3245 5773 unum
3289 5725 3604 5773 examen.
3651 5703 3727 5772 Si
