4919 6371
1974 447 2143 514 Llss.
2194 444 2289 511 VI
2338 443 2458 509 DE
2507 440 3100 524 ANIMALIBUS,
3153 446 3463 514 TRACT.
3521 445 3552 511 Ι

1216 620 1415 701 Quod
1471 625 1695 684 autern
1763 615 2061 680 diximus
2121 617 2185 679 in
2252 613 2672 704 pra-habitiS,

1125 751 1360 796 semen
1393 725 1595 791 maris
1623 730 1881 788 mutare
1949 730 2014 788 et
2075 722 2414 812 complere
2466 747 2674 791 ovum

1116 857 1332 925 usque
1373 830 1455 899 ad
1488 831 1771 907 exitum,
1807 830 2133 919 probatur
2180 855 2263 898 ex
2312 831 2443 900 boc
2492 832 2674 922 quod

1116 943 1174 1007 si
1208 938 1542 1026 frangitur
1571 958 1779 1002 ovum
1828 936 2270 1025 completum,
2331 938 2677 1003 invenitur

1116 1065 1349 1110 semen
1409 1040 1567 1131 galli
1636 1043 1704 1107 in
1736 1064 1867 1108 ovo
1899 1050 2035 1109 tres
2065 1040 2312 1110 habere
2363 1042 2676 1130 proprie-

1117 1158 1342 1217 tates:
1381 1150 1446 1214 in
1487 1148 1712 1216 colore
1779 1152 1961 1217 enim
2021 1157 2121 1216 est
2176 1148 2418 1224 albim,
2493 1147 2675 1237 quod

1117 1260 1481 1347 puritatem
1530 1280 1671 1323 suffe
1748 1257 2165 1323 demonstrat
2216 1255 2611 1321 substantia¹
2651 1277 2664 1319 :

1115 1366 1185 1432 in
1224 1366 1594 1433 substantia
1637 1373 1862 1431 autem
1931 1372 2030 1429 est
2105 1362 2322 1428 multo
2388 1363 2671 1452 spissius

1114 1496 1320 1564 quam
1359 1474 1446 1539 sit
1474 1472 1723 1560 albugo
1754 1478 2019 1547 matera,
2056 1477 2121 1537 et
2153 1469 2282 1537 boc
2322 1477 2421 1536 est
2451 1478 2525 1536 ut
2560 1494 2670 1537 re-

1114 1582 1324 1648 tineat
1355 1581 1530 1646 intra
1568 1600 1638 1644 se
1695 1580 2035 1667 spiritum,
2080 1586 2147 1646 et
2185 1579 2480 1647 calorem
2531 1578 2673 1645 for-

1114 1695 1441 1764 mantem,
1479 1708 1561 1753 ne
1593 1685 1911 1754 exhalare
1949 1687 2032 1754 de
2073 1686 2249 1754 sacili
2289 1687 2505 1777 possit
2540 1709 2554 1752 :
2600 1687 2668 1752 in

1114 1796 1247 1862 situ
1303 1803 1528 1862 autem
1586 1796 1908 1884 pertingit
1984 1817 2105 1884 per
2134 1794 2526 1884 albuginem
2557 1802 2670 1860 to-

1111 1911 1251 1971 tam
1321 1925 1534 1992 usque
1602 1901 1683 1968 ad
1742 1901 2178 1982 vitellun1‚et
2236 1900 2329 1967 illi
2362 1911 2666 1991 exparte

1110 2011 1446 2078 acuminis
1521 2011 1630 2076 ovi
1686 2011 2011 2100 infigitur,
2047 2017 2121 2078 ut
2160 2010 2377 2077 virtus
2424 2034 2546 2077 sua
2579 2013 2665 2078 sit

1103 2119 1380 2210 quidem
1414 2119 1482 2184 in
1516 2118 1863 2209 albugine,
1900 2141 1982 2186 ex
2016 2142 2145 2209 qua
2190 2121 2260 2185 tit
2300 2118 2469 2209 pulli
2509 2118 2666 2186 sub-

1100 2227 1345 2293 stantia
1375 2232 1442 2292 et
1473 2226 1793 2316 pertingit
1842 2247 2058 2316 usque
2089 2225 2174 2293 ad
2201 2225 2541 2303 vitellum,
2575 2248 2660 2293 ex

1101 2358 1236 2425 quo
1279 2335 1348 2401 lit
1376 2343 1698 2402 creaturae
1723 2335 1914 2404 cibus
1943 2336 2385 2415 convenien8‚
2422 2358 2665 2425 quam-

1098 2441 1212 2509 diu
1245 2451 1343 2510 est
1377 2443 1445 2509 in
1500 2453 1666 2510 testa
1708 2443 1844 2510 ovi.
1894 2443 2117 2510 Ovum
2173 2453 2403 2510 autem
2471 2445 2657 2510 venti

1098 2550 1215 2617 tali
1255 2559 1590 2641 spermate
1647 2550 2071 2629 destitutum,
2126 2553 2409 2619 omuino
2477 2559 2657 2619 caret

1094 2658 1427 2726 formante
1486 2668 1547 2726 et
1617 2659 1699 2725 ad
1768 2661 2062 2747 speciem
2130 2659 2530 2727 deducente.
2588 2669 2653 2727 et

1094 2790 1232 2835 non
1262 2777 1366 2836 est
1394 2771 1520 2836 nisi
1550 2769 1722 2836 sieut
1746 2772 2027 2835 materia
2051 2769 2315 2836 aedilicii
2338 2770 2420 2835 ad
2444 2792 2652 2859 quam

1093 2898 1228 2941 non
1270 2875 1510 2942 accidit
1545 2899 1785 2942 manus
1807 2876 2088 2943 artificis
2118 2899 2131 2941 :
2160 2885 2439 2966 propter
2469 2877 2655 2967 quod

1094 2983 1299 3049 etiam
1350 2982 1624 3073 quando
1673 3007 1801 3050 ova
1844 2984 2250 3069 gallinarum
2304 2994 2655 3074 ponuntur

1095 3089 1179 3157 ad
1250 3089 1732 3169 incubandum,
1766 3091 2231 3181 adspiciuntur
2266 3091 2350 3159 ad
2408 3093 2649 3170 solem,

1069 3205 1165 3283 ‘ut
1192 3197 1508 3265 videatur
1557 3220 1643 3265 an
1700 3220 1931 3266 semen
1974 3198 2131 3289 galli
2188 3200 2269 3268 sit
2306 3201 2377 3267 in
2409 3202 2507 3267 eis
2545 3199 2652 3267 vel

1092 3329 1254 3376 non.
1284 3315 1349 3375 et
1376 3308 1737 3395 ejiciuntur
1764 3332 1842 3374 ea
1886 3330 2041 3400 qua·
2073 3319 2302 3378 carent
2350 3308 2511 3399 galli
2543 3331 2656 3376 se-

1094 3418 1301 3483 mine.
1338 3415 1501 3483 l‘ost
1566 3415 2073 3485 incubationem
2113 3425 2343 3486 autem
2390 3427 2652 3509 septem

1096 3521 1360 3590 dierum
1394 3525 1638 3591 iterum
1689 3525 2186 3614 inspiciuntur:
2222 3532 2283 3592 et
2341 3526 2399 3591 si
2468 3524 2653 3616 quod

1094 3636 1191 3697 est
1225 3628 1410 3719 quod
1452 3628 1579 3695 soli
1619 3629 1999 3698 exhibitum
2041 3653 2179 3699 nou
2236 3638 2336 3699 est
2403 3630 2655 3698 altera-

1088 3745 1264 3812 tum.
1298 3738 1589 3827 ejicitur,
1621 3739 1949 3829 quoniam
1989 3739 2202 3807 scitur
2253 3761 2400 3808 esse
2437 3761 2650 3807 ovum

1089 3846 1272 3912 venti
1342 3853 1409 3912 et
1474 3843 1709 3913 inutile
1774 3867 1922 3913 esse
1976 3846 2063 3913 ad
2128 3846 2418 3936 pullum.
2471 3846 2645 3914 hicet

1090 3960 1320 4020 autem
1352 3952 1649 4021 diximus
1678 3975 1808 4021 ova
1846 3976 1992 4022 esse
2034 3952 2323 4022 duarum
2355 3952 2652 4021 humidi-

1088 4068 1333 4139 tatum‚
1395 4060 1814 4153 allmgiuosa:
1870 4062 2147 4154 quidem
2206 4068 2272 4130 et
2321 4064 2580 4131 eitrina·
2627 4087 2644 4131 ε

1092 4176 1318 4235 tamen
1352 4170 1791 4239 inveniuntur
1818 4170 2128 4261 qua-dam
2170 4192 2301 4238 ova
2326 4172 2542 4250 venti,
2579 4172 2646 4239 in

1089 4274 1341 4365 quibus
1359 4297 1500 4344 non
1531 4285 1626 4344 est
1659 4276 1937 4368 albugo,
1965 4284 2029 4345 et
2063 4277 2205 4344 ba=c
2233 4278 2407 4344 liunt
2433 4299 2645 4368 quan·

1090 4381 1180 4448 do
1206 4382 1275 4449 in
1325 4383 1608 4451 materia
1682 4385 1902 4451 coitus
1952 4383 2303 4453 abundant
2369 4384 2642 4470 gallina·

1087 4510 1170 4555 ex
1254 4487 1488 4580 aliquo
1571 4489 1724 4556 cibo
1788 4491 2223 4584 singulariter
2284 4492 2642 4559 materiam

1091 4597 1313 4665 coitus
1369 4606 1741 4687 operante:
1788 4604 1949 4666 tunc
1996 4599 2178 4666 enim
2226 4595 2484 4689 absque
2537 4599 2643 4666 ci-

1085 4705 1266 4771 trino
1315 4703 1603 4774 humore
1647 4714 1814 4774 testa
1855 4705 2158 4795 albugini
2196 4704 2641 4774 circumduci·

1085 4818 1220 4891 tur,
1278 4819 1343 4880 et
1395 4813 1611 4903 ligura
1656 4815 1772 4881 ovi
1829 4813 2032 4882 datur
2079 4822 2148 4882 et
2176 4814 2578 4905 producitur
2619 4838 2636 4883 ε

1083 4939 1294 4987 ovum
1358 4920 1544 4988 enim
1617 4919 1888 5012 gallina)
1947 4920 2114 4990 mibi
2161 4922 2636 4991 transmissum

1079 5051 1204 5119 pro
1234 5030 1566 5099 miraculo
1612 5055 1742 5121 ego
1788 5032 1925 5100 vidi
1981 5037 2202 5100 totum
2264 5031 2636 5101 rotundum

1077 5137 1254 5206 sicut
1289 5136 1580 5230 sphera,
1620 5138 1803 5230 quod
1850 5138 2141 5208 babebat
2186 5138 2358 5208 duas
2396 5147 2631 5219 testas,

1078 5266 1289 5314 unam
1346 5246 1522 5314 intra
1574 5246 1805 5329 aliam,
1846 5256 1915 5315 et
1958 5248 2134 5316 intra
2190 5254 2398 5315 testas
2435 5247 2637 5315 albu-

1077 5350 1307 5440 ginem
1347 5373 1673 5444 aquosam
1707 5360 2008 5430 teum-m,
2043 5363 2106 5423 et
2156 5355 2336 5422 intra
2383 5377 2634 5423 serun-

1075 5458 1239 5527 dum
1270 5467 1515 5529 testam
1580 5486 1719 5530 non
1788 5459 2021 5529 habuit
2073 5465 2200 5531 uisi
2235 5462 2630 5555 albuginem

1072 5574 1352 5636 tenuem
1393 5574 1459 5637 et
1495 5592 1852 5663 aquosam,
1891 5578 1962 5638 et
2013 5568 2182 5638 nibil
2223 5572 2494 5662 penitus
2557 5572 2630 5640 in

1071 5695 1156 5744 eo
1194 5681 1340 5744 erat
1376 5673 1460 5744 de
1491 5678 1766 5746 citrino.
1809 5676 1964 5747 Nou
1994 5684 2097 5748 est
2132 5686 2362 5748 autem
2399 5680 2627 5749 visum

1068 5782 1213 5852 {ieri
1247 5807 1458 5851 ovum
1488 5786 1673 5854 venti
1714 5808 1796 5855 ex
1834 5785 1982 5856 sola
2010 5786 2250 5856 citu-ina
2298 5785 2628 5856 substan-

4220 454 4345 519 327

2794 618 2910 697 tia,
2977 623 3303 709 quoniam
3371 620 3503 688 hoc
3550 629 3825 710 paratur
3872 623 3940 689 in
3988 622 4240 702 cibum,
4285 633 4350 691 et

2793 748 2931 792 non
2969 727 3416 795 circumditur
3465 728 3528 793 ei
3582 731 3713 794 nisi
3786 729 4154 798 secundina
4220 754 4352 822 qua
4418 770 4427 778 ·

2791 833 3201 921 ditinguitur
3267 834 3352 900 ab
3419 833 3766 923 albugine,
3813 844 3876 901 et
3916 847 4014 903 est
4082 862 4184 906 res
4242 841 4351 905 in-

2786 940 3126 1028 completa
3166 941 3249 1024 ad
3289 951 3561 1030 partum
3617 942 3745 1008 nisi
3807 946 4352 1016 circumducatur

2786 1045 3065 1138 albugo,
3112 1072 3267 1139 quae
3297 1058 3396 1117 est
3456 1073 3729 1139 sperma
3778 1052 4072 1121 foeminae
4100 1056 4347 1123 virtute

2788 1157 3086 1223 matricis
3151 1165 3221 1224 et
3294 1158 3766 1227 testiculorum
3833 1168 4192 1229 attractum
4260 1164 4343 1229 ad

2785 1261 2893 1326 ovi
2927 1263 3405 1331 substantiam.
3431 1264 3884 1333 Inveniuntur
3910 1276 4137 1336 tamen
4168 1292 4344 1359 quae·

2785 1368 2942 1438 dam
3001 1393 3134 1437 ova
3159 1374 3346 1439 venti
3388 1393 3528 1439 non
3562 1371 3811 1441 hahere
3861 1382 4101 1442 testam
4152 1386 4345 1444 exte-

2785 1479 3060 1556 riorem,
3129 1479 3249 1545 sed
3307 1478 3780 1547 membranam
3848 1504 3996 1573 quae
4053 1492 4152 1551 est
4217 1484 4341 1551 sub

2781 1593 2953 1651 testa
2980 1591 3251 1653 tantum
3288 1608 3302 1652 :
3340 1594 3409 1654 et
3438 1585 3572 1655 hoc
3601 1590 3962 1680 contingit,
3996 1592 4154 1680 quia
4183 1591 4347 1659 talia

2781 1714 2914 1759 ova
2944 1691 3224 1760 humida
3254 1701 3415 1761 sunt
3444 1701 3512 1761 et
3531 1717 3816 1786 aquosa,
3842 1706 3906 1765 et
3928 1720 4070 1765 non
4091 1697 4343 1768 babent

2778 1799 2847 1865 in
2895 1820 2968 1865 se
3016 1800 3435 1869 sufficienter
3469 1797 4000 1894 distinguentem
4046 1805 4340 1874 calorem

2776 1906 2954 1973 inter
2999 1914 3313 1976 terrestre
3370 1909 3892 2000 decoquendum
3942 1912 4013 1978 in
4062 1918 4334 1996 testam,

2775 2021 2842 2080 et
2868 2016 3216 2083 viscosum
3270 2016 3636 2085 humidum
3692 2021 4224 2089 convertendum
4265 2024 4332 2088 in

2776 2121 3278 2203 membranam,
3347 2132 3415 2191 et
3488 2124 3642 2194 ideo
3707 2126 3854 2193 sola
3935 2125 4332 2196 membrana

2772 2238 3093 2297 contenta
3122 2239 3420 2298 ovantur
3445 2252 3486 2297 a
3514 2230 3809 2321 gallinis.
3844 2233 4145 2322 Adjuvat
4205 2258 4333 2302 au-

2769 2344 2911 2402 tem
2943 2335 3168 2403 adbuc
3197 2335 3390 2404 cibus
3428 2335 3754 2407 humidus
3781 2342 4020 2430 aquosi
4052 2342 4329 2409 seminis

2770 2442 3084 2521 factivus,
3146 2444 3323 2511 sicut
3367 2443 3439 2511 in
3485 2453 3644 2512 ante
3697 2444 3949 2514 habitis
4004 2447 4324 2516 diximus.

2765 2550 2944 2618 Talis
2976 2551 3186 2643 igitur
3214 2555 3500 2621 materia
3536 2562 3640 2622 est
3671 2563 3740 2624 et
3768 2565 4009 2624 natura
4037 2579 4327 2625 ovorum

2766 2661 2979 2727 venti.

2852 2766 3245 2857 Aliquando
3305 2774 3535 2836 tamen
3609 2792 3694 2836 ex
3750 2769 3901 2836 aliis
3930 2772 4152 2838 causis
4181 2794 4330 2839 cor-

2767 2884 3180 2966 rumpuntur
3237 2874 3566 2945 humores
3631 2900 3950 2956 ovorum,
3993 2879 4084 2945 ita
4142 2880 4326 2969 quod

2765 3006 2901 3050 non
2955 2984 3304 3072 egreditur
3370 2983 3599 3074 pullus
3645 3008 3732 3054 ex
3779 2987 3970 3076 ipsis,
4002 2987 4176 3054 sicut
4202 3010 4325 3055 nec

2763 3112 2846 3156 ex
2883 3092 3034 3157 ovis
3061 3092 3248 3158 venti
3287 3113 3303 3158 ε
3336 3100 3404 3158 et
3460 3092 3592 3160 hoc
3650 3095 3725 3160 lit
3798 3092 4328 3184 quadrupliciter

2765 3200 2832 3265 in
2869 3222 3122 3289 genere
3157 3222 3174 3267 ε
3208 3209 3270 3266 et
3316 3223 3456 3269 una
3483 3201 3761 3291 quidem
3801 3222 4004 3271 causa
4041 3211 4138 3270 est
4171 3226 4327 3270 cor-

2763 3315 3000 3396 ruptus
3059 3305 3314 3375 bumor
3366 3308 3735 3399 albuginis,
3772 3318 4048 3401 propter
4116 3332 4323 3401 quam

2761 3437 2897 3481 nou
2950 3414 3175 3482 obedit
3211 3415 3591 3485 sonnativae
3639 3416 3994 3485 deducenti
4036 3418 4120 3484 ad
4169 3442 4328 3509 spe-

2759 3523 2930 3588 ciem
2991 3531 3054 3589 et
3105 3523 3398 3614 liguram
3454 3524 3794 3592 animalis.
3842 3525 4156 3593 Secunda
4195 3550 4326 3594 au-

2760 3637 2893 3694 tem
2925 3653 3126 3696 causa
3169 3639 3270 3698 est
3310 3633 3656 3722 corruptio
3718 3632 4027 3700 humoris
4074 3632 4320 3712 citrini,

2757 3761 2837 3803 ex
2872 3760 3010 3828 quo
3060 3761 3201 3806 non
3234 3748 3456 3830 potest
3527 3739 3702 3807 trabi
3769 3741 4321 3831 supplementum

2757 3856 2819 3913 et
2860 3847 3054 3912 cibus
3120 3847 3287 3936 pulli
3348 3848 3717 3927 formandi,
3767 3858 3829 3916 et
3901 3849 4052 3916 ideo
4120 3849 4324 3916 desti·

2759 3961 3043 4019 luuntur
3098 3954 3410 4022 membra
3465 3956 3700 4045 ipsius.
3752 3955 3884 4022 Sed
3942 3956 4317 4023 ‹litl'erentia

2756 4067 2849 4123 est
2907 4060 3081 4127 iuter
3127 4061 3428 4150 primum
3458 4068 3522 4128 et
3571 4061 3943 4130 secundum
4003 4060 4311 4141 modum,

2754 4166 2937 4255 quod
2971 4167 3038 4234 in
3070 4167 3295 4257 primo
3326 4167 3605 4259 quidem
3647 4167 3855 4235 modo
3885 4166 4055 4235 nibil
4085 4171 4316 4237 omni-

2754 4296 2843 4339 uo
2910 4272 3244 4341 formatur
3300 4298 3420 4364 per
3476 4274 4009 4353 incubatione-m,
4043 4275 4160 4342 sed
4216 4284 4317 4343 to·

2752 4390 2897 4448 tum
2938 4405 3147 4449 ovum
3210 4383 3526 4450 turbatur
3581 4391 3644 4450 et
3702 4384 4186 4473 corrumpitur,
4228 4407 4311 4449 eo

2750 4489 2930 4578 quod
2964 4489 3152 4556 calor
3196 4490 3516 4581 digerens
3554 4493 3621 4557 in
3672 4491 4110 4580 generatione
4148 4498 4308 4558 tunc

2747 4601 3123 4691 eorrumpit
3169 4598 3561 4681 humorem,
3622 4599 3797 4667 sicut
3851 4601 4310 4690 corrumpitur

2747 4704 2999 4775 immor
3038 4708 3105 4775 iu
3163 4714 3587 4800 apostemate
3623 4728 3639 4774 :
3670 4714 3737 4774 et
3799 4705 3954 4773 ideo
4008 4706 4300 4774 multum

2745 4814 3132 4882 efliciuntur
3186 4814 3418 4882 fodida
3461 4814 3622 4881 talia
3679 4836 3834 4881 ova.
3882 4813 3957 4881 ln
4003 4814 4302 4881 serundo

2743 4934 2973 4991 autem
3006 4923 3214 4991 modo
3273 4924 3611 4991 formatur
3646 4922 4033 5012 imperfecte
4062 4943 4297 4992 ovum.

2741 5043 2805 5101 et
2850 5035 3293 5103 inveniuntur
3318 5032 3632 5125 quoedam
3681 5030 3986 5100 membra
4032 5031 4101 5098 in
4155 5030 4302 5120 ipso

2741 5164 2879 5208 non
2919 5140 3260 5232 completa
3291 5148 3355 5207 et
3386 5162 3526 5207 nou
3574 5138 3962 5226 conjuncta,
3996 5136 4170 5204 sieut
4228 5136 4297 5204 in

2741 5248 3018 5315 animali
3051 5247 3237 5339 quod
3267 5247 3521 5337 patitur
3556 5244 3873 5313 abortum
3913 5251 4068 5311 ante
4105 5266 4302 5312 com-

2739 5356 3254 5445 paginationem
3304 5355 3878 5422 lineamentorum
3944 5361 4291 5419 ereaturae.

2734 5464 2999 5531 Tertius
3055 5473 3287 5531 autem
3365 5461 3611 5529 modus
3683 5460 4134 5551 corruptionis
4196 5469 4295 5529 est

2734 5596 2820 5640 ex
2850 5575 3291 5664 corruptione
3338 5567 3865 5639 secundinarum
3905 5569 4042 5646 ovi,
4078 5580 4141 5638 et
4207 5594 4294 5640 ex

2733 5680 3169 5772 corruptione
3210 5677 3485 5746 filorum
3515 5700 3667 5770 quae
3693 5676 4151 5746 extenduntur
4176 5700 4298 5767 per

2733 5787 3128 5879 albuginem
3175 5809 3190 5855 ε
3226 5794 3392 5855 tunc
3419 5784 3603 5853 enim
3634 5793 3951 5876 corrupta
3982 5784 4112 5855 tela
4142 5808 4294 5876 quae
