4919 6371
2003 433 2169 503 LIB.
2223 434 2287 501 ΙΙ
2333 435 2452 502 DE
2499 434 3084 514 ANIMALIBUS,
3133 434 3444 503 TRACT.
3500 434 3529 501 I

1146 634 1322 688 ram,
1367 608 1579 677 habet
1620 608 1689 672 in
1719 605 2049 674 utralibet
2077 614 2264 696 parte
2294 616 2551 697 septem
2600 608 2713 673 sse-

1150 740 1304 785 xos‚

1240 819 1562 912 Amplius
1601 829 1834 889 autem
1892 824 1965 890 in
2010 844 2257 913 genere
2312 820 2599 910 piscium
2647 825 2712 883 et

1148 928 1443 997 aliorum
1492 929 1928 1010 animalium,
1983 937 2084 997 est
2119 927 2544 994 differentia:
2614 922 2713 1013 pi-

1151 1059 1296 1104 sces
1328 1037 1514 1105 enim
1546 1060 1687 1105 non
1728 1036 1987 1106 habent
2022 1035 2199 1125 pilos
2241 1034 2416 1101 sicut
2451 1032 2708 1099 anima-

1153 1143 1241 1211 lia
1279 1146 1680 1235 generantia
1707 1144 1838 1211 sibi
1868 1141 2120 1210 similia
2153 1165 2168 1209 :
2204 1163 2421 1231 neque
2459 1138 2713 1207 habent

1149 1275 1473 1344 squamas
1539 1251 1829 1320 omnino
1896 1238 2154 1317 similes
2201 1248 2504 1339 squamis
2553 1269 2711 1337 qua·

1149 1359 1533 1451 drupedum
1584 1358 1969 1435 ovantium,
2003 1378 2154 1447 quae
2182 1364 2341 1424 sunt
2370 1356 2562 1447 quasi
2601 1378 2712 1421 ru-

1145 1491 1251 1559 gae
1281 1466 1597 1557 quaedam
1639 1465 1880 1554 spissae
1909 1463 2106 1555 pellis
2141 1486 2156 1531 ε
2192 1485 2412 1555 neque
2461 1460 2713 1529 habent

1142 1578 1417 1669 plumas
1471 1578 1622 1645 sive
1659 1575 2148 1666 pennas‘sicut
2190 1571 2521 1641 volatilia.
2575 1569 2712 1639 Sed

1149 1684 1365 1753 multa
1427 1706 1685 1776 genera
1750 1682 2041 1773 piscium
2109 1689 2269 1748 sunt
2340 1677 2705 1760 corticalia,

1148 1791 1282 1859 hoc
1311 1800 1438 1869 est,
1471 1812 1799 1881 squamas
1842 1786 2256 1878 separabiles
2303 1785 2387 1854 ab
2438 1788 2582 1876 ipso
2614 1785 2712 1875 pi-

1149 1919 1261 1965 sce
1317 1895 1645 1965 babentia
1678 1918 1695 1964 t
1730 1893 2013 1984 quidam
2076 1899 2305 1961 autem
2371 1914 2535 1971 non,
2592 1889 2712 1958 sed

1151 2013 1313 2072 sunt
1342 2003 1565 2095 asperi
1608 2003 1803 2081 corii,
1838 2002 1934 2070 ita
1981 1999 2168 2091 quod
2212 2000 2419 2069 etiam
2447 2000 2709 2090 lignum

1152 2112 1414 2180 raditur
1441 2133 1601 2180 cum
1632 2111 1825 2180 corio
1847 2131 2090 2178 eorum
2118 2107 2389 2199 quando
2411 2108 2712 2176 exsicca-

1149 2227 1281 2299 tur,
1335 2221 1513 2289 sicut
1561 2219 1766 2310 piscis
1821 2218 1941 2310 qui
2008 2217 2251 2286 dicitur
2299 2215 2480 2306 apud
2526 2238 2710 2283 mare

1148 2327 1485 2395 Flandriae
1513 2325 1780 2404 serolie,
1814 2323 2001 2415 quod
2030 2333 2133 2393 est
2169 2322 2475 2392 canicula
2510 2324 2711 2390 mari·

1148 2459 1259 2504 na.
1294 2432 1582 2525 Aliquid
1629 2434 1840 2501 etiam
1889 2430 2024 2500 tale
2078 2429 2282 2501 babet
2316 2454 2601 2499 muruca
2644 2438 2710 2498 et

1146 2544 1389 2622 sturio,
1425 2552 1495 2612 et
1530 2566 1613 2612 ea
1668 2565 1824 2634 quae
1862 2542 1934 2609 in
1983 2549 2203 2608 rostro
2261 2548 2419 2607 sunt
2463 2539 2712 2606 similia

1149 2653 1468 2731 sturioni,
1502 2661 1569 2720 et
1598 2650 1750 2720 lia-c
1789 2649 2009 2719 multa
2037 2649 2322 2741 piscium
2347 2671 2617 2740 genera.

1241 2757 1487 2827 Adhuc
1524 2767 1758 2827 autem
1809 2757 2027 2825 multa
2071 2765 2230 2825 sunt
2265 2756 2552 2846 piscium
2590 2778 2713 2846 ge-

1153 2891 1341 2947 nera,
1375 2890 1528 2958 quae
1569 2867 1640 2934 in
1672 2865 1996 2933 omnibus
2036 2864 2257 2933 modis
2295 2865 2433 2932 suis
2464 2862 2712 2931 habent

1156 2974 1393 3041 «lentes
1424 2981 1667 3043 acutos
1714 2972 2138 3041 diversarum
2187 2971 2509 3047 acierum,
2542 2972 2714 3038 sicut

1154 3079 1395 3148 lucius.
1431 3079 1514 3147 Et
1556 3077 1842 3170 quidam
1873 3077 2161 3168 piscium
2200 3075 2450 3145 habent
2481 3077 2712 3145 dentes

1153 3210 1361 3278 supra
1391 3185 1701 3277 linguam
1738 3207 1755 3253 ε
1791 3194 1859 3252 et
1888 3183 2126 3275 lingua
2153 3207 2389 3253 eorum
2419 3192 2518 3252 est
2547 3183 2713 3252 dura

1152 3304 1217 3363 et
1246 3316 1513 3385 aspera,
1547 3292 1797 3361 similis
1844 3294 1986 3361 ossi
2030 3291 2173 3360 sive
2223 3292 2436 3383 spina·
2486 3293 2709 3383 piscis,

1151 3410 1215 3470 et
1262 3409 1365 3469 est
1416 3408 1611 3471 curta
1660 3407 1730 3469 et
1783 3400 1887 3467 ori
1934 3399 2268 3491 applicata
2333 3399 2404 3466 in
2449 3408 2712 3467 tantum

1152 3508 1338 3601 quod
1390 3507 1629 3600 lingua
1690 3528 1841 3575 esse
1896 3527 2037 3574 non
2079 3512 2376 3597 putatur.
2435 3505 2517 3573 Et
2560 3514 2717 3575 sunt

1154 3616 1470 3708 quaedam
1532 3613 1867 3684 animalia
1903 3613 2170 3682 marina
2216 3616 2445 3705 magni
2478 3615 2614 3682 oris
2651 3623 2716 3683 et

1155 3722 1451 3792 multum
1482 3722 1625 3791 lissi
1666 3719 1752 3791 ad
1783 3721 2067 3790 modum
2094 3720 2546 3813 quorumdam
2574 3723 2717 3790 sni·

1157 3830 1443 3900 malium
1485 3828 2036 3923 quadrupedum,
2066 3851 2219 3920 quae
2258 3837 2583 3920 generant
2619 3829 2716 3896 si-

1159 3940 1224 4008 bi
1284 3938 1563 4016 similia,
1626 3961 1779 4030 qum
1838 3946 2068 4006 tamen
2105 3937 2368 4006 marina
2415 3960 2551 4007 non
2590 3936 2716 4006 ha-

1158 4044 1324 4116 bent
1384 4044 1663 4136 aliquod
1732 4067 2071 4136 organum
2135 4068 2376 4113 sensus
2438 4044 2717 4113 manife-

1154 4161 1337 4220 stum
1368 4160 1622 4244 praeter
1664 4149 1929 4229 oculos,
1961 4151 2289 4243 quoniam
2331 4160 2561 4219 carent
2590 4175 2718 4219 au-

1159 4257 1345 4327 ribus
1385 4267 1453 4327 et
1486 4255 1945 4343 naribus,sed
1984 4254 2236 4325 babent
2274 4257 2420 4325 vias
2448 4256 2716 4326 auditus

1156 4380 1221 4439 et
1278 4369 1608 4439 odoratus
1656 4377 1952 4449 tantum,
1994 4370 2167 4440 sicut
2218 4378 2319 4439 est
2365 4369 2545 4462 apud
2592 4393 2717 4438 nos

1156 4480 1360 4571 piscis
1406 4479 1527 4571 qui
1566 4486 1859 4546 vocatur
1891 4476 2142 4546 lucius.
2175 4477 2258 4546 Et
2303 4477 2530 4547 nullus
2568 4501 2714 4547 mo-

1154 4586 1282 4655 dus
1321 4586 1616 4678 piscium
1665 4591 1769 4652 est
1826 4581 2089 4653 habens
2135 4581 2493 4675 palpebras
2540 4584 2720 4675 pilo-

1154 4716 1265 4760 sas
1297 4714 1314 4760 ε
1350 4692 1513 4784 quia
1569 4691 1689 4782 qui
1749 4688 2006 4760 liabent
2045 4689 2424 4782 palpebras,
2467 4688 2720 4763 liabent

1154 4822 1271 4868 eas
1298 4798 1451 4867 duri
1501 4798 1671 4866 corii
1712 4820 1729 4867 ε
1765 4797 1965 4866 multi
2007 4807 2234 4866 autem
2273 4797 2461 4866 modi
2498 4798 2717 4867 nullas

1153 4907 1409 4977 habent
1446 4909 1762 4976 omnino.

1242 5012 1487 5082 Adhuc
1527 5020 1763 5082 autem
1796 5035 2039 5082 omnes
2067 5012 2253 5081 modi
2282 5012 2571 5104 piscium
2599 5011 2718 5081 lia-

1152 5122 1316 5192 bent
1344 5120 1606 5214 aliquid
1655 5120 1813 5191 licet
1864 5144 2104 5213 parum
2143 5120 2229 5189 ad
2276 5122 2505 5190 minus
2540 5123 2715 5191 circa

1152 5255 1271 5302 cor
1307 5230 1668 5324 sanguinis
1702 5251 1719 5297 :
1763 5236 1833 5298 et
1871 5228 2151 5321 quidam
2199 5252 2439 5299 eorum
2479 5239 2709 5312 ovant,

1153 5340 1432 5433 quidam
1464 5348 1697 5409 autem
1728 5348 2062 5430 generant
2090 5338 2366 5422 similia,
2396 5340 2569 5408 sicut
2606 5340 2717 5408 di-

1152 5451 1381 5517 ximus
1420 5448 1504 5518 de
1536 5444 1891 5539 delphino.
1946 5445 2203 5516 Omnes
2241 5456 2468 5517 autem
2500 5450 2714 5539 pisces

1149 5556 1504 5627 corticales
1550 5554 1907 5649 squamosi
1957 5563 2219 5625 ovant:
2266 5555 2383 5624 sed
2421 5555 2711 5625 aliorum

1149 5666 1429 5759 quidam
1458 5670 1800 5758 generant
1833 5662 2184 5733 animalis.
2228 5661 2435 5734 Celen
2484 5675 2709 5735 autem

1149 5772 1357 5842 etiam
1413 5776 1703 5863 generat
1753 5769 2036 5839 animal.
2101 5767 2239 5838 Sed
2299 5793 2465 5839 rana
2512 5769 2714 5840 habet

4245 421 4372 503 185

2818 605 3091 695 quidem
3128 603 3334 692 pedes
3382 613 3700 694 quatuor,
3753 612 3819 672 et
3858 611 4048 670 natat
4090 625 4105 670 ε
4159 612 4225 670 et
4262 611 4372 669 tu-

2817 731 2972 776 men
3002 731 3141 775 non
3168 716 3450 799 generat
3488 710 3767 787 animal,
3803 711 3922 777 sed
3952 719 4137 809 ovat.

3320 1669 3614 1740 CAPUT
3661 1670 3849 1741 Vlll.

2814 2423 2918 2489 De
2969 2421 3288 2490 membris
3328 2423 3748 2513 serpentium
3803 2421 4255 2490 exterioribus
4300 2432 4368 2491 et

3372 2529 3785 2619 manifestis,
3849 2545 3852 2549 ’

2904 3391 3210 3461 Membra
3254 3402 3485 3462 autem
3533 3395 3955 3485 serpentium
4015 3397 4376 3467 manifesta

2816 3508 2969 3590 post
2999 3498 3141 3568 haec
3177 3523 3539 3593 ponemus.
3584 3501 3816 3571 Genus
3843 3510 4072 3572 autem
4103 3526 4379 3597 serpen·

2817 3610 2985 3678 tium
3024 3608 3328 3678 medium
3380 3632 3530 3679 esse
3557 3612 3832 3680 videtur
3866 3613 4045 3683 inter
4089 3615 4375 3706 sangui·

2818 3739 2974 3786 nem
3002 3715 3323 3786 babentia
3350 3718 3671 3809 agrestis,
3698 3727 3767 3789 et
3794 3742 4057 3811 aquosa
4083 3730 4193 3791 :et
4219 3721 4376 3791 ideo

2816 3835 2970 3919 post
3006 3834 3295 3918 utraque
3342 3826 3460 3896 illa
3506 3835 3778 3919 oportet
3805 3827 3996 3921 loqui
4035 3828 4121 3899 de
4152 3829 4377 3899 modis

2818 3935 3283 4005 membrorum
3341 3937 3514 4029 ejus.
3586 3936 3803 4006 Multa
3868 3939 4055 4007 enim
4121 3962 4378 4030 genera

2816 4044 3233 4137 serpentium
3272 4054 3556 4115 manent
3598 4068 3807 4138 super
3842 4055 4095 4116 terram
4140 4069 4157 4116 ε
4199 4070 4380 4140 peu-

2817 4177 2896 4222 ca
2932 4161 3162 4223 autem
3219 4177 3473 4245 genera
3528 4163 3812 4225 manent
3866 4157 3937 4225 in
3966 4179 4148 4249 aqua
4183 4165 4251 4226 et
4301 4159 4373 4227 in

2819 4260 3013 4328 inari.
3054 4261 3277 4352 Aquei
3333 4269 3564 4331 autem
3603 4269 3672 4330 et
3721 4263 3967 4332 marini
4024 4247 4373 4356 serpent'es

2818 4379 2976 4439 sunt
3004 4371 3258 4440 similes
3287 4372 3717 4464 serpentibus
3745 4373 4179 4443 terrestribus
4207 4397 4379 4465 proe·

2818 4486 2921 4546 ter
2954 4500 3162 4569 quam
3194 4480 3266 4546 in
3293 4479 3515 4570 capite
3556 4502 3573 4548 ε
3609 4482 3941 4571 quoniam
3989 4490 4197 4574 caput
4224 4504 4379 4550 nia-

2819 4584 3124 4654 rinorum
3162 4593 3267 4655 est
3309 4584 3756 4654 durissimum
3805 4594 3872 4654 et
3928 4610 4276 4679 asperum,
4309 4596 4379 4658 et

2819 4691 3047 4759 iuinus
3102 4712 3310 4784 quam
3368 4698 3573 4782 caput
3629 4693 4050 4761 terrestrium
4091 4715 4379 4786 propor-

2817 4801 3000 4868 tione
3042 4800 3349 4890 corporis
3384 4798 3518 4868 sui.
3561 4799 3640 4867 In
3689 4800 3863 4868 mari
3921 4810 4153 4870 autem
4211 4810 4374 4870 sunt

2817 4905 3032 4974 multa
3079 4927 3330 4997 genera
3367 4904 3566 4975 valde
3617 4907 4064 4997 serpentium,
4126 4915 4196 4976 et
4230 4929 4374 4976 non

2817 5006 3095 5083 manent
3146 5014 3218 5083 in
3283 5013 3452 5083 locis
3523 5013 3910 5106 profundis,
3953 5014 4072 5085 sed
4100 5014 4171 5084 in
4220 5036 4378 5107 pro·

2815 5123 3072 5215 pinquo
3138 5122 3441 5215 riparum
3501 5143 3520 5190 ε
3603 5130 3673 5190 ct
3744 5129 3975 5190 tamen
4054 5124 4125 5191 in
4201 5125 4374 5193 mari

2816 5230 3066 5301 Oceani
3111 5230 3184 5301 in
3229 5238 3421 5324 parte
3484 5251 3623 5322 qua
3669 5229 4110 5299 Germaniam
4173 5232 4377 5301 attin-

2813 5342 2936 5432 git,
3001 5340 3346 5409 invenitur
3399 5339 3605 5431 piscis
3677 5339 4111 5431 serpentinus
4158 5362 4376 5433 quan-

2814 5446 3024 5515 titatis
3059 5444 3197 5514 fere
3253 5446 3470 5514 cruris
3506 5441 3835 5525 bominis,
3886 5442 4150 5515 habens
4206 5469 4377 5517 acu-

2815 5554 2994 5625 leum
3027 5561 3207 5624 retro
3238 5553 3309 5621 in
3336 5551 3555 5622 cauda
3580 5574 3938 5633 corneum,
3978 5555 4098 5646 qui
4136 5578 4378 5648 ampu-

2813 5672 3058 5733 tatura
3082 5658 3564 5753 piscatoribus,
3595 5666 3666 5728 et
3702 5666 3946 5752 postea
3986 5668 4213 5731 totum
4262 5685 4379 5731 re-

2817 5770 3090 5839 siduum
3118 5768 3430 5860 corporis
3457 5766 3843 5837 comeditur
3881 5791 3898 5837 ε
3943 5777 4013 5837 et
4039 5767 4154 5837 ille
4182 5766 4378 5836 liabi-
