<?xml version="1.0" encoding="UTF-8"?>
<!DOCTYPE html PUBLIC "-//W3C//DTD XHTML 1.0 Transitional//EN"
    "http://www.w3.org/TR/xhtml1/DTD/xhtml1-transitional.dtd">
<html xmlns="http://www.w3.org/1999/xhtml" xml:lang="en" lang="en">
 <head>
  <title>
</title>
<meta http-equiv="Content-Type" content="text/html;charset=utf-8" />
  <meta name='ocr-system' content='tesseract 3.04.00' />
  <meta name='ocr-capabilities' content='ocr_page ocr_carea ocr_par ocr_line ocrx_word'/>
</head>
<body>
  <div class='ocr_page' id='page_1' title='image "balbertimagnira01chgoog_0222.png"; bbox 0 0 4919 6371; ppageno 0'>
   <div class='ocr_carea' id='block_1_1' title="bbox 643 306 770 374">
    <p class='ocr_par' dir='ltr' id='par_1_1' title="bbox 643 306 770 374">
     <span class='ocr_line' id='line_1_1' title="bbox 643 306 770 374; baseline -0.016 -1"><span class='ocrx_word' id='word_1_1' title='bbox 643 306 770 374; x_wconf 79' lang='lat'><em>206</em></span> 
     </span>
    </p>
   </div>
   <div class='ocr_carea' id='block_1_2' title="bbox 1183 1343 1606 1412">
    <p class='ocr_par' dir='ltr' id='par_1_2' title="bbox 1183 1343 1606 1412">
     <span class='ocr_line' id='line_1_2' title="bbox 1183 1343 1606 1412; baseline 0.002 -1"><span class='ocrx_word' id='word_1_2' title='bbox 1183 1343 1473 1412; x_wconf 83' lang='lat' dir='ltr'>CAPUT</span> <span class='ocrx_word' id='word_1_3' title='bbox 1521 1344 1606 1412; x_wconf 91' lang='lat'><em>11.</em></span> 
     </span>
    </p>
   </div>
   <div class='ocr_carea' id='block_1_3' title="bbox 612 2079 2162 2269">
    <p class='ocr_par' dir='ltr' id='par_1_3' title="bbox 612 2079 2162 2269">
     <span class='ocr_line' id='line_1_3' title="bbox 612 2079 2162 2173; baseline 0 -24"><span class='ocrx_word' id='word_1_4' title='bbox 612 2083 697 2149; x_wconf 82' lang='lat' dir='ltr'><em>In</em></span> <span class='ocrx_word' id='word_1_5' title='bbox 726 2106 860 2173; x_wconf 83' lang='lat' dir='ltr'><em>quo</em></span> <span class='ocrx_word' id='word_1_6' title='bbox 898 2092 994 2149; x_wconf 77' lang='lat' dir='ltr'><em>est</em></span> <span class='ocrx_word' id='word_1_7' title='bbox 1031 2079 1431 2172; x_wconf 71' lang='lat' dir='ltr'><em>explanatio</em></span> <span class='ocrx_word' id='word_1_8' title='bbox 1460 2083 1801 2172; x_wconf 77' lang='lat' dir='ltr'><em>opinionis</em></span> <span class='ocrx_word' id='word_1_9' title='bbox 1837 2084 2162 2150; x_wconf 70' lang='lat' dir='ltr'><em>Aristote-</em></span> 
     </span>
     <span class='ocr_line' id='line_1_4' title="bbox 845 2189 1927 2269; baseline -0.001 -13"><span class='ocrx_word' id='word_1_10' title='bbox 845 2190 957 2269; x_wconf 77' lang='lat' dir='ltr'><em>lis,</em></span> <span class='ocrx_word' id='word_1_11' title='bbox 998 2200 1060 2256; x_wconf 82' lang='lat' dir='ltr'><em>el</em></span> <span class='ocrx_word' id='word_1_12' title='bbox 1099 2189 1182 2256; x_wconf 83' lang='lat' dir='ltr'><em>de</em></span> <span class='ocrx_word' id='word_1_13' title='bbox 1228 2199 1382 2255; x_wconf 79' lang='lat' dir='ltr'><em>ortu</em></span> <span class='ocrx_word' id='word_1_14' title='bbox 1423 2213 1774 2269; x_wconf 81' lang='lat' dir='ltr'><em>venarum,</em></span> <span class='ocrx_word' id='word_1_15' title='bbox 1808 2200 1927 2258; x_wconf 79' lang='lat' dir='ltr'><em>ele.</em></span> 
     </span>
    </p>
   </div>
   <div class='ocr_carea' id='block_1_4' title="bbox 548 3032 2147 5694">
    <p class='ocr_par' dir='ltr' id='par_1_4' title="bbox 579 3032 2147 4386">
     <span class='ocr_line' id='line_1_5' title="bbox 687 3032 2147 3122; baseline 0.001 -22"><span class='ocrx_word' id='word_1_16' title='bbox 687 3033 828 3100; x_wconf 77' lang='lat' dir='ltr'><em>Nos</em></span> <span class='ocrx_word' id='word_1_17' title='bbox 859 3044 1085 3101; x_wconf 85' lang='lat' dir='ltr'><em>autem</em></span> <span class='ocrx_word' id='word_1_18' title='bbox 1114 3032 1476 3122; x_wconf 78' lang='lat' dir='ltr'><em>perfectam</em></span> <span class='ocrx_word' id='word_1_19' title='bbox 1509 3033 1592 3101; x_wconf 89' lang='lat' dir='ltr'><em>dc</em></span> <span class='ocrx_word' id='word_1_20' title='bbox 1648 3033 1754 3101; x_wconf 88' lang='lat' dir='ltr'><em>bis</em></span> <span class='ocrx_word' id='word_1_21' title='bbox 1784 3034 2147 3103; x_wconf 88' lang='lat' dir='ltr'><em>intenden-</em></span> 
     </span>
     <span class='ocr_line' id='line_1_6' title="bbox 598 3140 2142 3233; baseline 0.002 -24"><span class='ocrx_word' id='word_1_22' title='bbox 598 3150 698 3209; x_wconf 86' lang='lat' dir='ltr'><em>tes</em></span> <span class='ocrx_word' id='word_1_23' title='bbox 728 3141 990 3210; x_wconf 85' lang='lat' dir='ltr'><em>tradere</em></span> <span class='ocrx_word' id='word_1_24' title='bbox 1012 3140 1418 3221; x_wconf 82' lang='lat' dir='ltr'><strong>doctrinam,</strong></span> <span class='ocrx_word' id='word_1_25' title='bbox 1443 3142 1664 3233; x_wconf 89' lang='lat' dir='ltr'><em>primo</em></span> <span class='ocrx_word' id='word_1_26' title='bbox 1693 3163 2031 3233; x_wconf 86' lang='lat' dir='ltr'><em>ponemus</em></span> <span class='ocrx_word' id='word_1_27' title='bbox 2061 3143 2142 3212; x_wconf 88' lang='lat' dir='ltr'><em>de</em></span> 
     </span>
     <span class='ocr_line' id='line_1_7' title="bbox 593 3246 2143 3340; baseline 0.003 -25"><span class='ocrx_word' id='word_1_28' title='bbox 593 3246 723 3315; x_wconf 85' lang='lat' dir='ltr'><em>boc</em></span> <span class='ocrx_word' id='word_1_29' title='bbox 753 3249 1157 3316; x_wconf 86' lang='lat' dir='ltr'><em>senteutiam</em></span> <span class='ocrx_word' id='word_1_30' title='bbox 1201 3248 1584 3317; x_wconf 81' lang='lat' dir='ltr'><em>Aristotelis</em></span> <span class='ocrx_word' id='word_1_31' title='bbox 1617 3272 1774 3317; x_wconf 88' lang='lat' dir='ltr'><em>cum</em></span> <span class='ocrx_word' id='word_1_32' title='bbox 1814 3251 2143 3340; x_wconf 81' lang='lat' dir='ltr'><em>explana-</em></span> 
     </span>
     <span class='ocr_line' id='line_1_8' title="bbox 597 3355 2139 3447; baseline 0.005 -27"><span class='ocrx_word' id='word_1_33' title='bbox 597 3357 777 3421; x_wconf 88' lang='lat' dir='ltr'><em>tione</em></span> <span class='ocrx_word' id='word_1_34' title='bbox 832 3355 1214 3437; x_wconf 75' lang='lat' dir='ltr'><em>manifesta,</em></span> <span class='ocrx_word' id='word_1_35' title='bbox 1258 3365 1323 3422; x_wconf 89' lang='lat' dir='ltr'><em>et</em></span> <span class='ocrx_word' id='word_1_36' title='bbox 1380 3356 1676 3423; x_wconf 82' lang='lat' dir='ltr'><em>secundo</em></span> <span class='ocrx_word' id='word_1_37' title='bbox 1742 3357 2139 3447; x_wconf 86' lang='lat' dir='ltr'><em>abjiciemus</em></span> 
     </span>
     <span class='ocr_line' id='line_1_9' title="bbox 596 3461 2138 3555; baseline 0.005 -25"><span class='ocrx_word' id='word_1_38' title='bbox 596 3461 725 3531; x_wconf 90' lang='lat' dir='ltr'><em>boc</em></span> <span class='ocrx_word' id='word_1_39' title='bbox 769 3463 955 3555; x_wconf 87' lang='lat' dir='ltr'><em>quod</em></span> <span class='ocrx_word' id='word_1_40' title='bbox 1000 3464 1398 3532; x_wconf 76' lang='lat' dir='ltr'><em>contradicit</em></span> <span class='ocrx_word' id='word_1_41' title='bbox 1453 3464 1773 3544; x_wconf 11' lang='lat' dir='ltr'><em>(itatenus,</em></span> <span class='ocrx_word' id='word_1_42' title='bbox 1818 3475 1879 3534; x_wconf 89' lang='lat' dir='ltr'><em>et</em></span> <span class='ocrx_word' id='word_1_43' title='bbox 1938 3470 2138 3537; x_wconf 87' lang='lat' dir='ltr'><em>tertio</em></span> 
     </span>
     <span class='ocr_line' id='line_1_10' title="bbox 593 3565 2130 3642; baseline 0.007 -10"><span class='ocrx_word' id='word_1_44' title='bbox 593 3565 987 3635; x_wconf 79' lang='lat' dir='ltr'><strong>inducemus</strong></span> <span class='ocrx_word' id='word_1_45' title='bbox 1017 3566 1098 3637; x_wconf 93' lang='lat' dir='ltr'><em>de</em></span> <span class='ocrx_word' id='word_1_46' title='bbox 1137 3566 1244 3636; x_wconf 87' lang='lat' dir='ltr'><em>bis</em></span> <span class='ocrx_word' id='word_1_47' title='bbox 1281 3568 1647 3639; x_wconf 78' lang='lat' dir='ltr'><em>Avicennae</em></span> <span class='ocrx_word' id='word_1_48' title='bbox 1693 3569 2130 3642; x_wconf 79' lang='lat' dir='ltr'><em>solutionem.</em></span> 
     </span>
     <span class='ocr_line' id='line_1_11' title="bbox 590 3673 2132 3773; baseline 0.006 -33"><span class='ocrx_word' id='word_1_49' title='bbox 590 3673 845 3756; x_wconf 85' lang='lat' dir='ltr'><em>Quarto</em></span> <span class='ocrx_word' id='word_1_50' title='bbox 921 3682 1147 3743; x_wconf 88' lang='lat' dir='ltr'><em>autem</em></span> <span class='ocrx_word' id='word_1_51' title='bbox 1215 3673 1615 3764; x_wconf 85' lang='lat' dir='ltr'><em>objiciemus</em></span> <span class='ocrx_word' id='word_1_52' title='bbox 1683 3680 1916 3748; x_wconf 87' lang='lat' dir='ltr'><em>omnia</em></span> <span class='ocrx_word' id='word_1_53' title='bbox 1981 3705 2132 3773; x_wconf 63' lang='lat' dir='ltr'><em>quae</em></span> 
     </span>
     <span class='ocr_line' id='line_1_12' title="bbox 588 3782 2132 3874; baseline 0.007 -24"><span class='ocrx_word' id='word_1_54' title='bbox 588 3792 821 3851; x_wconf 88' lang='lat' dir='ltr'><em>contra</em></span> <span class='ocrx_word' id='word_1_55' title='bbox 876 3783 1287 3853; x_wconf 71' lang='lat' dir='ltr'><em>Avicenuam</em></span> <span class='ocrx_word' id='word_1_56' title='bbox 1346 3782 1575 3874; x_wconf 85' lang='lat' dir='ltr'><em>objicit</em></span> <span class='ocrx_word' id='word_1_57' title='bbox 1632 3788 1994 3867; x_wconf 74' lang='lat' dir='ltr'><em>Averroes,</em></span> <span class='ocrx_word' id='word_1_58' title='bbox 2066 3802 2132 3861; x_wconf 88' lang='lat' dir='ltr'><em>et</em></span> 
     </span>
     <span class='ocr_line' id='line_1_13' title="bbox 586 3889 2132 3982; baseline 0.007 -25"><span class='ocrx_word' id='word_1_59' title='bbox 586 3913 921 3982; x_wconf 88' lang='lat' dir='ltr'><em>ponemus</em></span> <span class='ocrx_word' id='word_1_60' title='bbox 965 3889 1377 3960; x_wconf 82' lang='lat' dir='ltr'><em>solutionem</em></span> <span class='ocrx_word' id='word_1_61' title='bbox 1425 3915 1644 3962; x_wconf 83' lang='lat' dir='ltr'><em>suam.</em></span> <span class='ocrx_word' id='word_1_62' title='bbox 1691 3894 1947 3974; x_wconf 83' lang='lat' dir='ltr'><em>Quinto</em></span> <span class='ocrx_word' id='word_1_63' title='bbox 2005 3924 2132 3968; x_wconf 90' lang='lat' dir='ltr'><em>au-</em></span> 
     </span>
     <span class='ocr_line' id='line_1_14' title="bbox 583 3996 2131 4076; baseline 0.008 -11"><span class='ocrx_word' id='word_1_64' title='bbox 583 4006 722 4065; x_wconf 90' lang='lat' dir='ltr'><em>tem</em></span> <span class='ocrx_word' id='word_1_65' title='bbox 774 4005 839 4065; x_wconf 92' lang='lat' dir='ltr'><em>et</em></span> <span class='ocrx_word' id='word_1_66' title='bbox 888 3996 1129 4065; x_wconf 86' lang='lat' dir='ltr'><em>ultimo</em></span> <span class='ocrx_word' id='word_1_67' title='bbox 1169 4022 1251 4066; x_wconf 82' lang='lat' dir='ltr'><em>ex</em></span> <span class='ocrx_word' id='word_1_68' title='bbox 1292 3996 1396 4067; x_wconf 85' lang='lat' dir='ltr'><em>his</em></span> <span class='ocrx_word' id='word_1_69' title='bbox 1427 3999 1747 4069; x_wconf 86' lang='lat' dir='ltr'><em>omuibus</em></span> <span class='ocrx_word' id='word_1_70' title='bbox 1778 4001 2131 4076; x_wconf 88' lang='lat' dir='ltr'><em>eliciemus</em></span> 
     </span>
     <span class='ocr_line' id='line_1_15' title="bbox 582 4102 2129 4198; baseline 0.01 -31"><span class='ocrx_word' id='word_1_71' title='bbox 582 4102 977 4192; x_wconf 80' lang='lat' dir='ltr'><em>opinionem</em></span> <span class='ocrx_word' id='word_1_72' title='bbox 1017 4112 1349 4185; x_wconf 83' lang='lat' dir='ltr'><em>nostram,</em></span> <span class='ocrx_word' id='word_1_73' title='bbox 1376 4115 1443 4175; x_wconf 92' lang='lat' dir='ltr'><em>et</em></span> <span class='ocrx_word' id='word_1_74' title='bbox 1474 4106 1922 4198; x_wconf 85' lang='lat' dir='ltr'><em>probabimus</em></span> <span class='ocrx_word' id='word_1_75' title='bbox 1976 4136 2129 4183; x_wconf 86' lang='lat' dir='ltr'><em>eam</em></span> 
     </span>
     <span class='ocr_line' id='line_1_16' title="bbox 579 4210 2127 4307; baseline 0.009 -31"><span class='ocrx_word' id='word_1_76' title='bbox 579 4210 843 4278; x_wconf 82' lang='lat' dir='ltr'><em>ratione</em></span> <span class='ocrx_word' id='word_1_77' title='bbox 888 4217 953 4279; x_wconf 85' lang='lat' dir='ltr'><em>et</em></span> <span class='ocrx_word' id='word_1_78' title='bbox 1006 4212 1476 4302; x_wconf 85' lang='lat' dir='ltr'><em>experimento</em></span> <span class='ocrx_word' id='word_1_79' title='bbox 1525 4225 1712 4283; x_wconf 91' lang='lat' dir='ltr'><em>certo</em></span> <span class='ocrx_word' id='word_1_80' title='bbox 1761 4218 1945 4307; x_wconf 87' lang='lat' dir='ltr'><em>quod</em></span> <span class='ocrx_word' id='word_1_81' title='bbox 1989 4244 2127 4291; x_wconf 89' lang='lat' dir='ltr'><em>nou</em></span> 
     </span>
     <span class='ocr_line' id='line_1_17' title="bbox 587 4317 776 4386; baseline 0 -3"><span class='ocrx_word' id='word_1_82' title='bbox 587 4317 776 4386; x_wconf 83' lang='lat' dir='ltr'><em>fallit.</em></span> 
     </span>
    </p>

    <p class='ocr_par' dir='ltr' id='par_1_5' title="bbox 548 4424 2130 5694">
     <span class='ocr_line' id='line_1_18' title="bbox 667 4424 2130 4525; baseline 0.008 -33"><span class='ocrx_word' id='word_1_83' title='bbox 667 4424 847 4494; x_wconf 82' lang='lat' dir='ltr'><em>Dicit</em></span> <span class='ocrx_word' id='word_1_84' title='bbox 874 4448 1037 4516; x_wconf 80' lang='lat' dir='ltr'><em>ergo</em></span> <span class='ocrx_word' id='word_1_85' title='bbox 1067 4426 1464 4498; x_wconf 78' lang='lat' dir='ltr'><em>Aristoteles</em></span> <span class='ocrx_word' id='word_1_86' title='bbox 1493 4431 1606 4522; x_wconf 89' lang='lat' dir='ltr'><em>qui</em></span> <span class='ocrx_word' id='word_1_87' title='bbox 1640 4430 2130 4525; x_wconf 81' lang='lat' dir='ltr'><em>Peripatetico-</em></span> 
     </span>
     <span class='ocr_line' id='line_1_19' title="bbox 581 4535 2126 4635; baseline 0.01 -37"><span class='ocrx_word' id='word_1_88' title='bbox 581 4554 731 4600; x_wconf 90' lang='lat' dir='ltr'><em>rum</em></span> <span class='ocrx_word' id='word_1_89' title='bbox 774 4535 1099 4624; x_wconf 79' lang='lat' dir='ltr'><em>magister</em></span> <span class='ocrx_word' id='word_1_90' title='bbox 1140 4543 1205 4603; x_wconf 90' lang='lat' dir='ltr'><em>ct</em></span> <span class='ocrx_word' id='word_1_91' title='bbox 1255 4537 1569 4630; x_wconf 84' lang='lat' dir='ltr'><em>princeps</em></span> <span class='ocrx_word' id='word_1_92' title='bbox 1616 4543 1896 4621; x_wconf 83' lang='lat' dir='ltr'><em>exstitit,</em></span> <span class='ocrx_word' id='word_1_93' title='bbox 1941 4545 2126 4635; x_wconf 82' lang='lat' dir='ltr'><em>quod</em></span> 
     </span>
     <span class='ocr_line' id='line_1_20' title="bbox 577 4640 2122 4730; baseline 0.01 -23"><span class='ocrx_word' id='word_1_94' title='bbox 577 4641 693 4730; x_wconf 84' lang='lat' dir='ltr'><em>qui</em></span> <span class='ocrx_word' id='word_1_95' title='bbox 744 4640 1038 4711; x_wconf 84' lang='lat' dir='ltr'><em>voluerit</em></span> <span class='ocrx_word' id='word_1_96' title='bbox 1093 4643 1264 4713; x_wconf 84' lang='lat' dir='ltr'><em>scire</em></span> <span class='ocrx_word' id='word_1_97' title='bbox 1311 4655 1539 4718; x_wconf 90' lang='lat' dir='ltr'><em>ortum</em></span> <span class='ocrx_word' id='word_1_98' title='bbox 1585 4658 1651 4718; x_wconf 89' lang='lat' dir='ltr'><em>et</em></span> <span class='ocrx_word' id='word_1_99' title='bbox 1711 4651 2122 4723; x_wconf 78' lang='lat' dir='ltr'><em>divisionem</em></span> 
     </span>
     <span class='ocr_line' id='line_1_21' title="bbox 573 4749 2122 4831; baseline 0.012 -19"><span class='ocrx_word' id='word_1_100' title='bbox 573 4754 637 4813; x_wconf 88' lang='lat' dir='ltr'><em>et</em></span> <span class='ocrx_word' id='word_1_101' title='bbox 686 4749 1156 4818; x_wconf 70' lang='lat' dir='ltr'><em>extensionem</em></span> <span class='ocrx_word' id='word_1_102' title='bbox 1214 4773 1569 4830; x_wconf 84' lang='lat' dir='ltr'><em>venarum,</em></span> <span class='ocrx_word' id='word_1_103' title='bbox 1662 4758 1960 4829; x_wconf 75' lang='lat' dir='ltr'><em>studebit</em></span> <span class='ocrx_word' id='word_1_104' title='bbox 2054 4765 2122 4831; x_wconf 92' lang='lat' dir='ltr'><em>in</em></span> 
     </span>
     <span class='ocr_line' id='line_1_22' title="bbox 571 4854 2125 4950; baseline 0.012 -30"><span class='ocrx_word' id='word_1_105' title='bbox 571 4854 1111 4924; x_wconf 78' lang='lat' dir='ltr'><em>consideratione</em></span> <span class='ocrx_word' id='word_1_106' title='bbox 1132 4860 1435 4950; x_wconf 86' lang='lat' dir='ltr'><em>corporis</em></span> <span class='ocrx_word' id='word_1_107' title='bbox 1462 4861 1862 4933; x_wconf 84' lang='lat' dir='ltr'><em>animalium</em></span> <span class='ocrx_word' id='word_1_108' title='bbox 1895 4891 2125 4938; x_wconf 83' lang='lat' dir='ltr'><em>mace-</em></span> 
     </span>
     <span class='ocr_line' id='line_1_23' title="bbox 573 4964 2123 5045; baseline 0.012 -19"><span class='ocrx_word' id='word_1_109' title='bbox 573 4969 874 5032; x_wconf 83' lang='lat' dir='ltr'><em>ratorum</em></span> <span class='ocrx_word' id='word_1_110' title='bbox 932 4964 1308 5035; x_wconf 86' lang='lat' dir='ltr'><em>secundum</em></span> <span class='ocrx_word' id='word_1_111' title='bbox 1375 4977 1675 5036; x_wconf 86' lang='lat' dir='ltr'><em>nostram</em></span> <span class='ocrx_word' id='word_1_112' title='bbox 1739 4974 2123 5045; x_wconf 83' lang='lat' dir='ltr'><em>considera·</em></span> 
     </span>
     <span class='ocr_line' id='line_1_24' title="bbox 569 5065 2117 5169; baseline 0.013 -38"><span class='ocrx_word' id='word_1_113' title='bbox 569 5065 850 5134; x_wconf 89' lang='lat' dir='ltr'><em>tionem.</em></span> <span class='ocrx_word' id='word_1_114' title='bbox 897 5067 1206 5139; x_wconf 83' lang='lat' dir='ltr'><em>Sciemus</em></span> <span class='ocrx_word' id='word_1_115' title='bbox 1257 5073 1467 5153; x_wconf 88' lang='lat' dir='ltr'><em>enim,</em></span> <span class='ocrx_word' id='word_1_116' title='bbox 1510 5074 1696 5165; x_wconf 88' lang='lat' dir='ltr'><em>quod</em></span> <span class='ocrx_word' id='word_1_117' title='bbox 1742 5076 1813 5143; x_wconf 89' lang='lat' dir='ltr'><em>in</em></span> <span class='ocrx_word' id='word_1_118' title='bbox 1845 5088 2117 5169; x_wconf 81' lang='lat' dir='ltr'><em>pectore</em></span> 
     </span>
     <span class='ocr_line' id='line_1_25' title="bbox 570 5173 2118 5273; baseline 0.014 -35"><span class='ocrx_word' id='word_1_119' title='bbox 570 5182 729 5243; x_wconf 87' lang='lat' dir='ltr'><em>sunt</em></span> <span class='ocrx_word' id='word_1_120' title='bbox 756 5173 908 5245; x_wconf 81' lang='lat' dir='ltr'><em>duae</em></span> <span class='ocrx_word' id='word_1_121' title='bbox 947 5199 1138 5248; x_wconf 77' lang='lat' dir='ltr'><em>venae</em></span> <span class='ocrx_word' id='word_1_122' title='bbox 1166 5179 1516 5270; x_wconf 80' lang='lat' dir='ltr'><em>pulsantes</em></span> <span class='ocrx_word' id='word_1_123' title='bbox 1539 5183 1782 5273; x_wconf 78' lang='lat' dir='ltr'><em>positae</em></span> <span class='ocrx_word' id='word_1_124' title='bbox 1830 5185 2118 5260; x_wconf 87' lang='lat' dir='ltr'><em>interius</em></span> 
     </span>
     <span class='ocr_line' id='line_1_26' title="bbox 564 5281 2109 5384; baseline 0.012 -36"><span class='ocrx_word' id='word_1_125' title='bbox 564 5281 635 5348; x_wconf 90' lang='lat' dir='ltr'><em>in</em></span> <span class='ocrx_word' id='word_1_126' title='bbox 673 5291 943 5372; x_wconf 77' lang='lat' dir='ltr'><em>pectore</em></span> <span class='ocrx_word' id='word_1_127' title='bbox 972 5310 1055 5355; x_wconf 83' lang='lat' dir='ltr'><em>ex</em></span> <span class='ocrx_word' id='word_1_128' title='bbox 1084 5297 1272 5379; x_wconf 86' lang='lat' dir='ltr'><em>parte</em></span> <span class='ocrx_word' id='word_1_129' title='bbox 1292 5291 1709 5380; x_wconf 90' lang='lat' dir='ltr'><em>spondilium</em></span> <span class='ocrx_word' id='word_1_130' title='bbox 1733 5304 2109 5384; x_wconf 79' lang='lat' dir='ltr'><em>pectorum,</em></span> 
     </span>
     <span class='ocr_line' id='line_1_27' title="bbox 561 5398 2116 5488; baseline 0.014 -35"><span class='ocrx_word' id='word_1_131' title='bbox 561 5411 853 5478; x_wconf 86' lang='lat' dir='ltr'><em>quarum</em></span> <span class='ocrx_word' id='word_1_132' title='bbox 877 5415 1008 5461; x_wconf 90' lang='lat' dir='ltr'><em>una</em></span> <span class='ocrx_word' id='word_1_133' title='bbox 1041 5406 1140 5463; x_wconf 89' lang='lat' dir='ltr'><em>est</em></span> <span class='ocrx_word' id='word_1_134' title='bbox 1180 5398 1406 5465; x_wconf 84' lang='lat' dir='ltr'><em>minor</em></span> <span class='ocrx_word' id='word_1_135' title='bbox 1435 5421 1641 5488; x_wconf 87' lang='lat' dir='ltr'><em>quam</em></span> <span class='ocrx_word' id='word_1_136' title='bbox 1683 5399 1921 5471; x_wconf 87' lang='lat' dir='ltr'><em>altera.</em></span> <span class='ocrx_word' id='word_1_137' title='bbox 1963 5404 2116 5474; x_wconf 83' lang='lat' dir='ltr'><em>Ma-</em></span> 
     </span>
     <span class='ocr_line' id='line_1_28' title="bbox 548 5495 2113 5595; baseline 0.013 -35"><span class='ocrx_word' id='word_1_138' title='bbox 548 5495 661 5582; x_wconf 87' lang='lat' dir='ltr'><em>jor</em></span> <span class='ocrx_word' id='word_1_139' title='bbox 724 5506 950 5566; x_wconf 88' lang='lat' dir='ltr'><em>nutem</em></span> <span class='ocrx_word' id='word_1_140' title='bbox 1010 5499 1252 5570; x_wconf 83' lang='lat' dir='ltr'><em>barum</em></span> <span class='ocrx_word' id='word_1_141' title='bbox 1300 5505 1611 5595; x_wconf 84' lang='lat' dir='ltr'><em>procedit</em></span> <span class='ocrx_word' id='word_1_142' title='bbox 1656 5506 1743 5574; x_wconf 89' lang='lat' dir='ltr'><em>ad</em></span> <span class='ocrx_word' id='word_1_143' title='bbox 1811 5513 2113 5580; x_wconf 83' lang='lat' dir='ltr'><em>anterius</em></span> 
     </span>
     <span class='ocr_line' id='line_1_29' title="bbox 555 5606 2114 5694; baseline 0.014 -26"><span class='ocrx_word' id='word_1_144' title='bbox 555 5606 886 5694; x_wconf 82' lang='lat' dir='ltr'><em>corporis,</em></span> <span class='ocrx_word' id='word_1_145' title='bbox 928 5610 1151 5677; x_wconf 91' lang='lat' dir='ltr'><em>minor</em></span> <span class='ocrx_word' id='word_1_146' title='bbox 1180 5619 1409 5680; x_wconf 86' lang='lat' dir='ltr'><em>autem</em></span> <span class='ocrx_word' id='word_1_147' title='bbox 1438 5612 1522 5679; x_wconf 92' lang='lat' dir='ltr'><em>ad</em></span> <span class='ocrx_word' id='word_1_148' title='bbox 1556 5613 1867 5684; x_wconf 80' lang='lat' dir='ltr'><em>inferius.</em></span> <span class='ocrx_word' id='word_1_149' title='bbox 1906 5618 2114 5689; x_wconf 88' lang='lat' dir='ltr'><em>Dein-</em></span> 
     </span>
    </p>
   </div>
   <div class='ocr_carea' id='block_1_5' title="bbox 1639 300 2853 376">
    <p class='ocr_par' dir='ltr' id='par_1_6' title="bbox 1639 300 2853 376">
     <span class='ocr_line' id='line_1_30' title="bbox 1639 300 2853 376; baseline 0.007 -11"><span class='ocrx_word' id='word_1_150' title='bbox 1639 301 1719 367; x_wconf 90' lang='lat' dir='ltr'><em>D.</em></span> <span class='ocrx_word' id='word_1_151' title='bbox 1772 301 1972 368; x_wconf 85' lang='lat' dir='ltr'><strong>ALB.</strong></span> <span class='ocrx_word' id='word_1_152' title='bbox 2026 300 2243 369; x_wconf 85' lang='lat' dir='ltr'><strong>MAG.</strong></span> <span class='ocrx_word' id='word_1_153' title='bbox 2297 302 2502 372; x_wconf 81' lang='lat' dir='ltr'><strong>ORD.</strong></span> <span class='ocrx_word' id='word_1_154' title='bbox 2556 308 2853 376; x_wconf 84' lang='lat' dir='ltr'><strong>PRAED.</strong></span> 
     </span>
    </p>
   </div>
   <div class='ocr_carea' id='block_1_6' title="bbox 2214 477 3847 5727">
    <p class='ocr_par' dir='ltr' id='par_1_7' title="bbox 2214 477 3847 5727">
     <span class='ocr_line' id='line_1_31' title="bbox 2293 477 3842 566; baseline 0.005 -23"><span class='ocrx_word' id='word_1_155' title='bbox 2293 477 2374 543; x_wconf 89' lang='lat' dir='ltr'><em>de</em></span> <span class='ocrx_word' id='word_1_156' title='bbox 2423 480 2643 566; x_wconf 87' lang='lat' dir='ltr'><em>major</em></span> <span class='ocrx_word' id='word_1_157' title='bbox 2673 481 2967 548; x_wconf 81' lang='lat' dir='ltr'><em>declinat</em></span> <span class='ocrx_word' id='word_1_158' title='bbox 3011 484 3094 548; x_wconf 87' lang='lat' dir='ltr'><em>ad</em></span> <span class='ocrx_word' id='word_1_159' title='bbox 3136 482 3481 559; x_wconf 80' lang='lat' dir='ltr'><em>dextrum,</em></span> <span class='ocrx_word' id='word_1_160' title='bbox 3522 490 3585 549; x_wconf 88' lang='lat' dir='ltr'><em>et</em></span> <span class='ocrx_word' id='word_1_161' title='bbox 3616 486 3842 550; x_wconf 89' lang='lat' dir='ltr'><em>minor</em></span> 
     </span>
     <span class='ocr_line' id='line_1_32' title="bbox 2291 583 3847 680; baseline 0.005 -32"><span class='ocrx_word' id='word_1_162' title='bbox 2291 583 2374 649; x_wconf 90' lang='lat' dir='ltr'><em>ad</em></span> <span class='ocrx_word' id='word_1_163' title='bbox 2405 585 2755 652; x_wconf 86' lang='lat' dir='ltr'><em>sinistrum</em></span> <span class='ocrx_word' id='word_1_164' title='bbox 2785 610 2799 652; x_wconf 90' lang='lat'>:</span> <span class='ocrx_word' id='word_1_165' title='bbox 2837 598 2901 655; x_wconf 90' lang='lat' dir='ltr'><em>et</em></span> <span class='ocrx_word' id='word_1_166' title='bbox 2943 588 3083 655; x_wconf 82' lang='lat' dir='ltr'><em>haec</em></span> <span class='ocrx_word' id='word_1_167' title='bbox 3115 598 3215 655; x_wconf 81' lang='lat' dir='ltr'><em>est</em></span> <span class='ocrx_word' id='word_1_168' title='bbox 3254 613 3431 658; x_wconf 84' lang='lat' dir='ltr'><em>vena</em></span> <span class='ocrx_word' id='word_1_169' title='bbox 3463 613 3668 680; x_wconf 89' lang='lat' dir='ltr'><em>quam</em></span> <span class='ocrx_word' id='word_1_170' title='bbox 3701 591 3847 679; x_wconf 87' lang='lat' dir='ltr'><em>qui-</em></span> 
     </span>
     <span class='ocr_line' id='line_1_33' title="bbox 2289 686 3839 779; baseline 0.007 -28"><span class='ocrx_word' id='word_1_171' title='bbox 2289 686 2445 754; x_wconf 87' lang='lat' dir='ltr'><em>dam</em></span> <span class='ocrx_word' id='word_1_172' title='bbox 2479 692 2914 779; x_wconf 86' lang='lat' dir='ltr'><em>antiquorum</em></span> <span class='ocrx_word' id='word_1_173' title='bbox 2949 695 3343 763; x_wconf 61' lang='lat' dir='ltr'><em>Graecorum</em></span> <span class='ocrx_word' id='word_1_174' title='bbox 3367 707 3616 764; x_wconf 79' lang='lat' dir='ltr'><em>vocant</em></span> <span class='ocrx_word' id='word_1_175' title='bbox 3635 698 3839 774; x_wconf 75' lang='grc' dir='ltr'><em>ονιΙιὶ,</em></span> 
     </span>
     <span class='ocr_line' id='line_1_34' title="bbox 2287 796 3837 890; baseline 0.008 -32"><span class='ocrx_word' id='word_1_176' title='bbox 2287 815 2366 859; x_wconf 91' lang='lat' dir='ltr'><em>eo</em></span> <span class='ocrx_word' id='word_1_177' title='bbox 2431 796 2614 885; x_wconf 91' lang='lat' dir='ltr'><em>quod</em></span> <span class='ocrx_word' id='word_1_178' title='bbox 2673 799 3113 887; x_wconf 84' lang='lat' dir='ltr'><em>inspexerunt</em></span> <span class='ocrx_word' id='word_1_179' title='bbox 3178 813 3443 890; x_wconf 81' lang='lat' dir='ltr'><em>partem</em></span> <span class='ocrx_word' id='word_1_180' title='bbox 3477 827 3837 873; x_wconf 59' lang='lat' dir='ltr'><em>aemesam</em></span> 
     </span>
     <span class='ocr_line' id='line_1_35' title="bbox 2285 903 3841 998; baseline 0.008 -34"><span class='ocrx_word' id='word_1_181' title='bbox 2285 920 2434 987; x_wconf 85' lang='lat' dir='ltr'><em>quae</em></span> <span class='ocrx_word' id='word_1_182' title='bbox 2495 911 2594 967; x_wconf 84' lang='lat' dir='ltr'><em>est</em></span> <span class='ocrx_word' id='word_1_183' title='bbox 2642 903 2710 968; x_wconf 89' lang='lat' dir='ltr'><em>in</em></span> <span class='ocrx_word' id='word_1_184' title='bbox 2752 906 2979 971; x_wconf 86' lang='lat' dir='ltr'><em>tunica</em></span> <span class='ocrx_word' id='word_1_185' title='bbox 3012 904 3183 972; x_wconf 84' lang='lat' dir='ltr'><em>dura</em></span> <span class='ocrx_word' id='word_1_186' title='bbox 3216 908 3520 975; x_wconf 86' lang='lat' dir='ltr'><em>interiori</em></span> <span class='ocrx_word' id='word_1_187' title='bbox 3554 912 3699 998; x_wconf 86' lang='lat' dir='ltr'><em>ejus</em></span> <span class='ocrx_word' id='word_1_188' title='bbox 3773 911 3841 976; x_wconf 89' lang='lat' dir='ltr'><em>in</em></span> 
     </span>
     <span class='ocr_line' id='line_1_36' title="bbox 2282 1011 3839 1102; baseline 0.007 -29"><span class='ocrx_word' id='word_1_189' title='bbox 2282 1011 2627 1078; x_wconf 79' lang='lat' dir='ltr'><em>anatomia</em></span> <span class='ocrx_word' id='word_1_190' title='bbox 2668 1035 3032 1102; x_wconf 84' lang='lat' dir='ltr'><em>corporum</em></span> <span class='ocrx_word' id='word_1_191' title='bbox 3066 1024 3522 1083; x_wconf 87' lang='lat' dir='ltr'><em>mortuorum.</em></span> <span class='ocrx_word' id='word_1_192' title='bbox 3580 1017 3839 1084; x_wconf 85' lang='lat' dir='ltr'><em>Harum</em></span> 
     </span>
     <span class='ocr_line' id='line_1_37' title="bbox 2281 1118 3834 1214; baseline 0.006 -33"><span class='ocrx_word' id='word_1_193' title='bbox 2281 1125 2508 1183; x_wconf 87' lang='lat' dir='ltr'><em>autem</em></span> <span class='ocrx_word' id='word_1_194' title='bbox 2594 1118 2882 1192; x_wconf 85' lang='lat' dir='ltr'><em>duarum</em></span> <span class='ocrx_word' id='word_1_195' title='bbox 2972 1144 3305 1189; x_wconf 84' lang='lat' dir='ltr'><em>venarum</em></span> <span class='ocrx_word' id='word_1_196' title='bbox 3408 1124 3834 1214; x_wconf 85' lang='lat' dir='ltr'><em>pulsantium</em></span> 
     </span>
     <span class='ocr_line' id='line_1_38' title="bbox 2279 1221 3835 1312; baseline 0.006 -25"><span class='ocrx_word' id='word_1_197' title='bbox 2279 1221 2533 1312; x_wconf 88' lang='lat' dir='ltr'><em>absque</em></span> <span class='ocrx_word' id='word_1_198' title='bbox 2599 1229 2789 1292; x_wconf 87' lang='lat' dir='ltr'><em>omni</em></span> <span class='ocrx_word' id='word_1_199' title='bbox 2856 1226 3063 1295; x_wconf 91' lang='lat' dir='ltr'><em>dubio</em></span> <span class='ocrx_word' id='word_1_200' title='bbox 3130 1228 3509 1296; x_wconf 87' lang='lat' dir='ltr'><em>secundum</em></span> <span class='ocrx_word' id='word_1_201' title='bbox 3597 1254 3835 1299; x_wconf 90' lang='lat' dir='ltr'><em>omnes</em></span> 
     </span>
     <span class='ocr_line' id='line_1_39' title="bbox 2279 1330 3833 1429; baseline 0.008 -34"><span class='ocrx_word' id='word_1_202' title='bbox 2279 1330 2737 1422; x_wconf 76' lang='lat' dir='ltr'><em>Philosophus</em></span> <span class='ocrx_word' id='word_1_203' title='bbox 2805 1346 2900 1403; x_wconf 85' lang='lat' dir='ltr'><em>est</em></span> <span class='ocrx_word' id='word_1_204' title='bbox 2965 1361 3082 1404; x_wconf 84' lang='lat' dir='ltr'><em>eor</em></span> <span class='ocrx_word' id='word_1_205' title='bbox 3135 1340 3604 1429; x_wconf 89' lang='lat' dir='ltr'><em>principium:</em></span> <span class='ocrx_word' id='word_1_206' title='bbox 3647 1342 3833 1408; x_wconf 77' lang='lat' dir='ltr'><em>visus</em></span> 
     </span>
     <span class='ocr_line' id='line_1_40' title="bbox 2277 1439 3834 1536; baseline 0.006 -32"><span class='ocrx_word' id='word_1_207' title='bbox 2277 1439 2459 1505; x_wconf 85' lang='lat' dir='ltr'><em>enim</em></span> <span class='ocrx_word' id='word_1_208' title='bbox 2490 1439 2621 1508; x_wconf 91' lang='lat' dir='ltr'><em>hoc</em></span> <span class='ocrx_word' id='word_1_209' title='bbox 2659 1444 3079 1523; x_wconf 79' lang='lat' dir='ltr'><em>testificatur,</em></span> <span class='ocrx_word' id='word_1_210' title='bbox 3128 1449 3219 1514; x_wconf 84' lang='lat' dir='ltr'><em>ita</em></span> <span class='ocrx_word' id='word_1_211' title='bbox 3259 1447 3445 1536; x_wconf 91' lang='lat' dir='ltr'><em>quod</em></span> <span class='ocrx_word' id='word_1_212' title='bbox 3474 1456 3578 1515; x_wconf 85' lang='lat' dir='ltr'><em>est</em></span> <span class='ocrx_word' id='word_1_213' title='bbox 3606 1450 3834 1516; x_wconf 88' lang='lat' dir='ltr'><em>inevi-</em></span> 
     </span>
     <span class='ocr_line' id='line_1_41' title="bbox 2272 1541 3834 1620; baseline 0.008 -12"><span class='ocrx_word' id='word_1_214' title='bbox 2272 1541 2502 1610; x_wconf 87' lang='lat' dir='ltr'><em>tabile.</em></span> <span class='ocrx_word' id='word_1_215' title='bbox 2584 1544 2721 1612; x_wconf 81' lang='lat' dir='ltr'>111ae</span> <span class='ocrx_word' id='word_1_216' title='bbox 2789 1557 3018 1616; x_wconf 90' lang='lat' dir='ltr'><em>autem</em></span> <span class='ocrx_word' id='word_1_217' title='bbox 3073 1573 3267 1618; x_wconf 68' lang='lat' dir='ltr'><em>venae</em></span> <span class='ocrx_word' id='word_1_218' title='bbox 3335 1552 3727 1620; x_wconf 81' lang='lat' dir='ltr'><em>ramisscatoe</em></span> <span class='ocrx_word' id='word_1_219' title='bbox 3765 1562 3834 1620; x_wconf 86' lang='lat' dir='ltr'><em>et</em></span> 
     </span>
     <span class='ocr_line' id='line_1_42' title="bbox 2273 1655 3829 1749; baseline 0.006 -33"><span class='ocrx_word' id='word_1_220' title='bbox 2273 1659 2565 1718; x_wconf 62' lang='lat' dir='ltr'><em>extensae,</em></span> <span class='ocrx_word' id='word_1_221' title='bbox 2609 1655 3006 1743; x_wconf 89' lang='lat' dir='ltr'><em>procedunt.</em></span> <span class='ocrx_word' id='word_1_222' title='bbox 3058 1656 3192 1724; x_wconf 90' lang='lat' dir='ltr'><em>Cor</em></span> <span class='ocrx_word' id='word_1_223' title='bbox 3240 1666 3471 1725; x_wconf 89' lang='lat' dir='ltr'><em>autem</em></span> <span class='ocrx_word' id='word_1_224' title='bbox 3503 1665 3606 1726; x_wconf 85' lang='lat' dir='ltr'><em>est</em></span> <span class='ocrx_word' id='word_1_225' title='bbox 3635 1661 3829 1749; x_wconf 89' lang='lat' dir='ltr'><em>quasi</em></span> 
     </span>
     <span class='ocr_line' id='line_1_43' title="bbox 2271 1758 3824 1851; baseline 0.007 -28"><span class='ocrx_word' id='word_1_226' title='bbox 2271 1758 2581 1847; x_wconf 64' lang='lat' dir='ltr'><em>quaedam</em></span> <span class='ocrx_word' id='word_1_227' title='bbox 2628 1783 2786 1849; x_wconf 87' lang='lat' dir='ltr'><em>pars</em></span> <span class='ocrx_word' id='word_1_228' title='bbox 2834 1764 3131 1851; x_wconf 87' lang='lat' dir='ltr'><em>partium</em></span> <span class='ocrx_word' id='word_1_229' title='bbox 3172 1762 3418 1831; x_wconf 89' lang='lat' dir='ltr'><em>harum</em></span> <span class='ocrx_word' id='word_1_230' title='bbox 3465 1788 3824 1847; x_wconf 83' lang='lat' dir='ltr'><em>venarum,</em></span> 
     </span>
     <span class='ocr_line' id='line_1_44' title="bbox 2269 1865 3827 1962; baseline 0.006 -31"><span class='ocrx_word' id='word_1_231' title='bbox 2269 1865 2441 1932; x_wconf 90' lang='lat' dir='ltr'><em>sicut</em></span> <span class='ocrx_word' id='word_1_232' title='bbox 2492 1866 2899 1958; x_wconf 84' lang='lat' dir='ltr'><em>principium</em></span> <span class='ocrx_word' id='word_1_233' title='bbox 2959 1879 3061 1937; x_wconf 88' lang='lat' dir='ltr'><em>est</em></span> <span class='ocrx_word' id='word_1_234' title='bbox 3088 1893 3246 1959; x_wconf 87' lang='lat' dir='ltr'><em>pars</em></span> <span class='ocrx_word' id='word_1_235' title='bbox 3277 1872 3426 1959; x_wconf 85' lang='lat' dir='ltr'><em>ejus</em></span> <span class='ocrx_word' id='word_1_236' title='bbox 3455 1872 3641 1962; x_wconf 88' lang='lat' dir='ltr'><em>quod</em></span> <span class='ocrx_word' id='word_1_237' title='bbox 3684 1875 3827 1941; x_wconf 83' lang='lat' dir='ltr'><em>exit</em></span> 
     </span>
     <span class='ocr_line' id='line_1_45' title="bbox 2267 1971 3828 2061; baseline 0.006 -23"><span class='ocrx_word' id='word_1_238' title='bbox 2267 1971 2349 2038; x_wconf 89' lang='lat' dir='ltr'><em>ab</em></span> <span class='ocrx_word' id='word_1_239' title='bbox 2373 1973 2518 2061; x_wconf 87' lang='lat' dir='ltr'><em>ipso</em></span> <span class='ocrx_word' id='word_1_240' title='bbox 2547 1975 3017 2042; x_wconf 88' lang='lat' dir='ltr'><em>continuatum</em></span> <span class='ocrx_word' id='word_1_241' title='bbox 3056 1999 3213 2043; x_wconf 87' lang='lat' dir='ltr'><em>cum</em></span> <span class='ocrx_word' id='word_1_242' title='bbox 3246 1977 3514 2046; x_wconf 89' lang='lat' dir='ltr'><em>eodem.</em></span> <span class='ocrx_word' id='word_1_243' title='bbox 3542 1978 3662 2047; x_wconf 85' lang='lat' dir='ltr'><em>Est</em></span> <span class='ocrx_word' id='word_1_244' title='bbox 3698 2002 3828 2047; x_wconf 88' lang='lat' dir='ltr'><em>au-</em></span> 
     </span>
     <span class='ocr_line' id='line_1_46' title="bbox 2263 2082 3814 2174; baseline 0.005 -30"><span class='ocrx_word' id='word_1_245' title='bbox 2263 2087 2397 2145; x_wconf 88' lang='lat' dir='ltr'><em>tem</em></span> <span class='ocrx_word' id='word_1_246' title='bbox 2424 2102 2578 2167; x_wconf 82' lang='lat' dir='ltr'><em>pars</em></span> <span class='ocrx_word' id='word_1_247' title='bbox 2610 2090 2667 2147; x_wconf 89' lang='lat' dir='ltr'><em>et</em></span> <span class='ocrx_word' id='word_1_248' title='bbox 2704 2082 3137 2169; x_wconf 84' lang='lat' dir='ltr'><em>principium,</em></span> <span class='ocrx_word' id='word_1_249' title='bbox 3174 2106 3314 2150; x_wconf 90' lang='lat' dir='ltr'><em>uon</em></span> <span class='ocrx_word' id='word_1_250' title='bbox 3359 2084 3634 2174; x_wconf 86' lang='lat' dir='ltr'><em>quidem</em></span> <span class='ocrx_word' id='word_1_251' title='bbox 3695 2109 3814 2174; x_wconf 87' lang='lat' dir='ltr'><em>per</em></span> 
     </span>
     <span class='ocr_line' id='line_1_47' title="bbox 2261 2185 3812 2280; baseline 0.005 -28"><span class='ocrx_word' id='word_1_252' title='bbox 2261 2185 2708 2254; x_wconf 82' lang='lat' dir='ltr'><em>substantiam</em></span> <span class='ocrx_word' id='word_1_253' title='bbox 2739 2211 3055 2257; x_wconf 81' lang='lat' dir='ltr'><em>carneam</em></span> <span class='ocrx_word' id='word_1_254' title='bbox 3082 2213 3233 2280; x_wconf 80' lang='lat' dir='ltr'><em>quae</em></span> <span class='ocrx_word' id='word_1_255' title='bbox 3265 2198 3367 2257; x_wconf 81' lang='lat' dir='ltr'><em>est</em></span> <span class='ocrx_word' id='word_1_256' title='bbox 3398 2192 3465 2257; x_wconf 91' lang='lat' dir='ltr'><em>in</em></span> <span class='ocrx_word' id='word_1_257' title='bbox 3500 2192 3674 2280; x_wconf 87' lang='lat' dir='ltr'><em>ipso,</em></span> <span class='ocrx_word' id='word_1_258' title='bbox 3694 2191 3812 2259; x_wconf 89' lang='lat' dir='ltr'><em>sed</em></span> 
     </span>
     <span class='ocr_line' id='line_1_48' title="bbox 2259 2294 3805 2387; baseline 0.006 -31"><span class='ocrx_word' id='word_1_259' title='bbox 2259 2294 2484 2382; x_wconf 86' lang='lat' dir='ltr'><em>potius</em></span> <span class='ocrx_word' id='word_1_260' title='bbox 2542 2316 2660 2382; x_wconf 89' lang='lat' dir='ltr'><em>per</em></span> <span class='ocrx_word' id='word_1_261' title='bbox 2716 2295 2829 2362; x_wconf 87' lang='lat' dir='ltr'><em>tila</em></span> <span class='ocrx_word' id='word_1_262' title='bbox 2884 2305 2948 2362; x_wconf 84' lang='lat' dir='ltr'><em>et</em></span> <span class='ocrx_word' id='word_1_263' title='bbox 2973 2295 3139 2363; x_wconf 90' lang='lat' dir='ltr'><em>telas</em></span> <span class='ocrx_word' id='word_1_264' title='bbox 3171 2320 3322 2387; x_wconf 82' lang='lat' dir='ltr'><em>quae</em></span> <span class='ocrx_word' id='word_1_265' title='bbox 3361 2306 3520 2365; x_wconf 88' lang='lat' dir='ltr'><em>sunt</em></span> <span class='ocrx_word' id='word_1_266' title='bbox 3562 2299 3628 2364; x_wconf 90' lang='lat' dir='ltr'><em>in</em></span> <span class='ocrx_word' id='word_1_267' title='bbox 3660 2298 3805 2366; x_wconf 90' lang='lat' dir='ltr'><em>basi</em></span> 
     </span>
     <span class='ocr_line' id='line_1_49' title="bbox 2258 2399 3528 2489; baseline 0.005 -23"><span class='ocrx_word' id='word_1_268' title='bbox 2258 2401 2446 2489; x_wconf 86' lang='lat' dir='ltr'><em>ejus:</em></span> <span class='ocrx_word' id='word_1_269' title='bbox 2493 2399 2596 2468; x_wconf 77' lang='lat' dir='ltr'><em>11ae</em></span> <span class='ocrx_word' id='word_1_270' title='bbox 2635 2404 2817 2469; x_wconf 92' lang='lat' dir='ltr'><em>enim</em></span> <span class='ocrx_word' id='word_1_271' title='bbox 2852 2412 3010 2471; x_wconf 88' lang='lat' dir='ltr'><em>sunt</em></span> <span class='ocrx_word' id='word_1_272' title='bbox 3050 2404 3234 2471; x_wconf 85' lang='lat' dir='ltr'><em>durae</em></span> <span class='ocrx_word' id='word_1_273' title='bbox 3266 2405 3528 2472; x_wconf 81' lang='lat' dir='ltr'><em>solidae.</em></span> 
     </span>
     <span class='ocr_line' id='line_1_50' title="bbox 2346 2509 3817 2606; baseline 0.005 -31"><span class='ocrx_word' id='word_1_274' title='bbox 2346 2509 2637 2600; x_wconf 83' lang='lat' dir='ltr'><em>Signum</em></span> <span class='ocrx_word' id='word_1_275' title='bbox 2686 2520 2944 2594; x_wconf 87' lang='lat' dir='ltr'><em>autem,</em></span> <span class='ocrx_word' id='word_1_276' title='bbox 3008 2513 3195 2603; x_wconf 89' lang='lat' dir='ltr'><em>quod</em></span> <span class='ocrx_word' id='word_1_277' title='bbox 3236 2537 3357 2582; x_wconf 89' lang='lat' dir='ltr'><em>cor</em></span> <span class='ocrx_word' id='word_1_278' title='bbox 3422 2516 3509 2582; x_wconf 91' lang='lat' dir='ltr'><em>sit</em></span> <span class='ocrx_word' id='word_1_279' title='bbox 3551 2537 3705 2606; x_wconf 84' lang='lat' dir='ltr'><em>pars</em></span> <span class='ocrx_word' id='word_1_280' title='bbox 3751 2523 3817 2582; x_wconf 90' lang='lat' dir='ltr'><em>et</em></span> 
     </span>
     <span class='ocr_line' id='line_1_51' title="bbox 2253 2618 3803 2712; baseline 0.004 -30"><span class='ocrx_word' id='word_1_281' title='bbox 2253 2618 2659 2707; x_wconf 85' lang='lat' dir='ltr'><em>principium</em></span> <span class='ocrx_word' id='word_1_282' title='bbox 2691 2643 2926 2687; x_wconf 87' lang='lat' dir='ltr'><em>earum</em></span> <span class='ocrx_word' id='word_1_283' title='bbox 2970 2631 3093 2698; x_wconf 87' lang='lat' dir='ltr'><em>est,</em></span> <span class='ocrx_word' id='word_1_284' title='bbox 3141 2622 3326 2711; x_wconf 85' lang='lat' dir='ltr'><em>quod</em></span> <span class='ocrx_word' id='word_1_285' title='bbox 3376 2623 3599 2708; x_wconf 85' lang='lat' dir='ltr'><em>major</em></span> <span class='ocrx_word' id='word_1_286' title='bbox 3645 2624 3803 2712; x_wconf 89' lang='lat' dir='ltr'><em>qui-</em></span> 
     </span>
     <span class='ocr_line' id='line_1_52' title="bbox 2254 2723 3810 2817; baseline 0.006 -30"><span class='ocrx_word' id='word_1_287' title='bbox 2254 2723 2407 2790; x_wconf 80' lang='lat' dir='ltr'><em>dem</em></span> <span class='ocrx_word' id='word_1_288' title='bbox 2462 2748 2636 2792; x_wconf 74' lang='lat' dir='ltr'><em>vena</em></span> <span class='ocrx_word' id='word_1_289' title='bbox 2715 2728 2780 2792; x_wconf 92' lang='lat' dir='ltr'><em>iu</em></span> <span class='ocrx_word' id='word_1_290' title='bbox 2832 2729 3049 2816; x_wconf 82' lang='lat' dir='ltr'><em>primo</em></span> <span class='ocrx_word' id='word_1_291' title='bbox 3095 2736 3249 2794; x_wconf 83' lang='lat' dir='ltr'><em>ortu</em></span> <span class='ocrx_word' id='word_1_292' title='bbox 3281 2751 3408 2795; x_wconf 88' lang='lat' dir='ltr'><em>suo</em></span> <span class='ocrx_word' id='word_1_293' title='bbox 3450 2735 3552 2795; x_wconf 86' lang='lat' dir='ltr'><em>est</em></span> <span class='ocrx_word' id='word_1_294' title='bbox 3591 2730 3810 2817; x_wconf 86' lang='lat' dir='ltr'><em>posita</em></span> 
     </span>
     <span class='ocr_line' id='line_1_53' title="bbox 2249 2834 3813 2921; baseline 0.003 -24"><span class='ocrx_word' id='word_1_295' title='bbox 2249 2854 2454 2921; x_wconf 84' lang='lat' dir='ltr'><em>supra</em></span> <span class='ocrx_word' id='word_1_296' title='bbox 2482 2834 2704 2902; x_wconf 86' lang='lat' dir='ltr'><em>cordis</em></span> <span class='ocrx_word' id='word_1_297' title='bbox 2741 2834 3195 2902; x_wconf 80' lang='lat' dir='ltr'><em>substantiam</em></span> <span class='ocrx_word' id='word_1_298' title='bbox 3231 2835 3645 2908; x_wconf 76' lang='lat' dir='ltr'><em>inferiorem.</em></span> <span class='ocrx_word' id='word_1_299' title='bbox 3684 2839 3813 2903; x_wconf 89' lang='lat' dir='ltr'><em>mi-</em></span> 
     </span>
     <span class='ocr_line' id='line_1_54' title="bbox 2250 2943 3805 3033; baseline 0.004 -29"><span class='ocrx_word' id='word_1_300' title='bbox 2250 2962 2376 3006; x_wconf 87' lang='lat' dir='ltr'><em>nor</em></span> <span class='ocrx_word' id='word_1_301' title='bbox 2404 2951 2633 3010; x_wconf 90' lang='lat' dir='ltr'><em>autem</em></span> <span class='ocrx_word' id='word_1_302' title='bbox 2667 2944 2887 3032; x_wconf 83' lang='lat' dir='ltr'><em>posita</em></span> <span class='ocrx_word' id='word_1_303' title='bbox 2908 2953 3005 3010; x_wconf 87' lang='lat' dir='ltr'><em>est</em></span> <span class='ocrx_word' id='word_1_304' title='bbox 3040 2944 3107 3010; x_wconf 92' lang='lat' dir='ltr'><em>in</em></span> <span class='ocrx_word' id='word_1_305' title='bbox 3134 2951 3290 3012; x_wconf 89' lang='lat' dir='ltr'><em>ortu</em></span> <span class='ocrx_word' id='word_1_306' title='bbox 3330 2967 3458 3011; x_wconf 93' lang='lat' dir='ltr'><em>suo</em></span> <span class='ocrx_word' id='word_1_307' title='bbox 3498 2943 3626 3010; x_wconf 90' lang='lat' dir='ltr'><em>sub</em></span> <span class='ocrx_word' id='word_1_308' title='bbox 3659 2944 3805 3033; x_wconf 87' lang='lat' dir='ltr'><em>ipso</em></span> 
     </span>
     <span class='ocr_line' id='line_1_55' title="bbox 2250 3048 3803 3141; baseline 0.001 -26"><span class='ocrx_word' id='word_1_309' title='bbox 2250 3051 2315 3115; x_wconf 92' lang='lat' dir='ltr'><em>in</em></span> <span class='ocrx_word' id='word_1_310' title='bbox 2346 3048 2490 3115; x_wconf 86' lang='lat' dir='ltr'><em>basi</em></span> <span class='ocrx_word' id='word_1_311' title='bbox 2520 3051 2689 3137; x_wconf 77' lang='lat' dir='ltr'><em>ejus,</em></span> <span class='ocrx_word' id='word_1_312' title='bbox 2728 3051 2818 3119; x_wconf 82' lang='lat' dir='ltr'><em>itu</em></span> <span class='ocrx_word' id='word_1_313' title='bbox 2847 3051 3028 3141; x_wconf 89' lang='lat' dir='ltr'><em>quod</em></span> <span class='ocrx_word' id='word_1_314' title='bbox 3058 3075 3178 3119; x_wconf 89' lang='lat' dir='ltr'><em>cor</em></span> <span class='ocrx_word' id='word_1_315' title='bbox 3205 3060 3308 3118; x_wconf 88' lang='lat' dir='ltr'><em>est</em></span> <span class='ocrx_word' id='word_1_316' title='bbox 3347 3053 3540 3141; x_wconf 86' lang='lat' dir='ltr'><em>quasi</em></span> <span class='ocrx_word' id='word_1_317' title='bbox 3603 3052 3803 3118; x_wconf 70' lang='lat' dir='ltr'><em>utini-</em></span> 
     </span>
     <span class='ocr_line' id='line_1_56' title="bbox 2246 3159 3800 3249; baseline 0.002 -25"><span class='ocrx_word' id='word_1_318' title='bbox 2246 3166 2467 3226; x_wconf 83' lang='lat' dir='ltr'><em>straus</em></span> <span class='ocrx_word' id='word_1_319' title='bbox 2516 3159 2688 3226; x_wconf 90' lang='lat' dir='ltr'><em>inter</em></span> <span class='ocrx_word' id='word_1_320' title='bbox 2745 3184 2859 3227; x_wconf 81' lang='lat' dir='ltr'><em>eas</em></span> <span class='ocrx_word' id='word_1_321' title='bbox 2919 3161 3188 3249; x_wconf 84' lang='lat' dir='ltr'><em>utrique.</em></span> <span class='ocrx_word' id='word_1_322' title='bbox 3240 3168 3307 3228; x_wconf 87' lang='lat' dir='ltr'><em>et</em></span> <span class='ocrx_word' id='word_1_323' title='bbox 3344 3159 3800 3228; x_wconf 75' lang='lat' dir='ltr'><em>substantiam</em></span> 
     </span>
     <span class='ocr_line' id='line_1_57' title="bbox 2246 3268 3794 3358; baseline 0.001 -25"><span class='ocrx_word' id='word_1_324' title='bbox 2246 3274 2309 3333; x_wconf 91' lang='lat' dir='ltr'><em>et</em></span> <span class='ocrx_word' id='word_1_325' title='bbox 2348 3268 2697 3344; x_wconf 81' lang='lat' dir='ltr'><em>virtutem,</em></span> <span class='ocrx_word' id='word_1_326' title='bbox 2731 3276 2793 3333; x_wconf 88' lang='lat' dir='ltr'><em>et</em></span> <span class='ocrx_word' id='word_1_327' title='bbox 2834 3268 3188 3357; x_wconf 68' lang='lat' dir='ltr'><em>aequaliter</em></span> <span class='ocrx_word' id='word_1_328' title='bbox 3229 3269 3600 3358; x_wconf 83' lang='lat' dir='ltr'><em>respiciens</em></span> <span class='ocrx_word' id='word_1_329' title='bbox 3656 3291 3794 3336; x_wconf 75' lang='lat' dir='ltr'><em>eaS.</em></span> 
     </span>
     <span class='ocr_line' id='line_1_58' title="bbox 2245 3374 3802 3465; baseline 0.002 -25"><span class='ocrx_word' id='word_1_330' title='bbox 2245 3379 2461 3441; x_wconf 72' lang='lat' dir='ltr'><em>(hune.</em></span> <span class='ocrx_word' id='word_1_331' title='bbox 2502 3375 2682 3440; x_wconf 88' lang='lat' dir='ltr'><em>enim</em></span> <span class='ocrx_word' id='word_1_332' title='bbox 2715 3398 2835 3441; x_wconf 89' lang='lat' dir='ltr'><em>cor</em></span> <span class='ocrx_word' id='word_1_333' title='bbox 2865 3374 3064 3443; x_wconf 89' lang='lat' dir='ltr'><em>babet</em></span> <span class='ocrx_word' id='word_1_334' title='bbox 3093 3375 3538 3459; x_wconf 76' lang='lat' dir='ltr'><em>ventriculos,</em></span> <span class='ocrx_word' id='word_1_335' title='bbox 3564 3399 3802 3465; x_wconf 82' lang='lat' dir='ltr'><em>quam-</em></span> 
     </span>
     <span class='ocr_line' id='line_1_59' title="bbox 2242 3480 3800 3573; baseline 0.003 -27"><span class='ocrx_word' id='word_1_336' title='bbox 2242 3483 2344 3548; x_wconf 73' lang='lat' dir='ltr'><em>vis</em></span> <span class='ocrx_word' id='word_1_337' title='bbox 2381 3480 2633 3548; x_wconf 85' lang='lat' dir='ltr'><em>lateant</em></span> <span class='ocrx_word' id='word_1_338' title='bbox 2667 3482 2735 3549; x_wconf 91' lang='lat' dir='ltr'><em>in</em></span> <span class='ocrx_word' id='word_1_339' title='bbox 2787 3483 3014 3571; x_wconf 85' lang='lat' dir='ltr'><em>parvis</em></span> <span class='ocrx_word' id='word_1_340' title='bbox 3065 3482 3388 3551; x_wconf 84' lang='lat' dir='ltr'><em>cordibus</em></span> <span class='ocrx_word' id='word_1_341' title='bbox 3428 3505 3800 3573; x_wconf 83' lang='lat' dir='ltr'><em>parvorum</em></span> 
     </span>
     <span class='ocr_line' id='line_1_60' title="bbox 2240 3586 3799 3677; baseline 0.003 -22"><span class='ocrx_word' id='word_1_342' title='bbox 2240 3586 2664 3655; x_wconf 83' lang='lat' dir='ltr'><em>animalium.</em></span> <span class='ocrx_word' id='word_1_343' title='bbox 2722 3586 3068 3677; x_wconf 80' lang='lat' dir='ltr'><em>l‘raecipue</em></span> <span class='ocrx_word' id='word_1_344' title='bbox 3100 3598 3334 3658; x_wconf 88' lang='lat' dir='ltr'><em>autem</em></span> <span class='ocrx_word' id='word_1_345' title='bbox 3361 3597 3461 3658; x_wconf 89' lang='lat' dir='ltr'><em>est</em></span> <span class='ocrx_word' id='word_1_346' title='bbox 3493 3589 3567 3661; x_wconf 88' lang='lat' dir='ltr'><em>in</em></span> <span class='ocrx_word' id='word_1_347' title='bbox 3595 3589 3799 3663; x_wconf 84' lang='lat' dir='ltr'><em>cordo</em></span> 
     </span>
     <span class='ocr_line' id='line_1_61' title="bbox 2237 3692 3800 3783; baseline 0.001 -22"><span class='ocrx_word' id='word_1_348' title='bbox 2237 3692 2655 3761; x_wconf 87' lang='lat' dir='ltr'><em>ventriculus</em></span> <span class='ocrx_word' id='word_1_349' title='bbox 2694 3695 2915 3783; x_wconf 76' lang='lat' dir='ltr'><em>xuajor</em></span> <span class='ocrx_word' id='word_1_350' title='bbox 2944 3697 3059 3783; x_wconf 83' lang='lat' dir='ltr'><em>qui</em></span> <span class='ocrx_word' id='word_1_351' title='bbox 3092 3704 3194 3764; x_wconf 82' lang='lat' dir='ltr'><em>est</em></span> <span class='ocrx_word' id='word_1_352' title='bbox 3233 3695 3492 3764; x_wconf 80' lang='lat' dir='ltr'><em>dexter.</em></span> <span class='ocrx_word' id='word_1_353' title='bbox 3533 3694 3607 3762; x_wconf 90' lang='lat' dir='ltr'><em>ln</em></span> <span class='ocrx_word' id='word_1_354' title='bbox 3657 3718 3800 3763; x_wconf 83' lang='lat' dir='ltr'><em>me·</em></span> 
     </span>
     <span class='ocr_line' id='line_1_62' title="bbox 2238 3801 3793 3893; baseline 0.001 -25"><span class='ocrx_word' id='word_1_355' title='bbox 2238 3801 2580 3868; x_wconf 83' lang='lat' dir='ltr'><em>diocribus</em></span> <span class='ocrx_word' id='word_1_356' title='bbox 2646 3824 2808 3869; x_wconf 79' lang='lat' dir='ltr'><em>vero</em></span> <span class='ocrx_word' id='word_1_357' title='bbox 2858 3804 3260 3893; x_wconf 76' lang='lat' dir='ltr'><em>corporibus</em></span> <span class='ocrx_word' id='word_1_358' title='bbox 3318 3803 3793 3872; x_wconf 77' lang='lat' dir='ltr'><em>manifestatur</em></span> 
     </span>
     <span class='ocr_line' id='line_1_63' title="bbox 2236 3908 3791 3996; baseline 0.001 -20"><span class='ocrx_word' id='word_1_359' title='bbox 2236 3931 2390 3976; x_wconf 91' lang='lat' dir='ltr'><em>cum</em></span> <span class='ocrx_word' id='word_1_360' title='bbox 2450 3908 2690 3996; x_wconf 86' lang='lat' dir='ltr'><em>majori</em></span> <span class='ocrx_word' id='word_1_361' title='bbox 2749 3908 2951 3975; x_wconf 86' lang='lat' dir='ltr'><em>etiam</em></span> <span class='ocrx_word' id='word_1_362' title='bbox 3003 3908 3273 3977; x_wconf 90' lang='lat' dir='ltr'><em>medius</em></span> <span class='ocrx_word' id='word_1_363' title='bbox 3331 3919 3401 3977; x_wconf 90' lang='lat' dir='ltr'><em>et</em></span> <span class='ocrx_word' id='word_1_364' title='bbox 3439 3920 3791 3978; x_wconf 77' lang='lat' dir='ltr'><em>extremus</em></span> 
     </span>
     <span class='ocr_line' id='line_1_64' title="bbox 2236 4014 3791 4108; baseline 0.002 -25"><span class='ocrx_word' id='word_1_365' title='bbox 2236 4038 2488 4107; x_wconf 85' lang='lat' dir='ltr'><em>parvus</em></span> <span class='ocrx_word' id='word_1_366' title='bbox 2524 4014 2816 4082; x_wconf 83' lang='lat' dir='ltr'><em>sinister.</em></span> <span class='ocrx_word' id='word_1_367' title='bbox 2866 4014 2937 4081; x_wconf 90' lang='lat' dir='ltr'><em>lu</em></span> <span class='ocrx_word' id='word_1_368' title='bbox 2972 4017 3241 4105; x_wconf 78' lang='lat' dir='ltr'><em>magnis</em></span> <span class='ocrx_word' id='word_1_369' title='bbox 3269 4024 3499 4084; x_wconf 83' lang='lat' dir='ltr'><em>autem</em></span> <span class='ocrx_word' id='word_1_370' title='bbox 3550 4041 3791 4108; x_wconf 84' lang='lat' dir='ltr'><em>corpo-</em></span> 
     </span>
     <span class='ocr_line' id='line_1_65' title="bbox 2237 4125 3790 4217; baseline -0.001 -23"><span class='ocrx_word' id='word_1_371' title='bbox 2237 4126 2422 4194; x_wconf 83' lang='lat' dir='ltr'><em>ribus</em></span> <span class='ocrx_word' id='word_1_372' title='bbox 2464 4146 2868 4212; x_wconf 78' lang='lat' dir='ltr'><em>magnorum</em></span> <span class='ocrx_word' id='word_1_373' title='bbox 2918 4125 3227 4194; x_wconf 87' lang='lat' dir='ltr'><em>cordium</em></span> <span class='ocrx_word' id='word_1_374' title='bbox 3282 4126 3637 4196; x_wconf 76' lang='lat' dir='ltr'><em>evidenter</em></span> <span class='ocrx_word' id='word_1_375' title='bbox 3662 4151 3790 4217; x_wconf 83' lang='lat' dir='ltr'><em>ap·-</em></span> 
     </span>
     <span class='ocr_line' id='line_1_66' title="bbox 2232 4234 3790 4326; baseline 0.002 -26"><span class='ocrx_word' id='word_1_376' title='bbox 2232 4242 2472 4324; x_wconf 85' lang='lat' dir='ltr'><em>parent</em></span> <span class='ocrx_word' id='word_1_377' title='bbox 2546 4255 2786 4300; x_wconf 86' lang='lat' dir='ltr'><em>omnes</em></span> <span class='ocrx_word' id='word_1_378' title='bbox 2862 4243 2995 4300; x_wconf 84' lang='lat' dir='ltr'><em>tres</em></span> <span class='ocrx_word' id='word_1_379' title='bbox 3044 4234 3434 4315; x_wconf 74' lang='lat' dir='ltr'><em>ventriculi,</em></span> <span class='ocrx_word' id='word_1_380' title='bbox 3490 4245 3553 4303; x_wconf 92' lang='lat' dir='ltr'><em>et</em></span> <span class='ocrx_word' id='word_1_381' title='bbox 3630 4259 3790 4326; x_wconf 75' lang='lat' dir='ltr'><em>pars</em></span> 
     </span>
     <span class='ocr_line' id='line_1_67' title="bbox 2230 4338 3782 4428; baseline 0.001 -22"><span class='ocrx_word' id='word_1_382' title='bbox 2230 4347 2427 4406; x_wconf 85' lang='lat' dir='ltr'><em>acuta</em></span> <span class='ocrx_word' id='word_1_383' title='bbox 2476 4338 2698 4405; x_wconf 80' lang='lat' dir='ltr'><em>cordis</em></span> <span class='ocrx_word' id='word_1_384' title='bbox 2748 4340 3144 4428; x_wconf 79' lang='lat' dir='ltr'><em>prominens</em></span> <span class='ocrx_word' id='word_1_385' title='bbox 3190 4365 3231 4408; x_wconf 83' lang='lat' dir='ltr'><em>a</em></span> <span class='ocrx_word' id='word_1_386' title='bbox 3288 4342 3494 4409; x_wconf 85' lang='lat' dir='ltr'><em>corde</em></span> <span class='ocrx_word' id='word_1_387' title='bbox 3543 4365 3782 4408; x_wconf 72' lang='lat' dir='ltr'><em>versus</em></span> 
     </span>
     <span class='ocr_line' id='line_1_68' title="bbox 2232 4450 3791 4539; baseline 0.001 -22"><span class='ocrx_word' id='word_1_388' title='bbox 2232 4451 2530 4517; x_wconf 82' lang='lat' dir='ltr'><em>anterius</em></span> <span class='ocrx_word' id='word_1_389' title='bbox 2575 4450 2879 4539; x_wconf 81' lang='lat' dir='ltr'><em>eorporis</em></span> <span class='ocrx_word' id='word_1_390' title='bbox 2928 4458 2991 4515; x_wconf 88' lang='lat' dir='ltr'><em>et</em></span> <span class='ocrx_word' id='word_1_391' title='bbox 3023 4453 3343 4539; x_wconf 80' lang='lat' dir='ltr'><em>pectoris,</em></span> <span class='ocrx_word' id='word_1_392' title='bbox 3396 4452 3573 4520; x_wconf 76' lang='lat' dir='ltr'><em>sicut</em></span> <span class='ocrx_word' id='word_1_393' title='bbox 3619 4450 3791 4520; x_wconf 79' lang='lat' dir='ltr'><em>dixi·</em></span> 
     </span>
     <span class='ocr_line' id='line_1_69' title="bbox 2233 4557 3788 4651; baseline 0.003 -25"><span class='ocrx_word' id='word_1_394' title='bbox 2233 4583 2383 4626; x_wconf 86' lang='lat' dir='ltr'><em>mus</em></span> <span class='ocrx_word' id='word_1_395' title='bbox 2415 4560 2482 4624; x_wconf 90' lang='lat' dir='ltr'><em>iu</em></span> <span class='ocrx_word' id='word_1_396' title='bbox 2539 4557 2969 4626; x_wconf 72' lang='lat' dir='ltr'><em>autu-babitis.</em></span> <span class='ocrx_word' id='word_1_397' title='bbox 3028 4557 3108 4626; x_wconf 81' lang='lat' dir='ltr'><em>Et</em></span> <span class='ocrx_word' id='word_1_398' title='bbox 3165 4560 3589 4629; x_wconf 78' lang='lat' dir='ltr'><em>ventriculus</em></span> <span class='ocrx_word' id='word_1_399' title='bbox 3628 4563 3788 4651; x_wconf 89' lang='lat' dir='ltr'><em>qui-</em></span> 
     </span>
     <span class='ocr_line' id='line_1_70' title="bbox 2228 4664 3781 4757; baseline 0.005 -28"><span class='ocrx_word' id='word_1_400' title='bbox 2228 4664 2383 4732; x_wconf 89' lang='lat' dir='ltr'><em>dem</em></span> <span class='ocrx_word' id='word_1_401' title='bbox 2447 4666 2667 4752; x_wconf 74' lang='lat' dir='ltr'><em>unajor</em></span> <span class='ocrx_word' id='word_1_402' title='bbox 2734 4674 2834 4733; x_wconf 80' lang='lat' dir='ltr'><em>est</em></span> <span class='ocrx_word' id='word_1_403' title='bbox 2899 4669 3235 4757; x_wconf 79' lang='lat' dir='ltr'><em>superius,</em></span> <span class='ocrx_word' id='word_1_404' title='bbox 3301 4676 3366 4736; x_wconf 84' lang='lat' dir='ltr'><em>et</em></span> <span class='ocrx_word' id='word_1_405' title='bbox 3414 4667 3675 4745; x_wconf 80' lang='lat' dir='ltr'><em>dexter,</em></span> <span class='ocrx_word' id='word_1_406' title='bbox 3715 4678 3781 4737; x_wconf 89' lang='lat' dir='ltr'><em>et</em></span> 
     </span>
     <span class='ocr_line' id='line_1_71' title="bbox 2228 4770 3778 4853; baseline 0.006 -19"><span class='ocrx_word' id='word_1_407' title='bbox 2228 4770 2457 4835; x_wconf 89' lang='lat' dir='ltr'><em>minor</em></span> <span class='ocrx_word' id='word_1_408' title='bbox 2483 4779 2579 4837; x_wconf 83' lang='lat' dir='ltr'><em>est</em></span> <span class='ocrx_word' id='word_1_409' title='bbox 2625 4771 2900 4838; x_wconf 74' lang='lat' dir='ltr'><em>inferior</em></span> <span class='ocrx_word' id='word_1_410' title='bbox 2955 4783 3019 4839; x_wconf 86' lang='lat' dir='ltr'><em>et</em></span> <span class='ocrx_word' id='word_1_411' title='bbox 3079 4775 3379 4853; x_wconf 85' lang='lat' dir='ltr'><em>sinister,</em></span> <span class='ocrx_word' id='word_1_412' title='bbox 3405 4784 3469 4842; x_wconf 88' lang='lat' dir='ltr'><em>et</em></span> <span class='ocrx_word' id='word_1_413' title='bbox 3514 4775 3778 4845; x_wconf 85' lang='lat' dir='ltr'><em>medius</em></span> 
     </span>
     <span class='ocr_line' id='line_1_72' title="bbox 2226 4877 3780 4953; baseline 0.007 -12"><span class='ocrx_word' id='word_1_414' title='bbox 2226 4884 2324 4942; x_wconf 82' lang='lat' dir='ltr'><em>est</em></span> <span class='ocrx_word' id='word_1_415' title='bbox 2359 4877 2532 4944; x_wconf 89' lang='lat' dir='ltr'><em>inter</em></span> <span class='ocrx_word' id='word_1_416' title='bbox 2569 4878 2777 4945; x_wconf 85' lang='lat' dir='ltr'><em>duos:</em></span> <span class='ocrx_word' id='word_1_417' title='bbox 2821 4888 2888 4946; x_wconf 85' lang='lat' dir='ltr'><em>et</em></span> <span class='ocrx_word' id='word_1_418' title='bbox 2920 4882 3185 4950; x_wconf 89' lang='lat' dir='ltr'><em>medius</em></span> <span class='ocrx_word' id='word_1_419' title='bbox 3216 4893 3279 4951; x_wconf 86' lang='lat' dir='ltr'><em>et</em></span> <span class='ocrx_word' id='word_1_420' title='bbox 3324 4883 3601 4953; x_wconf 86' lang='lat' dir='ltr'><em>sinister</em></span> <span class='ocrx_word' id='word_1_421' title='bbox 3641 4886 3780 4953; x_wconf 89' lang='lat' dir='ltr'><em>mi-</em></span> 
     </span>
     <span class='ocr_line' id='line_1_73' title="bbox 2226 4989 3775 5081; baseline 0.007 -33"><span class='ocrx_word' id='word_1_422' title='bbox 2226 5006 2425 5050; x_wconf 87' lang='lat' dir='ltr'><em>nores</em></span> <span class='ocrx_word' id='word_1_423' title='bbox 2468 4995 2624 5054; x_wconf 87' lang='lat' dir='ltr'><em>sunt</em></span> <span class='ocrx_word' id='word_1_424' title='bbox 2686 4989 3063 5057; x_wconf 71' lang='lat' dir='ltr'><em>ventriculo</em></span> <span class='ocrx_word' id='word_1_425' title='bbox 3124 4992 3395 5081; x_wconf 85' lang='lat' dir='ltr'><em>majori.</em></span> <span class='ocrx_word' id='word_1_426' title='bbox 3462 4993 3581 5062; x_wconf 87' lang='lat' dir='ltr'><em>lsti</em></span> <span class='ocrx_word' id='word_1_427' title='bbox 3614 4994 3775 5062; x_wconf 89' lang='lat' dir='ltr'><em>item</em></span> 
     </span>
     <span class='ocr_line' id='line_1_74' title="bbox 2222 5090 3773 5190; baseline 0.006 -34"><span class='ocrx_word' id='word_1_428' title='bbox 2222 5090 2576 5158; x_wconf 71' lang='lat' dir='ltr'><em>ventriculi</em></span> <span class='ocrx_word' id='word_1_429' title='bbox 2609 5093 3037 5183; x_wconf 77' lang='lat' dir='ltr'><em>perforantur</em></span> <span class='ocrx_word' id='word_1_430' title='bbox 3057 5121 3296 5168; x_wconf 69' lang='lat' dir='ltr'><em>versus</em></span> <span class='ocrx_word' id='word_1_431' title='bbox 3337 5100 3773 5190; x_wconf 84' lang='lat' dir='ltr'><em>pulmonem:</em></span> 
     </span>
     <span class='ocr_line' id='line_1_75' title="bbox 2222 5197 3779 5297; baseline 0.007 -34"><span class='ocrx_word' id='word_1_432' title='bbox 2222 5197 2337 5265; x_wconf 87' lang='lat' dir='ltr'><em>sed</em></span> <span class='ocrx_word' id='word_1_433' title='bbox 2385 5199 2511 5267; x_wconf 80' lang='lat' dir='ltr'><em>viae</em></span> <span class='ocrx_word' id='word_1_434' title='bbox 2565 5200 2981 5270; x_wconf 74' lang='lat' dir='ltr'><em>foraminum</em></span> <span class='ocrx_word' id='word_1_435' title='bbox 3040 5208 3293 5297; x_wconf 65' lang='lat' dir='ltr'><em>saepius</em></span> <span class='ocrx_word' id='word_1_436' title='bbox 3348 5206 3565 5276; x_wconf 84' lang='lat' dir='ltr'><em>latent</em></span> <span class='ocrx_word' id='word_1_437' title='bbox 3610 5230 3779 5297; x_wconf 84' lang='lat' dir='ltr'><em>pro-</em></span> 
     </span>
     <span class='ocr_line' id='line_1_76' title="bbox 2219 5307 3779 5405; baseline 0.006 -32"><span class='ocrx_word' id='word_1_438' title='bbox 2219 5313 2366 5395; x_wconf 81' lang='lat' dir='ltr'><em>pter</em></span> <span class='ocrx_word' id='word_1_439' title='bbox 2420 5307 2685 5374; x_wconf 74' lang='lat' dir='ltr'><em>viarum</em></span> <span class='ocrx_word' id='word_1_440' title='bbox 2738 5312 3162 5398; x_wconf 73' lang='lat' dir='ltr'><em>parvitatem,</em></span> <span class='ocrx_word' id='word_1_441' title='bbox 3198 5322 3662 5405; x_wconf 64' lang='lat' dir='ltr'><em>praeterquam</em></span> <span class='ocrx_word' id='word_1_442' title='bbox 3706 5315 3779 5383; x_wconf 87' lang='lat' dir='ltr'><em>in</em></span> 
     </span>
     <span class='ocr_line' id='line_1_77' title="bbox 2219 5412 3773 5512; baseline 0.008 -36"><span class='ocrx_word' id='word_1_443' title='bbox 2219 5414 2390 5480; x_wconf 77' lang='lat' dir='ltr'><em>viro.</em></span> <span class='ocrx_word' id='word_1_444' title='bbox 2421 5412 2610 5480; x_wconf 66' lang='lat' dir='ltr'><em>Vena</em></span> <span class='ocrx_word' id='word_1_445' title='bbox 2632 5423 2858 5481; x_wconf 83' lang='lat' dir='ltr'><em>autem</em></span> <span class='ocrx_word' id='word_1_446' title='bbox 2891 5420 3114 5508; x_wconf 87' lang='lat' dir='ltr'><em>major</em></span> <span class='ocrx_word' id='word_1_447' title='bbox 3136 5421 3461 5488; x_wconf 82' lang='lat' dir='ltr'><em>radicitus</em></span> <span class='ocrx_word' id='word_1_448' title='bbox 3493 5421 3773 5512; x_wconf 84' lang='lat' dir='ltr'><em>quidem</em></span> 
     </span>
     <span class='ocr_line' id='line_1_78' title="bbox 2216 5519 3769 5619; baseline 0.009 -35"><span class='ocrx_word' id='word_1_449' title='bbox 2216 5519 2517 5610; x_wconf 89' lang='lat' dir='ltr'><em>procedit</em></span> <span class='ocrx_word' id='word_1_450' title='bbox 2547 5544 2586 5587; x_wconf 88' lang='lat' dir='ltr'><em>a</em></span> <span class='ocrx_word' id='word_1_451' title='bbox 2626 5522 2867 5609; x_wconf 85' lang='lat' dir='ltr'><em>majori</em></span> <span class='ocrx_word' id='word_1_452' title='bbox 2908 5547 2946 5591; x_wconf 85' lang='lat' dir='ltr'><em>a</em></span> <span class='ocrx_word' id='word_1_453' title='bbox 3004 5537 3192 5617; x_wconf 85' lang='lat' dir='ltr'><em>parte</em></span> <span class='ocrx_word' id='word_1_454' title='bbox 3240 5529 3576 5619; x_wconf 86' lang='lat' dir='ltr'><em>superiori</em></span> <span class='ocrx_word' id='word_1_455' title='bbox 3619 5551 3769 5597; x_wconf 85' lang='lat' dir='ltr'><em>cor-</em></span> 
     </span>
     <span class='ocr_line' id='line_1_79' title="bbox 2214 5626 3761 5727; baseline 0.006 -32"><span class='ocrx_word' id='word_1_456' title='bbox 2214 5626 2317 5696; x_wconf 85' lang='lat' dir='ltr'><em>dis</em></span> <span class='ocrx_word' id='word_1_457' title='bbox 2380 5628 2639 5707; x_wconf 82' lang='lat' dir='ltr'><em>dextra,</em></span> <span class='ocrx_word' id='word_1_458' title='bbox 2701 5637 2765 5697; x_wconf 88' lang='lat' dir='ltr'><em>et</em></span> <span class='ocrx_word' id='word_1_459' title='bbox 2822 5635 3064 5704; x_wconf 71' lang='lat' dir='ltr'><em>trmisit</em></span> <span class='ocrx_word' id='word_1_460' title='bbox 3104 5659 3227 5727; x_wconf 85' lang='lat' dir='ltr'><em>per</em></span> <span class='ocrx_word' id='word_1_461' title='bbox 3265 5636 3570 5706; x_wconf 88' lang='lat' dir='ltr'><em>medium</em></span> <span class='ocrx_word' id='word_1_462' title='bbox 3609 5636 3761 5705; x_wconf 80' lang='lat' dir='ltr'><em>lun-</em></span> 
     </span>
    </p>
   </div>
  </div>
 </body>
</html>
