4919 6371
588 394 715 460 398

586 569 641 632 si
710 570 926 653 potest
992 558 1325 627 abscindit
1377 582 1392 626 ε
1452 559 1614 649 quia
1677 560 1947 627 videtur
2010 561 2130 634 eis,

585 670 761 761 quod
794 691 928 735 non
959 675 1238 756 possunt
1270 668 1498 757 juvari
1549 670 1677 735 nisi
1717 692 1839 759 per
1868 667 2138 734 incisio-

586 801 767 845 nem.

670 884 822 951 Alia
852 894 1075 953 autem
1107 885 1358 976 duplex
1394 880 1727 973 aegritudo
1759 881 1981 969 porcis
2028 901 2134 945 ac-

583 992 744 1059 cidit
762 992 1176 1085 frequentius
1212 1017 1226 1059 :
1259 999 1326 1059 et
1354 990 1498 1057 haec
1521 988 1771 1079 duplex
1800 987 2130 1077 aegritudo

580 1100 871 1188 [rar-etin
919 1103 989 1168 in
1029 1098 1321 1166 Arabico
1359 1106 1669 1163 vocatur.
1705 1095 1856 1162 [na
1903 1103 2130 1161 autem

585 1207 824 1276 harum
865 1206 1345 1298 aegritudinum
1393 1214 1494 1271 est
1523 1203 1723 1271 dolor
1764 1212 1829 1271 et
1867 1202 2133 1293 ponde-

587 1317 825 1384 rositas
870 1315 1103 1402 capitis
1159 1315 1303 1379 sive
1350 1313 1684 1380 scotomia
1719 1318 1835 1398 :et
1875 1332 1958 1376 ex
2004 1306 2130 1376 hac

590 1424 875 1490 moritur
935 1421 1153 1509 major
1208 1445 1364 1511 pars
1419 1443 1812 1512 porcorum,
1854 1426 2132 1508 propter

587 1529 1180 1619 congregationem
1269 1529 1643 1597 multorum
1727 1524 2129 1616 frigidorum

589 1634 954 1704 humorum
986 1637 1054 1703 in
1093 1637 1338 1727 capite.

676 1742 825 1810 Alia
876 1752 1103 1812 autem
1160 1745 1522 1811 infirmitas
1561 1750 1662 1809 est
1699 1741 1925 1807 fluxus
1962 1760 2128 1804 ven-

583 1850 703 1917 tris
766 1874 850 1919 cx
913 1850 1198 1918 humore
1257 1850 1535 1917 radente
1602 1847 1943 1924 intestina,
2014 1844 2177 1912 aut'

581 1961 782 2026 etiam
812 1960 990 2050 quod
1023 1959 1247 2024 verius
1276 1966 1400 2032 est,
1437 1980 1520 2024 ex
1551 1955 1744 2023 fluxu
1783 1954 2128 2022 lienterico

579 2089 662 2135 ex
692 2066 902 2134 multa
949 2069 1285 2132 viscerum
1337 2062 1864 2155 infrigidatione.
1907 2061 1991 2128 Et
2030 2069 2130 2128 est

576 2175 808 2265 opinio
844 2181 1193 2265 pastorum
1241 2171 1427 2241 hunc
1473 2169 1782 2239 dolorem
1831 2192 1969 2237 non
2000 2169 2129 2238 ha-

575 2281 731 2350 bere
772 2282 1170 2349 remedium.
1219 2280 1416 2347 Forte
1465 2287 1693 2347 autem
1742 2278 1999 2346 valeret
2057 2278 2126 2344 in

578 2390 702 2457 ista
746 2390 983 2457 ultima
1030 2390 1423 2455 intirmitatc
1466 2388 1705 2453 vinum
1784 2394 2126 2476 receptum

576 2519 731 2566 cum
770 2496 968 2565 cibo:
1003 2495 1121 2563 sed
1169 2505 1400 2564 tamen
1450 2494 1738 2563 evadere
1779 2494 1864 2560 ab
1904 2517 1985 2563 ea
2026 2499 2127 2561 est

575 2625 805 2695 grave,
854 2604 1010 2694 quia
1050 2609 1415 2693 postquam
1466 2598 1857 2679 invaluerit,
1891 2623 1974 2669 ex
2021 2602 2124 2668 vi-

573 2711 663 2777 tio
694 2709 953 2799 hepatis
995 2710 1318 2777 inflantur
1346 2709 1531 2799 porci
1561 2709 1785 2784 valde,
1829 2717 1896 2776 et
1925 2709 2128 2776 inter·

573 2820 891 2886 ficiuntur
937 2819 1106 2885 infra
1154 2828 1291 2886 tres
1340 2818 1508 2885 dies.
1563 2816 1855 2896 Quando
1896 2827 2123 2885 autem

568 2929 828 3018 primus
882 2936 944 2993 et
990 2926 1330 2995 sccundus
1371 2926 1571 2994 dolor
1618 2928 1686 2994 in
1717 2927 1940 3017 porcis
2000 2948 2126 3016 ag-

567 3042 958 3125 gravantur,
991 3035 1233 3103 accidit
1265 3035 1364 3101 eis
1393 3056 1590 3102 casus
1621 3033 2116 3102 auricularum:

567 3151 634 3211 et
684 3144 737 3210 si
779 3143 960 3235 porci
1012 3151 1170 3212 sunt
1210 3144 1502 3236 pingues
1552 3149 1618 3211 et
1655 3141 1902 3235 grossi,
1926 3142 2124 3233 juvat

570 3276 687 3321 eos
744 3255 1101 3323 comedere
1147 3278 1368 3332 mora,
1427 3264 1495 3324 et
1548 3254 1748 3344 juvat
1792 3275 1911 3322 eos
1973 3251 2122 3321 bal·

571 3383 778 3429 neum
827 3383 1016 3453 aquae
1069 3361 1270 3429 valde
1319 3359 1580 3438 calidae,
1623 3360 1788 3453 quia
1841 3359 2121 3430 resolvit

572 3468 1066 3560 aliquantulum
1098 3470 1482 3548 materiam,
1533 3476 1601 3539 et
1629 3468 1816 3561 quod
1844 3468 2123 3537 minua-

562 3582 676 3644 tur
703 3577 799 3644 eis
825 3599 1001 3645 vena
1041 3598 1196 3668 qua·
1246 3584 1348 3646 est
1382 3575 1511 3644 sub
1541 3577 1776 3669 lingua
1811 3599 1828 3646 ε
1875 3583 1942 3645 et
1986 3574 2118 3645 hoc

563 3684 785 3777 magis
804 3684 981 3754 valet
1013 3686 1274 3755 caeteris
1312 3684 1691 3755 medicinis.

654 3792 887 3863 Porcis
948 3795 1152 3865 etiam
1200 3794 1430 3864 mollis
1483 3797 1707 3866 carnis
1772 3795 1889 3887 qui
1956 3804 2114 3864 sunt

563 3901 832 3971 castrati
885 3904 1290 3995 contingunt
1356 3903 1650 3995 pustula·
1686 3901 1759 3972 in
1797 3925 1991 3972 crure
2049 3911 2114 3973 et

562 4009 742 4080 collo
789 4019 857 4079 et
890 4010 1223 4103 spatulis:
1259 4019 1324 4080 et
1365 4034 1546 4103 saepe
1591 4019 1752 4080 sunt
1800 4011 1944 4080 istoe
1981 4035 2116 4103 pu-

562 4120 756 4189 stulae
791 4116 918 4188 sub
958 4120 1190 4210 lingua
1230 4129 1298 4189 et
1344 4118 1473 4188 sub
1528 4120 1822 4200 ascellis,
1864 4127 1931 4189 et
1985 4143 2115 4189 vo-

565 4232 803 4293 cantur
839 4224 1093 4319 leprosi
1117 4223 1287 4293 tales
1323 4225 1515 4316 porci
1548 4247 1566 4293 z
1601 4232 1669 4294 et
1697 4225 1972 4318 quando
2001 4249 2115 4295 ex·

559 4331 921 4402 trahuntur
972 4332 1092 4424 pili
1156 4340 1224 4402 et
1282 4356 1449 4403 serae
1502 4332 1825 4403 radicitus
1862 4334 2107 4414 evulsi,

562 4439 862 4510 adhaeret
898 4441 1053 4532 pilis
1091 4440 1344 4512 humor
1370 4441 1567 4511 albus
1604 4449 1959 4522 ventosus,
1991 4442 2109 4535 qui

558 4549 764 4617 etiam
792 4548 1197 4639 exprimitur
1222 4547 1306 4618 de
1353 4573 1562 4641 porco
1622 4549 1804 4619 unde
1832 4549 2110 4619 evulsus

554 4664 654 4723 est
682 4653 967 4746 capillus
994 4654 1139 4724 sive
1181 4664 1349 4725 seta.
1384 4655 1471 4725 Et
1508 4664 1748 4728 contra
1785 4654 1964 4727 hanc
2000 4658 2112 4726 in-

556 4763 945 4832 firmitatem
981 4762 1163 4835 valet
1201 4764 1262 4832 ei
1312 4786 1607 4856 granum
1635 4764 1823 4857 quod
1861 4765 2110 4835 dicitur

553 4871 700 4961 lyki
720 4872 864 4940 sive
902 4870 1211 4964 glandes,
1247 4895 1399 4965 quae
1428 4881 1591 4943 sunt
1619 4873 1813 4944 cibus
1849 4897 2109 4943 conve-

551 4977 846 5047 nientior
870 4979 1115 5069 porcis.
1154 4979 1594 5050 Conveniunt
1637 4990 1866 5051 autem
1897 4986 2104 5053 etiam

551 5084 648 5152 eis
685 5085 932 5153 ciceres
994 5092 1062 5154 et
1106 5085 1302 5155 licus.
1346 5085 1681 5157 Similiter
1724 5097 1954 5159 autem
2004 5091 2105 5159 di·

551 5191 767 5260 cendo
793 5191 977 5263 valet
1011 5193 1202 5262 cibus
1231 5196 1655 5286 compositus
1696 5203 1766 5265 et
1794 5196 2104 5267 diversus

547 5299 772 5390 porcis
813 5308 882 5369 et
909 5300 1058 5369 aliis
1103 5301 1541 5372 animalibus.
1575 5300 1874 5383 Quidam
1917 5307 2102 5375 enim

547 5403 681 5474 cibi
709 5415 866 5475 sunt
891 5408 1205 5488 intlativi,
1238 5416 1306 5479 et
1344 5408 1624 5502 quidam
1661 5410 1913 5496 carnis,
1944 5413 2105 5505 qui-

549 5512 705 5582 dam
743 5523 972 5585 autem
1002 5517 1439 5610 pinguedinis
1484 5519 1893 5613 generativi,
1926 5543 2100 5613 quos

545 5630 812 5716 oportet
883 5623 1264 5695 discernere
1349 5636 1697 5720 pastorem
1770 5628 2093 5722 peritum.

546 5729 684 5802 Sed
720 5730 852 5802 hoc
902 5731 1221 5825 generale
1258 5743 1387 5815 est,
1448 5736 1636 5828 quod
1670 5736 1862 5829 porci
1908 5735 2100 5809 dele-

1577 386 1662 456 D.
1714 387 1912 456 ALB.
1967 386 2187 457 MAG.

2241 386 2450 456 ORD.
2507 387 2805 456 PRAED.

2241 566 2511 626 ctantur
2558 561 2628 626 in
2679 562 3092 627 comestione
3136 557 3424 648 glandis,
3475 565 3536 623 ct
3595 581 3675 624 cx
3715 581 3793 624 ea

2242 674 2610 753 generatur
2647 689 2804 732 caro
2862 665 3103 743 solida,
3149 665 3295 732 licet
3351 665 3591 730 saciant
3641 687 3797 731 car-

2242 796 2400 840 nem
2431 774 2933 864 aliquantulum
2966 773 3315 841 humidam
3362 799 3376 841 :
3422 781 3485 839 et
3520 772 3791 863 quando

2239 904 2465 971 porcae
2536 882 2828 951 multum
2895 882 3307 949 comederint
3372 882 3454 948 de
3520 881 3786 970 glande,

2238 989 2410 1059 forte
2468 991 2834 1071 abortient‚
2867 995 3039 1060 sicut
3104 999 3170 1059 et
3224 1014 3385 1058 oves
3425 989 3789 1079 aliquando

2240 1096 2592 1167 abortiunt
2621 1122 2707 1167 ex
2748 1108 2971 1190 pastu.
3015 1097 3316 1166 Pustula»
3381 1106 3606 1164 autem
3646 1096 3791 1164 ele-

2236 1204 2575 1295 phanticae
2625 1206 2708 1275 de
2748 1205 2994 1297 quibus
3041 1206 3293 1273 dictum
3341 1213 3465 1282 est,
3501 1227 3634 1270 non
3675 1226 3792 1271 ac-

2237 1311 2474 1379 cidunt
2512 1314 2691 1382 inter
2719 1312 3181 1404 quadrupedia
3213 1313 3338 1379 nisi
3381 1312 3623 1401 porcis.

2325 1420 2639 1510 Amplius
2667 1432 2896 1490 autem
2926 1421 3208 1490 canibus
3253 1421 3457 1488 etiam
3497 1425 3563 1485 et
3609 1417 3786 1506 lupis

2237 1523 2555 1592 similiter
2600 1526 2914 1593 accidunt
2971 1524 3279 1615 quaedam
3337 1522 3787 1603 intirmitateS‚

2237 1630 2457 1700 rabies
2496 1631 2752 1702 scilicet
2782 1657 2987 1725 quam
3019 1632 3294 1724 quidam
3323 1631 3650 1697 caniciem
3689 1630 3788 1694 si-

2237 1763 2322 1808 ve
2377 1741 2704 1810 caninam
2764 1742 3104 1809 insaniam
3146 1747 3416 1816 vocant,
3471 1746 3534 1806 et
3598 1736 3792 1828 squi-

2236 1848 2497 1927 nantia,
2542 1859 2609 1917 et
2639 1849 2942 1940 podagra
2977 1854 3254 1938 propter
3290 1869 3495 1937 quam
3551 1845 3785 1911 incur-

2237 1965 2486 2024 vantur
2547 1958 2636 2026 ad
2700 1967 2890 2026 extra
2944 1956 3149 2048 pedes
3204 1978 3462 2023 eorum.
3527 1952 3781 2021 (anina

2235 2073 2465 2134 autem
2507 2064 2727 2135 rabies
2780 2074 3082 2135 mutatur
3136 2067 3205 2132 in
3254 2064 3586 2131 insaniam
3644 2062 3786 2129 dae-

2236 2176 2623 2243 moniacam
2670 2196 2686 2243 :
2731 2184 2797 2244 et
2852 2184 2952 2244 est
3019 2175 3145 2241 ista
3210 2170 3563 2239 infirmitas
3625 2193 3779 2237 cum

2233 2305 2502 2351 veneno
2551 2283 2740 2374 quod
2786 2284 2854 2350 in
2900 2281 3187 2350 humore
3217 2280 3519 2348 dentium
3561 2286 3786 2344 trans-

2233 2391 2542 2461 funditur
2571 2394 2640 2461 in
2671 2393 2956 2461 vulnera
3003 2412 3238 2458 corum
3297 2389 3412 2479 qui
3463 2388 3788 2454 morden-

2233 2506 2347 2567 tur
2376 2521 2417 2567 a
2470 2523 2639 2569 cane
2699 2498 2932 2569 rabido
2968 2521 2984 2566 :
3020 2506 3297 2589 propter
3360 2493 3543 2587 quod
3580 2494 3782 2562 etiam

2236 2609 2471 2678 omnia
2501 2608 2823 2677 animalia
2872 2630 3100 2676 morsa
3145 2629 3184 2672 a
3218 2627 3380 2673 cane
3413 2603 3644 2670 rabido
3675 2602 3786 2669 fu-

2233 2719 2418 2784 riunt
2445 2725 2512 2784 et
2551 2717 2940 2785 moriuntur
2965 2722 3211 2805 pra-ter
3258 2710 3630 2784 hominem,
3666 2709 3781 2799 qui

2232 2847 2355 2917 per
2390 2823 2805 2892 medicinam
2863 2823 3108 2914 poterit
3139 2819 3363 2909 juvari
3399 2841 3415 2885 2
3452 2816 3642 2884 multi
3688 2826 3783 2882 ta-

2230 2956 2388 3001 men
2420 2955 2505 3001 ex
2543 2931 2938 3000 hominibus
2968 2930 3371 2997 moriuntur.
3403 2925 3556 2991 Jam
3598 2923 3778 2991 enim

2231 3041 2370 3109 vidi
2402 3063 2714 3109 morsum
2745 3062 2784 3107 a
2811 3061 2978 3108 eane
3010 3034 3243 3105 rabido
3277 3036 3342 3101 in
3370 3030 3720 3099 brachium
3756 3053 3772 3097 τ

2229 3158 2296 3219 et
2341 3171 2524 3219 anno
2582 3148 2989 3218 duodecimo
3047 3152 3199 3237 post
3266 3142 3514 3232 incepit
3563 3140 3780 3207 intlari

2227 3258 2418 3326 locus
2456 3257 2813 3335 cicatricis,
2847 3265 2912 3324 et
2943 3263 3253 3321 mortuus
3282 3260 3381 3318 est
3416 3250 3586 3316 infra
3614 3248 3783 3314 duos

2228 3368 2394 3434 dies.
2443 3366 2856 3457 Squinantia
2908 3373 3136 3432 autem
3188 3362 3430 3429 canina
3469 3357 3783 3424 interlicit

2225 3497 2427 3544 canes
2501 3474 2678 3543 infra
2716 3474 2891 3544 duos
2945 3481 3063 3540 aut
3131 3479 3262 3538 tres
3318 3478 3436 3535 aut
3489 3474 3781 3557 quatuor

2225 3585 2371 3653 dies
2414 3608 2431 3653 ε
2475 3592 2542 3653 et
2580 3584 2973 3675 paucissimi
3021 3601 3267 3649 canum
3314 3574 3608 3645 evadunt
3657 3597 3783 3664 po·

2223 3691 2507 3783 dagram
2538 3690 2853 3758 calidam.
2888 3687 3135 3755 Rabies
3165 3693 3391 3752 autem
3445 3704 3579 3748 non
3611 3680 3776 3746 solis

2223 3799 2465 3868 accidit
2508 3798 2818 3880 canibus,
2860 3796 2975 3868 sed
3036 3795 3241 3863 etiam
3270 3790 3568 3859 camelis.
3617 3788 3777 3854 Ele-

2223 3907 2594 4001 phantibus
2632 3917 2861 3976 autem
2901 3914 3099 3974 nocet
3136 3911 3377 3972 ventus
3424 3901 3563 3967 sive
3615 3921 3777 3966 ven·

2222 4025 2370 4084 tosa
2401 4015 2820 4084 infirmitatis
2854 4038 2871 4083 ε
2903 4024 2970 4083 et
2998 4012 3200 4101 hujus
3237 4034 3442 4079 causa
3470 4008 3773 4098 aliquan·

2221 4124 2309 4192 do
2358 4147 2496 4192 non
2523 4130 2811 4215 possunt
2861 4124 3164 4212 mingere
3213 4142 3431 4210 neque
3471 4138 3767 4206 egerere.

2216 4231 2425 4299 Terra
2451 4239 2684 4299 autem
2725 4238 2923 4299 nocet
2969 4230 3058 4305 ei,
3095 4228 3219 4294 nisi
3253 4225 3449 4293 fuerit
3483 4223 3771 4290 multum

2218 4338 2511 4406 usitatus
2538 4336 2897 4406 comedere
2934 4334 3156 4403 lutum
3202 4342 3268 4400 ct
3312 4332 3589 4422 lapidi-s.
3624 4330 3776 4396 Ati-

2219 4443 2497 4537 quando
2543 4446 2752 4514 etiam
2781 4444 3036 4536 patitur
3074 4444 3332 4509 tluxum
3387 4439 3664 4505 ventris.
3706 4446 3775 4503 et

2220 4552 2598 4622 medicatur
2627 4554 2689 4622 ei
2720 4577 2844 4646 per
2878 4575 3126 4644 aquam
3157 4548 3444 4617 calidam
3485 4555 3548 4612 et
3609 4545 3772 4612 licr-

2218 4662 2342 4731 bas
2371 4685 2542 4755 quas
2576 4663 2801 4731 hassis
2836 4670 3085 4730 vocant
3121 4656 3388 4726 medici.

2308 4769 2551 4838 Vaccis
2643 4777 2872 4837 autem
2948 4765 3260 4836 accidunt
3345 4762 3769 4830 infirmitates

2219 4878 2398 4957 duae,
2477 4878 2784 4969 podagra
2853 4874 3190 4950 videlicet,
3258 4881 3324 4941 ct
3379 4870 3764 4948 croclnaros‚

2222 4985 2408 5079 quod
2447 4995 2547 5055 est
2588 4985 2788 5054 dolor
2821 4984 3060 5075 capitis
3090 4981 3396 5049 Arabice.
3432 4980 3602 5045 Cum
3632 5000 3770 5055 au-

2215 5106 2356 5163 tem
2408 5092 2665 5161 habent
2741 5091 3138 5183 podagram,
3217 5088 3770 5176 constringuntur

2214 5204 2313 5272 eis
2353 5201 2585 5293 pedes,
2617 5223 2843 5291 neque
2891 5202 3120 5269 statim
3149 5203 3425 5289 propter
3467 5193 3597 5263 hoc
3634 5194 3768 5282 eji-

2214 5312 2400 5380 ciunt
2458 5309 2995 5393 ungulam28ed
3061 5312 3116 5376 si
3186 5309 3605 5383 iniminuitur
3668 5302 3763 5368 eis

2212 5439 2470 5487 cornua
2509 5414 2664 5484 oleo
2694 5416 2912 5485 mixto
2941 5437 3098 5484 cum
3129 5433 3281 5481 cera
3318 5417 3381 5478 ct
3431 5413 3601 5500 pice,
3634 5407 3764 5474 ali-

2212 5523 2489 5616 quando
2554 5533 2906 5602 sanantur,
2948 5522 3109 5614 quia
3172 5517 3472 5610 podagra
3526 5536 3759 5584 earum

2210 5649 2352 5698 non
2387 5635 2494 5697 est
2520 5628 2739 5697 fortis.
2782 5626 2954 5695 Cum
2984 5632 3213 5694 autem
3241 5621 3484 5691 accidit
3521 5620 3616 5687 cis
3645 5618 3763 5687 do-

2209 5737 2318 5807 lor
2342 5738 2607 5830 capim,
2642 5758 2848 5831 quem
2877 5735 3114 5806 dicunt
3146 5733 3526 5810 eructem-os,
3556 5727 3760 5797 velie·
