4919 6371
2051 390 2219 456 LIB.
2272 388 2302 453 I
2349 387 2469 454 DE
2514 327 3103 468 AffiMALIBUS,

1203 564 1361 632 dam
1430 562 1780 632 fluminea,
1841 562 1906 620 et
1971 552 2278 642 quaedam
2335 560 2641 644 stagnea,
2685 561 2749 619 ct

1204 670 1515 762 quaedam
1554 661 1906 753 paludosa,
1950 660 2121 727 sicut
2152 683 2336 739 rana,
2391 669 2456 728 et
2499 658 2748 727 animal

1211 775 1398 868 quod
1425 792 1644 864 graeco
1699 769 1975 837 nomine
2032 771 2421 858 carcoquios
2479 766 2748 851 dicitur,

1213 891 1282 951 et
1319 888 1425 948 est
1477 875 1821 969 quoddam
1877 897 2093 965 genus
2134 873 2489 941 ranunculi
2528 894 2755 941 coenu-

1213 988 1475 1056 lentum
1506 985 1576 1052 in
1623 984 1850 1063 dorso,
1910 981 2167 1050 habens
2198 983 2266 1048 in
2304 989 2541 1049 ventre
2600 1002 2756 1048 cro-

1202 1117 1357 1163 ceas
1409 1090 1735 1170 maculas,
1789 1099 1856 1159 et
1902 1113 2042 1158 non
2098 1089 2364 1168 clamat,
2417 1089 2549 1156 nisi
2595 1093 2750 1177 post

1201 1210 1515 1292 quartam
1570 1198 1813 1267 horam
1863 1198 1994 1266 diei
2045 1197 2316 1288 quando
2346 1195 2449 1263 sol
2488 1202 2591 1262 est
2625 1193 2752 1260 fer-

1202 1307 1429 1375 vidus.
2111 1363 2114 1366 ,
2398 1298 2401 1301 ’

1165 1457 1176 1466 -
1292 1410 1485 1479 Sicut
1567 1412 1753 1477 enim
1840 1406 2135 1473 diximus
2201 1404 2283 1472 de
2340 1403 2749 1470 animalibus

1197 1517 1557 1609 aquaticis,
1615 1513 1801 1605 quod
1856 1510 2176 1580 differunt
2223 1512 2292 1577 in
2359 1509 2748 1600 recipiendo

1196 1647 1447 1716 aquam
1477 1624 1548 1690 in
1572 1622 1974 1690 intrinsecus
2004 1622 2110 1690 sui
2138 1643 2154 1687 ε
2197 1621 2292 1688 sic
2330 1620 2539 1687 etiam
2564 1617 2752 1685 difle-

1193 1738 1354 1800 runt
1371 1729 1697 1798 animalia
1716 1729 2033 1819 agrestia.
2060 1725 2398 1805 Quoniam
2423 1723 2739 1815 quaedam

1196 1841 1534 1930 recipiunt
1565 1858 1791 1906 aerem
1838 1839 1910 1904 in
1963 1836 2366 1904 intrinsecus
2397 1834 2535 1912 sui,
2574 1832 2750 1900 sicut

1197 1943 1316 2012 illa
1363 1967 1515 2034 quae
1554 1949 1885 2012 vocantur
1935 1940 2359 2019 anhelantia,
2402 1940 2577 2007 sicut
2614 1936 2748 2005 ho-

1198 2074 1341 2131 mo,
1377 2061 1444 2120 et
1468 2053 1703 2119 omnia
1731 2050 2024 2141 agrestia
2051 2047 2448 2139 pulmonem
2482 2045 2746 2114 haben-

1201 2161 1316 2238 tia,
1352 2161 1515 2250 quia
1550 2158 1787 2250 pulmo
1819 2156 1905 2225 ad
1943 2155 2072 2225 hoc
2108 2162 2370 2225 creatus
2418 2162 2520 2224 est
2558 2160 2633 2221 ut
2661 2155 2748 2220 sit

1195 2267 1654 2336 ventilabrum
1684 2264 1904 2335 cordis
1926 2264 2011 2332 ad
2047 2264 2473 2355 refrigerium
2521 2270 2749 2353 pecto-

1197 2375 1289 2441 ris
1326 2381 1396 2442 et
1454 2373 1703 2443 cordis.
1766 2372 1853 2440 Et
1891 2370 2235 2463 quoddam
2288 2368 2542 2437 animal
2598 2390 2740 2436 non

1197 2482 1431 2570 recipit
1478 2502 1704 2548 aerem
1748 2500 1870 2570 per
1922 2500 2167 2568 porum
2210 2477 2644 2545 manifestum
2675 2476 2744 2542 in

1195 2585 1607 2654 intrinsecus
1652 2584 1784 2664 sui,
1848 2583 2003 2651 licet
2047 2583 2325 2673 recipiat
2371 2582 2599 2673 ipsum
2626 2604 2748 2671 per

1197 2713 1406 2783 poros
1435 2689 1768 2770 occultos,
1827 2711 1982 2757 cum
2038 2696 2265 2756 tamen
2319 2688 2467 2755 vita
2499 2709 2626 2754 sua
2679 2694 2747 2754 et

1202 2799 1700 2868 nutrimentum
1764 2798 1900 2866 sint
1953 2818 2160 2887 super
2228 2804 2505 2875 terram,
2571 2796 2746 2863 sicut

1200 2929 1386 2999 apes,
1448 2914 1517 2976 et
1550 2926 1809 2997 vespas,
1857 2913 1927 2973 et
1950 2903 2083 2973 alia
2121 2903 2442 2972 animalia
2496 2925 2746 2995 rugosa

1198 3015 1532 3083 volantia.
1583 3013 1739 3082 Non
1777 3020 2003 3081 autem
2069 3020 2350 3080 vocatur
2387 3034 2742 3103 myos-um,

1200 3123 1335 3193 nisi
1368 3122 1560 3216 quod
1572 3121 1792 3211 ‚habet
1821 3144 2021 3215 rugas
2051 3121 2459 3191 annulorum
2491 3124 2561 3191 in
2593 3145 2751 3192 cor-

1199 3253 1365 3322 pore
1421 3252 1549 3300 suo
1627 3232 1926 3299 anterius
1987 3228 2094 3298 vel
2156 3232 2517 3321 posterius.
2586 3229 2749 3299 Haec

1199 3337 1384 3407 enim
1413 3337 1546 3405 nisi
1581 3337 1660 3405 in
1691 3336 1876 3427 poris
1912 3358 2239 3427 rugarum
2276 3358 2557 3405 suarum
2586 3339 2752 3405 reci-

1195 3453 1439 3537 perent
1472 3465 1725 3522 aerem,
1762 3465 1902 3512 non
1944 3450 2268 3512 sonarent
2309 3441 2638 3523 volantia,
2680 3451 2750 3513 et

1198 3560 1398 3645 capta
1434 3551 1709 3644 quando
1758 3550 1932 3619 inter
1971 3571 2216 3619 manus
2272 3558 2640 3619 tenentur:
2681 3558 2747 3620 et

1202 3659 1335 3729 ista
1382 3667 1546 3729 sunt
1602 3659 1699 3728 ita
1759 3659 2077 3750 agrestia,
2135 3657 2319 3750 quod
2365 3680 2745 3750 numquam

1202 3774 1493 3859 possunt
1534 3766 1766 3834 vivere
1821 3773 1939 3833 aut
1980 3764 2222 3833 nutriri
2271 3766 2340 3833 in
2388 3788 2589 3856 aqua.
2650 3765 2748 3835 Ea

1204 3894 1359 3966 quae
1385 3873 1684 3942 diximus
1708 3871 2017 3961 superius
2045 3892 2197 3962 quae
2224 3869 2478 3940 habent
2504 3873 2743 3952 vitam,

1204 3983 1724 4059 nutrimentum,
1757 3987 1823 4048 et
1850 3981 2277 4048 mansionem
2316 3979 2386 4047 in
2416 4001 2620 4071 aqua,
2653 3982 2748 4049 ita

1200 4097 1360 4159 sunt
1386 4087 1725 4181 aquatica,
1759 4086 1940 4180 quod
1960 4087 2293 4178 recipiunt
2320 4109 2570 4179 aquam
2595 4110 2750 4157 ma·

1202 4198 1299 4266 ris
1325 4199 1393 4265 iu
1425 4196 1831 4265 intrinsecus
1868 4195 1999 4275 sui,
2041 4201 2109 4264 et
2155 4216 2530 4286 numquam
2575 4195 2749 4264 fiunt

1058 4379 1066 4386 ,
1200 4303 1520 4395 agrestia.

1286 4408 1375 4477 Et
1391 4415 1554 4477 sunt
1573 4406 1884 4501 quaedam
1902 4407 2097 4499 quasi
2125 4405 2349 4475 media
2378 4407 2557 4475 iuter
2572 4406 2741 4488 haec,

1189 4506 1355 4608 quae
1392 4512 1687 4608 *quidem
1749 4515 1975 4606 primo
2030 4515 2280 4582 vivunt
2336 4514 2406 4581 in
2461 4536 2637 4606 aqua
2676 4522 2748 4584 et

1197 4630 1488 4714 pereunt
1524 4631 1739 4700 extra,
1770 4629 1837 4690 et
1866 4619 2108 4689 deinde
2137 4629 2491 4689 mutantur
2516 4621 2587 4689 in
2615 4622 2749 4690 sor-

1201 4752 1317 4799 ma
1343 4737 1415 4798 et
1439 4729 1684 4820 ligura,
1716 4736 1784 4796 et
1808 4735 1971 4797 tunc
2006 4729 2248 4796 vivunt
2276 4735 2468 4797 extra
2495 4751 2743 4819 aquam

1200 4835 1274 4903 in
1300 4841 1506 4915 terra,
1546 4836 1721 4903 sicut
1770 4832 2024 4902 animal
2075 4831 2260 4924 quod
2304 4833 2528 4923 primo
2579 4832 2744 4902 dum

1196 4949 1567 5037 generatur
1623 4943 1695 5010 in
1752 4963 1931 5033 aqua
1969 4939 2199 5009 Groece
2253 4949 2538 5008 vocatur
2589 4964 2747 5009 am-

1200 5051 1453 5131 bidem
1479 5051 1676 5140 cujus
1698 5049 1918 5118 forma
1953 5056 2279 5129 mutatur,
2332 5057 2400 5117 et
2432 5047 2512 5116 fit
2540 5071 2626 5118 ex
2663 5072 2744 5120 eo

1195 5157 1452 5226 animal
1506 5154 1692 5249 quod
1743 5163 2032 5223 vocatur
2090 5178 2385 5236 ascaros,
2446 5162 2515 5224 et
2584 5165 2746 5226 tunc

1196 5264 1546 5356 egreditur
1592 5262 1675 5332 de
1731 5261 2015 5330 ssumine
2062 5269 2131 5330 et
2186 5264 2358 5331 vivit
2410 5263 2483 5330 in
2535 5270 2740 5332 terra.

1190 5369 1405 5462 Apud
1428 5392 1558 5442 nos
1586 5377 1813 5439 autem
1834 5375 1938 5438 est
1964 5368 2218 5437 animal
2246 5368 2429 5460 quod
2449 5369 2521 5437 in
2549 5372 2745 5462 aquis

1195 5478 1423 5569 primo
1451 5485 1817 5569 generatur
1850 5499 1939 5547 ex
1966 5477 2116 5546 ovis
2143 5497 2462 5544 ranarum
2491 5499 2743 5570 magno

1201 5583 1425 5674 capite
1463 5588 1532 5651 et
1557 5580 1767 5672 longa
1807 5581 2049 5663 cauda,
2080 5580 2267 5674 quod
2317 5603 2578 5674 pennas
2613 5580 2746 5651 ha-

1202 5689 1357 5771 bet,
1382 5691 1579 5782 cujus
1642 5688 1857 5759 cauda
1898 5690 2166 5771 decidit,
2221 5699 2287 5759 et
2332 5701 2748 5782 generantur

3152 386 3457 455 TRACT.
3514 386 3540 453 1
4377 373 4417 461 ’9

2867 553 2928 619 ei
2970 561 3265 643 quatuor
3318 552 3546 643 pedeS,
3593 558 3659 618 et
3715 558 3876 617 tunc
3933 550 4303 641 egreditur,
4356 562 4424 621 et

2862 661 2939 726 sit
2977 683 3141 728 rana
3168 663 3475 753 agrestia,
3513 667 3580 728 et
3615 665 3983 747 autequam
4014 658 4264 727 habeat
4291 683 4420 750 pe-

2862 764 2980 832 des
3009 769 3321 845 moritur,
3357 766 3630 858 quando
3672 764 4050 832 extrahitur
4087 766 4170 834 de
4209 788 4412 857 aqua.

2952 868 3050 934 Ex
3092 868 3199 937 his
3230 879 3457 939 autem
3497 871 3710 939 altera
3757 868 4159 937 animalium
4203 872 4420 938 oritur

2862 974 3290 1044 differentia:
3345 981 3674 1068 quoniam
3729 975 4041 1068 quaedam
4091 985 4251 1044 sunt
4279 977 4418 1046 fixa

2859 1087 3207 1153 manentia
3239 1086 3308 1152 in
3366 1085 3586 1153 forma
3642 1109 3782 1153 una
3831 1094 3897 1155 et
3945 1085 4190 1177 figura,
4240 1086 4420 1153 sicut

2860 1190 3095 1273 homo,
3132 1202 3199 1260 et
3235 1215 3473 1283 equuS,
3518 1199 3586 1259 et
3611 1200 3855 1261 caetera
3893 1191 4217 1260 animalia
4255 1215 4420 1282 per-

2860 1299 3030 1367 fecta
3068 1324 3083 1368 :
3118 1301 3429 1391 quaedam
3470 1307 3630 1368 sunt
3676 1300 3959 1368 mobilia
4016 1324 4056 1368 a
4093 1300 4315 1369 forma
4345 1302 4415 1368 in

2862 1404 3181 1485 formam,
3234 1415 3308 1475 ut
3364 1427 3524 1474 rana
3565 1407 3904 1496 aquatica,
3970 1406 4056 1474 de
4097 1428 4232 1496 qua
4269 1407 4415 1495 jam

2859 1512 3115 1580 dictum
3148 1523 3270 1594 est,
3307 1523 3372 1582 et
3408 1515 3582 1582 sicut
3621 1536 3825 1582 eruca
3851 1536 4003 1604 quae
4037 1515 4261 1603 primo
4312 1522 4414 1582 est

2855 1621 3108 1687 vermis
3138 1621 3481 1712 multipeS,
3507 1630 3573 1690 et
3602 1631 3838 1711 postea
3859 1620 4201 1690 contrahit
4238 1643 4413 1705 sese,

2856 1732 2925 1794 et
2959 1727 3307 1815 putrescit,
3344 1734 3409 1794 et
3437 1734 3744 1793 mutatur
3787 1727 3857 1793 in
3887 1715 4238 1795 volatilem
4267 1747 4418 1795 ver-

2856 1854 3067 1912 mem,
3101 1831 3467 1901 habentem
3506 1831 3651 1901 alas
3691 1840 3758 1902 et
3787 1833 3996 1924 pedes
4041 1832 4315 1922 longos.

2942 1937 3188 2008 Adhuc
3217 1947 3443 2008 autem
3487 1941 3962 2030 aquaticorum
4010 1939 4308 2007 fixorum
4343 1939 4414 2007 in

2854 2046 3075 2114 forma
3113 2055 3179 2115 et
3229 2047 3470 2138 figura,
3513 2047 3828 2138 quaedam
3874 2070 4026 2139 quae
4072 2054 4232 2115 sunt
4261 2035 4416 2116 ma-

2855 2155 3488 2223 nentiaimmobilia
3526 2156 3903 2224 secundum
3944 2156 4201 2257 locum,
4239 2162 4312 2223 et
4333 2154 4417 2222 il-

2852 2260 2918 2328 la
2948 2282 3220 2330 necesse
3245 2269 3347 2330 est
3384 2284 3528 2330 esse
3559 2263 3630 2329 in
3662 2283 3863 2353 aqua,
3902 2262 3974 2329 in
4004 2252 4142 2352 qua
4171 2269 4416 2333 motus
4507 2348 4526 2357 ,

2853 2391 3048 2460 aquae
3068 2358 3478 2460 asportando
3492 2370 4018 2449 nutrimentum,
4034 2368 4284 2462 suplet
4272 2370 4421 2438 ani-

2852 2477 3053 2547 malis
3106 2478 3656 2548 immobilitatem
3717 2500 3734 2548 t
3783 2488 3850 2549 et
3887 2479 4041 2548 ideo
4065 2479 4409 2548 'animalia

2853 2588 3143 2677 agrestia
3163 2574 3304 2655 non
3318 2595 3607 2678 possunt
3615 2608 3764 2656 esse
3779 2586 4159 2655 immobilia
4173 2608 4416 2656 secun-

2853 2693 3018 2763 dum
3039 2695 3266 2765 locum
3285 2719 3300 2763 ε
3320 2698 3648 2789 quoniam
3666 2697 3739 2765 in
3762 2695 4046 2765 illoloco
4062 2718 4284 2787 neque
4296 2694 4420 2765 ha-

2846 2802 3008 2872 bent
3028 2804 3462 2873 continentiae
3490 2805 4020 2887 nutrimentum,
4041 2826 4266 2896 neque
4281 2802 4408 2872 ali-

2850 2914 3033 2984 unde
3052 2914 3546 2981 nutrimentum
3564 2920 3885 2981 movetur
3898 2919 4017 2981 aut
4034 2910 4404 2980 veheretur

2854 3011 2941 3091 ad
2969 3021 3140 3111 ipsa.
3167 3018 3495 3098 Quaedam
3532 3024 3764 3087 autem
3794 3016 4121 3087 animalia
4137 3017 4277 3086 fixa
4297 3039 4414 3086 se-

2853 3127 3151 3199 cundum
3172 3124 3399 3196 locum
3410 3127 3654 3195 vivunt
3674 3126 3746 3194 in
3759 3147 3940 3218 aqua
3959 3116 3976 3195 ¹:
3997 3126 4206 3218 petris
4225 3127 4412 3197 enim

2853 3234 3192 3327 applicata
3217 3234 3714 3302 nutrimentum
3746 3232 4031 3302 inundat
4058 3256 4264 3325 super
4291 3256 4397 3316 ea,

2851 3343 3026 3410 sicut
3063 3362 3314 3433 genera
3340 3340 3632 3408 Itali-sim
3662 3338 3894 3408 Graece
3937 3347 4208 3420 vocata,
4250 3345 4405 3432 quae

2850 3456 3012 3517 sunt
3047 3469 3298 3540 genera
3349 3454 3733 3516 ostreorum
3780 3454 3848 3516 et
3892 3444 4411 3539 conchyliorum

2850 3552 3338 3633 immobilium,
3379 3560 3447 3622 et
3473 3550 3821 3645 quoddam
3870 3574 4090 3643 genus
4126 3550 4408 3623 conchae

2850 3661 3033 3755 quod
3064 3659 3366 3730 nascitur
3388 3660 3460 3727 in
3489 3659 3802 3729 interiori
3831 3659 4141 3751 spongiae
4186 3645 4406 3730 mari-

2849 3789 2980 3848 noe,
3014 3775 3082 3836 et
3109 3789 3250 3835 non
3280 3774 3595 3835 movetur
3612 3765 3747 3835 nisi
3772 3789 3896 3857 per
3922 3764 4237 3835 accidens
4263 3781 4410 3836 mo-

2849 3881 2921 3943 tu
2957 3873 3289 3964 spongiae,
3321 3879 3389 3939 et
3414 3870 3674 3962 aliquid
3711 3869 4114 3960 hujusmodi
4137 3871 4410 3963 generis

2848 3978 3121 4048 videtur
3135 3976 3423 4061 concha,
3445 3998 3601 4071 quae
3626 3977 3936 4047 'iubeam
3959 3971 4275 4059 vocatur,
4295 3997 4416 4048 cu-

2840 4087 2959 4177 jus
2973 4087 3248 4177 signum
3279 4091 3406 4164 est,
3438 4082 3624 4176 quod
3672 4104 3817 4152 non
3853 4075 4207 4153 descendit
4243 4104 4410 4153 um-

2849 4213 3115 4285 quama
3155 4199 3348 4283 petra
3381 4190 3489 4259 cui
3535 4188 3940 4282 applicatur,
3975 4189 4108 4258 nisi
4148 4188 4411 4282 aliquid

2849 4305 3051 4389 cogat
3076 4298 3299 4390 ipsam
3315 4296 3688 4367 violenter:
3712 4305 3878 4367 tunc
3898 4297 4084 4367 enim
4106 4319 4231 4388 per
4244 4319 4410 4370 con·

2848 4406 3252 4476 tractionem
3282 4414 3351 4476 et
3367 4404 3868 4487 dilatationem,
3902 4407 4025 4497 qui
4047 4413 4282 4475 motus
4296 4413 4408 4477 est

2848 4514 3075 4582 omnis
3113 4511 3452 4594 animalis,
3502 4522 3797 4583 conatur
3835 4512 4059 4583 redire
4081 4511 4176 4582 ad
4201 4511 4405 4606 ‘lapi-

2848 4619 3005 4688 dem
3039 4620 3256 4689 :sicut
3285 4619 3720 4710 exinaperato
3749 4619 4074 4712 frangunt
4108 4626 4178 4689 et
4203 4639 4411 4712 sepa-

2845 4735 3000 4796 rant
3023 4749 3177 4795 eam
3199 4749 3239 4796 a
3257 4725 3481 4818 lapide
3497 4726 4176 4818 experimentatores.
4178 4724 4409 4806 Que-

2846 4834 3006 4903 dam
3047 4841 3277 4903 autem
3329 4832 3651 4903 animalia
3716 4841 3876 4903 sunt
3913 4833 4252 4926 applicata
4314 4832 4406 4903 ad

2844 4952 3110 5036 petram
3140 4942 3534 5034 aliquando,
3570 4943 3693 5012 sed
3717 4939 4124 5034 separantur
4144 4939 4273 5009 ab
4251 4963 4406 5034 ipsa
4523 5006 4531 5013 .

2849 5051 3125 5144 quando
3155 5058 3465 5143 quarunt
3501 5059 3573 5120 et
3629 5058 3974 5121 venantur
4022 5051 4406 5121 nutrimen·

2845 5168 3025 5239 tum,
3068 5159 3244 5228 sicut
3288 5179 3504 5249 genus
3553 5156 3855 5238 halizim,
3902 5158 4054 5227 sive
4100 5155 4402 5249 conchy-

2844 5266 3019 5335 lium
3051 5266 3239 5358 quod
3264 5274 3550 5336 vocatur
3582 5265 3815 5336 Graece
3863 5263 4296 5346 alathurct'ae,
4335 5275 4405 5337 et

2847 5379 3007 5442 sunt
3042 5371 3321 5441 conchoe
3356 5372 3581 5465 longae
3608 5373 3961 5465 apertione
4014 5380 4086 5442 et
4123 5378 4404 5442 contra·

2846 5483 3071 5550 ctione
3118 5478 3534 5549 concharum
3580 5503 3654 5550 se
3684 5487 4073 5566 moventes,
4113 5486 4183 5548 et
4243 5488 4403 5570 post

2842 5595 3118 5679 pastum
3166 5585 3252 5654 ad
3316 5583 3579 5678 petram
3593 5619 3614 5634 r
3629 5592 4088 5666 revertentes,
4118 5593 4402 5677 propter

2841 5692 3200 5763 vitandum
3227 5694 3559 5784 impetum
3586 5689 3930 5762 fluctuum
3950 5692 4220 5761 maris.·
4263 5709 4288 5736 ‘-
4327 5713 4356 5750 ·:
