4919 6371
613 377 738 443 388

606 544 807 610 maris
839 542 1140 627 Koycom
1175 537 1313 601 sive
1335 533 1798 625 Bosphorum,
1835 540 1894 598 et
1929 530 2163 617 depre-

602 649 995 716 henduntur
1026 644 1094 709 in
1129 644 1298 709 mari
1334 642 1689 709 liauseon.
1727 639 1802 705 ln
1844 637 1947 704 his
1981 635 2162 701 enim

605 751 898 841 piscibus
956 750 1389 817 manifestum
1460 758 1564 815 est
1625 744 1819 811 valde
1891 738 2161 831 quando

605 864 969 923 moventur
998 855 1083 922 ad
1112 858 1373 923 exitum
1411 852 1522 920 vel
1559 849 1915 916 introitum
1947 844 2166 910 alicu-

598 964 711 1051 jus
751 963 878 1030 loci
937 966 1169 1031 maris.
1207 963 1435 1028 Pisces
1468 957 1659 1024 enim
1690 953 1932 1020 karilea
1964 974 2163 1018 voca-

608 1073 682 1155 ti,
725 1070 1321 1162 deprehenduntur
1357 1068 1427 1132 in
1471 1064 1657 1130 exitu
1700 1084 1741 1128 a
1783 1060 1946 1127 locis
1994 1059 2158 1137 suiS,

607 1187 673 1248 et
731 1180 800 1246 in
862 1179 1140 1244 introitu
1198 1196 1338 1240 uon
1395 1171 1489 1238 ita
1548 1168 1754 1238 simul
1819 1167 2159 1251 videntur,

606 1288 767 1380 quin
805 1294 960 1376 post
1017 1306 1171 1349 raro
1213 1278 1749 1370 deprehenditur
1810 1276 2035 1342 minus
2091 1276 2159 1341 in

604 1396 873 1462 civitate
904 1391 1260 1471 Borizeon,
1297 1396 1362 1456 et
1395 1397 1559 1456 tunc
1586 1395 1825 1477 parant
1866 1385 2164 1474 piscato-

602 1523 707 1568 res
736 1500 905 1566 retia
933 1521 1080 1575 sua,
1113 1521 1195 1565 eo
1229 1496 1412 1589 quod
1447 1495 1567 1562 illo
1609 1504 1914 1584 tempore
1955 1493 2158 1559 istum

600 1610 852 1698 piscem
882 1628 1120 1697 capere
1150 1628 1285 1673 non
1316 1612 1824 1673 consueverunt
1862 1624 1876 1668 :
1920 1600 2037 1668 sed
2075 1599 2162 1666 si-

599 1713 874 1804 gnificat
930 1714 1027 1780 eis
1084 1711 1196 1778 ille
1251 1733 1458 1788 unus,
1494 1708 1683 1798 quod
1733 1707 1877 1794 jam
1925 1707 2157 1773 venire

598 1820 952 1910 incipiunt.
997 1816 1217 1886 Causa
1243 1824 1478 1884 autem
1509 1837 1723 1905 quare
1755 1815 1823 1880 in
1852 1822 2157 1903 tempore

597 1925 715 1993 illo
748 1928 815 1992 in
855 1925 1030 1992 dieta
1063 1926 1332 1991 civitate
1363 1945 1506 1989 non
1537 1922 1826 2010 capitur,
1862 1926 1962 1986 est
1991 1941 2160 2010 quo-

598 2032 781 2098 niam
821 2031 1023 2122 piscis
1061 2029 1247 2098 solus
1286 2052 1427 2097 non
1468 2029 1542 2095 in
1582 2050 1788 2117 grege
1828 2034 2058 2092 manet
2087 2024 2155 2090 in

594 2140 767 2207 mari
796 2139 1075 2218 Adrien‚
1110 2138 1296 2228 quod
1324 2145 1429 2205 est
1459 2158 1651 2204 mare
1684 2134 2105 2202 Adriaticum
2134 2155 2149 2198 ε

594 2247 786 2334 cujus
825 2246 1096 2336 signum
1155 2252 1277 2320 est,
1314 2243 1649 2334 quoniam
1702 2265 1856 2309 cum
1907 2240 2155 2331 depre-

593 2352 935 2436 henditur,
972 2351 1316 2420 invenitur
1345 2351 1627 2418 tendere
1669 2371 1908 2416 versus
1946 2347 2153 2414 Adri-

593 2461 843 2528 aticum
873 2482 1082 2527 mare.
1137 2456 1212 2524 ln
1245 2457 1430 2524 exitu
1463 2462 1697 2523 autem
1739 2477 1777 2521 a
1826 2454 1993 2521 mari
2039 2452 2153 2520 illo

592 2588 731 2634 non
763 2564 1317 2656 deprehenditur.

683 2672 894 2739 Piscis
925 2679 1153 2738 autem
1184 2667 1468 2748 oothon,
1503 2669 1620 2760 qui
1657 2667 1888 2735 Latini}
1920 2669 2157 2734 le'nmes

593 2787 898 2858 vocatur,
967 2777 1257 2844 declinat
1343 2774 1429 2842 ad
1508 2782 1771 2864 partem
1849 2774 2156 2841 dextram

594 2889 784 2977 quasi
844 2910 1110 2976 semper
1169 2887 1235 2951 in
1314 2883 1601 2950 introitu
1662 2881 1746 2949 ad
1813 2905 1996 2949 mare
2072 2881 2155 2948 ad

594 2996 777 3085 quod
826 2994 1171 3063 tenditur:
1212 2993 1276 3058 in
1333 2991 1523 3059 exitu
1572 2999 1801 3058 autem
1852 3013 1975 3057 suo
2016 2991 2156 3057 fre-

593 3110 877 3194 quenter
932 3100 1223 3167 declinat
1272 3098 1357 3164 ad
1417 3099 1796 3178 sinistram,
1839 3097 2012 3165 sicut
2050 3097 2158 3164 di-

592 3218 776 3287 cunt,
848 3234 929 3277 eo
996 3207 1181 3300 quod
1239 3215 1557 3296 aspectus
1617 3206 1764 3294 ejus
1830 3205 1897 3273 in
1964 3214 2155 3297 parte

592 3317 827 3384 dextra
883 3327 982 3384 est
1029 3316 1315 3392 acutior,
1380 3313 1702 3406 quamvis
1761 3313 2159 3382 naturaliter

595 3449 731 3492 non
771 3426 858 3493 sit
885 3425 1060 3491 acuti
1092 3424 1301 3490 visus.
1352 3422 1616 3489 ltodem
1662 3431 1915 3500 autem,
1951 3445 2154 3512 quem

594 3531 828 3600 Latine
882 3530 1267 3599 scombrum
1312 3536 1592 3607 vocant,
1637 3537 1824 3597 natat
1880 3529 1961 3597 de
2018 3529 2152 3607 die,

596 3649 661 3708 et
690 3643 976 3733 quiescit
1013 3640 1096 3709 de
1125 3649 1352 3718 nocte,
1389 3639 1521 3707 nisi
1564 3660 1704 3706 nox
1723 3639 1922 3707 fuerit
1951 3639 2158 3708 luna-

597 3750 712 3827 ris,
746 3756 908 3815 tunc
937 3747 1121 3815 enim
1162 3754 1350 3814 natat
1382 3753 1452 3812 et
1482 3767 1626 3812 non
1667 3745 1950 3835 quiescit
1987 3769 2003 3815 ε
2034 3745 2158 3814 ali-

596 3857 715 3946 qui
745 3863 975 3923 tamen
1012 3855 1268 3945 experti
1300 3854 1732 3921 marinorum
1763 3852 1994 3921 dicunt
2025 3853 2156 3924 hoc

592 3986 809 4050 genus
842 3961 1127 4052 piscium
1168 3961 1237 4028 in
1283 3959 1511 4027 hieme
1546 3982 1685 4026 non
1716 3961 2006 4038 moveri,
2038 3961 2156 4029 sed

592 4071 934 4159 quiescere
965 4070 1426 4136 indifferenter
1457 4069 1529 4134 in
1569 4069 1759 4134 ouini
1801 4066 1976 4145 loeo,
2012 4068 2157 4136 ubi·

590 4200 881 4268 cumque
919 4176 1441 4265 deprehenderit
1473 4198 1597 4242 eos
1657 4173 1899 4254 hiems,
1935 4200 2150 4268 usque

586 4284 669 4350 ad
737 4285 1224 4375 aequinoctium
1278 4281 1586 4350 vernale.
1647 4280 1863 4349 Piscis
1919 4293 2149 4351 autem

584 4391 779 4459 clouo
816 4401 1129 4470 vocatus,
1161 4393 1429 4482 capitur
1469 4390 1540 4457 in
1585 4383 1865 4458 introitu
1898 4414 2048 4470 suc,
2083 4400 2149 4460 et

585 4500 654 4564 in
683 4498 869 4566 exitu
899 4498 1094 4566 valde
1127 4522 1305 4578 raro,
1349 4505 1416 4566 et
1453 4495 1703 4564 melior
1740 4504 1839 4566 est
1896 4498 1962 4565 in
1996 4496 2146 4566 loco

585 4602 1068 4673 Parachochim
1112 4605 1296 4697 quod
1360 4615 1465 4673 est
1524 4605 1731 4693 juxta
1776 4627 1960 4671 mare
2009 4604 2150 4673 no-

580 4708 908 4801 sphorum
941 4712 1214 4802 quando
1246 4712 1516 4802 eapitur
1533 4719 1900 4801 antequam
1941 4708 2147 4800 pulli-

580 4817 753 4886 ficet.
787 4818 907 4887 list
945 4829 1172 4888 autem
1207 4818 1459 4886 modus
1499 4817 1678 4885 alius
1720 4816 1978 4898 rodem,
2014 4818 2144 4888 lioc

578 4934 700 5005 est,
761 4926 1082 5006 scombri,
1126 4929 1244 5018 qui
1290 4922 1830 5016 deprehenditur
1867 4926 2141 5016 quando

575 5036 713 5102 exit
743 5058 783 5102 a
811 5038 981 5104 mari
1016 5034 1401 5127 Bosphoro,
1438 5042 1506 5101 et
1547 5041 1704 5123 post
1743 5033 2142 5102 nielioratur

576 5140 892 5210 recedens
940 5141 1025 5210 ab
1056 5142 1299 5211 eodem
1338 5141 1515 5210 mari
1554 5161 1572 5208 ε
1606 5146 1675 5207 et
1712 5162 1867 5207 cum
1924 5163 2141 5211 vene-

572 5246 658 5314 rit
694 5249 765 5315 in
813 5250 1094 5319 introitu
1125 5251 1208 5318 ad
1258 5273 1446 5319 mare
1506 5247 1736 5339 Agon,
1781 5257 1881 5315 est
1938 5247 2135 5316 valde

567 5357 867 5448 pinguis,
910 5368 975 5427 et
1005 5384 1208 5451 supra
1255 5359 1451 5427 illuni
1494 5358 1729 5425 locum
1760 5356 2133 5426 ascendens

573 5463 860 5533 eflicitur
886 5491 1113 5537 macer
1139 5468 1362 5537 valde.

653 5571 897 5643 Adhuc
935 5584 1163 5644 autem
1210 5599 1369 5644 cum
1408 5582 1662 5643 ventus
1710 5573 2131 5644 meridiona-

565 5679 645 5749 lis
674 5681 961 5752 eflicitur
998 5693 1066 5752 et
1094 5707 1272 5776 aqua
1304 5685 1737 5774 inspissatur,
1778 5690 1943 5752 tunc
1989 5688 2128 5755 exit

1614 360 1699 427 D.
1750 358 1949 427 ALB.
2000 353 2218 424 MAG.
2274 353 2477 425 ORD.
2532 361 2829 429 PRAED.

2269 551 2351 594 ex
2383 535 2553 598 mari
2581 532 2664 598 ad
2697 534 2913 622 ripam
2944 533 3235 601 har-nom
3265 535 3488 624 pisciS‚
3535 546 3598 602 et
3632 538 3824 604 tlieo·

2270 632 2564 725 hymirO,
2635 648 2700 706 et
2756 651 3090 709 venantur
3166 644 3386 733 ipsum
3449 644 3823 732 piscatores

2269 742 2445 809 circa
2476 743 2623 810 loca
2654 743 2924 815 hor-tilia
2956 751 3374 836 graminosa.

2362 849 2749 918 Secundum
2781 851 2963 921 hunc
3012 856 3291 923 niodum
3337 858 3543 946 igitur
3580 880 3651 923 se
3692 856 3823 924 ha-

2272 954 2382 1023 het
2453 958 2742 1047 qualitas
2804 961 3090 1050 piscium
3160 964 3240 1030 de
3308 988 3444 1031 uno
3514 965 3663 1032 loco
3733 964 3818 1031 ad

2269 1064 2478 1131 alium
2510 1070 2916 1134 natantium.

2788 2027 3079 2095 CAPUT
3130 2030 3316 2096 vul.

2264 2787 2365 2852 Dc·
2413 2783 2803 2849 diversitate
2858 2781 3276 2848 aninmle'mn
3347 2781 3822 2872 qrnssibilc'um

2345 2914 2546 2980 penes
2575 2890 2953 2956 mansiones
2986 2889 3292 2955 locorum
3323 2912 3587 2966 eorum,
3623 2897 3686 2953 et
3737 2887 3823 2953 de

2344 2997 2638 3088 piscium
2685 2996 2971 3063 lateralia
3010 3006 3073 3062 el
3122 2996 3558 3087 apparitione
3585 2996 3655 3060 in
3719 2992 3822 3061 di·

2355 3107 2556 3172 versis
2597 3105 3040 3198 temporibm.

2354 3965 2626 4033 Animal
2674 3973 2901 4033 autem
2941 3964 3246 4033 silvestre
3296 3963 3499 4032 simul
3542 3961 3818 4031 inveni-

2265 4083 2374 4142 tur
2410 4082 2673 4141 mutare
2720 4071 2866 4139 loca
2924 4073 3298 4140 secundum
3355 4070 3815 4139 diversitatem

2264 4189 2647 4272 temporum
2692 4201 2708 4249 ε
2752 4180 3078 4270 quoniam
3125 4177 3403 4270 aliquod
3460 4200 3699 4245 eorum
3746 4177 3817 4244 in

2262 4288 2484 4356 hieme
2522 4294 2751 4355 manet
2798 4287 2867 4353 in
2916 4286 3248 4362 cavernis,
3281 4293 3347 4353 et
3386 4288 3521 4353 exit
3554 4283 3638 4350 ab
3682 4282 3817 4352 illis

2261 4397 2330 4463 in
2393 4403 2623 4464 testate
2660 4415 2675 4461 :
2712 4402 2778 4462 et
2835 4392 2985 4462 ideo
3044 4392 3352 4485 quaedain
3409 4390 3813 4458 animalium

2260 4500 2864 4594 quadrupedalium
2891 4509 3269 4593 praeparant
3299 4522 3625 4569 cavernas
3656 4520 3817 4566 suas

2259 4608 2628 4679 s‹·eundu1n
2705 4608 2836 4677 hoc
2917 4608 3100 4701 quod
3176 4608 3304 4675 sibi
3396 4608 3815 4676 conveniunt

2258 4725 2491 4786 contra
2538 4716 2988 4808 privationem
3041 4717 3507 4806 temperantiae
3562 4712 3814 4782 caloris

2255 4834 2322 4895 et
2349 4824 2619 4916 frigoris
2649 4823 2717 4890 in
2768 4821 3036 4890 duobus
3086 4820 3508 4914 temporibus
3539 4819 3815 4911 opposi-

2258 4935 2363 5011 tis,
2424 4955 2574 5023 quae
2630 4938 2789 4998 sunt
2832 4938 3030 4998 aestas
3093 4938 3156 4998 et
3205 4928 3450 5007 hiems,
3510 4949 3807 5019 quorum

2253 5040 2587 5108 excellunt
2617 5037 3136 5129 temperantiam
3178 5035 3538 5106 caliditatis
3578 5044 3643 5104 et
3684 5031 3810 5101 fri-

2249 5148 2573 5240 giditatis.

2336 5254 2580 5325 Adhuc
2635 5259 2862 5321 autem
2904 5254 3303 5322 animalium
3344 5249 3802 5320 habitantium

2249 5364 2316 5431 in
2344 5362 2595 5441 caveis,
2636 5360 2945 5452 quaedam
2991 5368 3267 5429 manent
3307 5360 3377 5427 in
3416 5359 3659 5429 eodem
3709 5357 3804 5425 lo·

2244 5497 2351 5555 ce,
2392 5480 2459 5542 et
2506 5468 2815 5562 quaedam
2876 5477 3140 5537 mutant
3180 5467 3328 5537 loca
3374 5476 3440 5538 et
3491 5468 3807 5559 regiones

2242 5579 2616 5651 secundum
2664 5577 3121 5645 diversitatem
3182 5587 3595 5671 temporum.
3653 5575 3808 5642 Ma-

2241 5689 2470 5758 nentia
2526 5693 2756 5755 autem
2806 5686 2872 5751 in
2936 5685 3178 5754 eodem
3221 5688 3372 5756 loco
3428 5687 3501 5753 in
3548 5683 3803 5773 caveis,
