4919 6371
1919 451 2091 519 me.
2146 451 2175 520 1
2226 450 2346 518 DE
2392 449 2978 538 ANtMALIBUS,
3029 454 3338 523 TRAGT.
3394 455 3487 522 111
3611 517 3620 523 .

1068 626 1136 692 in
1187 626 1547 693 anatomia
1605 626 2051 692 arteriarum.
2111 623 2331 689 Tertia
2407 631 2633 690 autem

956 757 961 762 ·
1068 740 1231 799 sunt·
1263 732 1435 795 rami
1495 752 1831 797 venarum
1872 739 1938 797 et
1989 749 2355 798 nervorum
2405 728 2490 796 ad
2528 732 2636 818 ip-

1072 859 1224 904 sum
1264 835 1708 903 directorum.
1763 837 1849 905 Et
1905 836 2053 905 haec
2108 838 2236 904 tria
2281 835 2634 924 conjungit

1072 964 1227 1010 caro
1257 942 1578 1031 quaedam
1626 945 1857 1012 mollis
1896 946 1964 1012 et
2010 965 2259 1035 perosa
2297 948 2520 1009 creata
2549 963 2633 1006 ex

1072 1050 1369 1118 tenuiori
1420 1055 1759 1142 sanguine
1818 1059 1887 1120 et
1942 1049 2308 1126 subtiliori,
2367 1049 2484 1138 qui
2533 1056 2632 1116 est

1071 1160 1569 1229 nutrimentum
1609 1162 1758 1249 ejus
1802 1182 1817 1226 ε
1853 1166 1923 1227 et
1961 1158 2114 1225 ideo
2145 1166 2246 1224 est
2296 1157 2631 1247 plurimo-

1071 1291 1221 1336 rum
1270 1278 1627 1336 meatuum
1684 1269 1833 1336 sive
1888 1289 2242 1357 pororum,
2286 1264 2533 1343 molliS,
2567 1273 2633 1333 et

1069 1395 1284 1453 rarus⁵
1356 1374 1442 1441 ad
1501 1373 1890 1441 albedinem
1951 1372 2298 1441 declinans
2342 1395 2357 1439 ε
2400 1381 2464 1439 et
2501 1370 2630 1438 hoc

1069 1481 1347 1571 quidem
1377 1501 1621 1548 verum
1653 1489 1756 1548 est
1792 1481 1865 1548 in
1904 1478 2234 1549 omnibus
2284 1478 2633 1569 pulmoni·—

1071 1587 1195 1653 bus
1232 1584 1641 1653 animalium
1672 1585 2146 1677 ,perfectorum
2185 1605 2336 1674 quae
2371 1583 2630 1673 integre

1071 1693 1450 1761 secundum
1511 1702 1774 1761 naturoe
1837 1693 2153 1785 vigorem
2208 1698 2367 1758 sunt
2426 1690 2625 1756 facta.

1073 1800 1356 1869 Crestus
1378 1809 1492 1870 est
1518 1810 1753 1869 autem
1783 1822 2006 1885 rarus,
2036 1800 2208 1869 utin
2234 1800 2384 1889 ipso
2410 1798 2633 1889 capia·

1073 1913 1184 1976 tur
1203 1917 1270 1978 et
1298 1907 1648 1976 dividatur
1675 1931 1816 1987 aer,
1842 1917 1911 1977 et
1937 1907 2270 1999 dirigatur
2296 1906 2384 1974 ad
2409 1905 2631 1974 cordis

1069 2018 1622 2107 congruentiam,
1655 2022 1722 2085 et
1748 2025 1829 2085 ut
1854 2014 2234 2107 expellatur
2268 2013 2633 2105 superflui·-

1070 2131 1173 2191 tas
1200 2131 1267 2190 et
1296 2122 1662 2190 fumositas
1690 2132 1759 2191 et
1784 2122 2141 2214 grossities
2160 2120 2253 2189 ‚ab
2278 2122 2451 2212 ipset
2491 2117 2633 2186 Sia

1070 2239 1144 2297 ut
1178 2229 1369 2297 enim
1400 2231 1471 2297 in
1510 2228 2055 2320 praecedentibus
2083 2227 2405 2305 diximus,
2438 2249 2634 2294 num·

1067 2359 1273 2428 quam
1294 2336 1564 2427 aliquid
1592 2359 1899 2428 congrue
1928 2346 1997 2406 et
2025 2336 2397 2405 secundum
2429 2343 2634 2402 natu-

1068 2465 1212 2512 ram
1253 2443 1602 2534 dirigitur,
1647 2445 1783 2512 nisi
1817 2443 2004 2535 quod
2046 2441 2486 2513 distributum
2533 2447 2632 2509 est

1072 2551 1136 2617 in
1175 2558 1403 2639 partes
1462 2550 1846 2642 dirigentis.
1918 2549 2115 2618 Illam
2180 2549 2363 2617 enim
2428 2546 2633 2615 habet

1069 2658 1659 2747 comparationem
1680 2657 1919 2747 pulmo
1939 2657 2026 2725 ad
2045 2679 2272 2726 aerem
2297 2678 2415 2725 cor
2432 2679 2632 2724 even·

1077 2773 1364 2844 tantem,
1400 2787 1612 2857 quam
1640 2765 1850 2835 habet
1876 2764 2091 2857 hepar
2117 2765 2203 2834 ad
2241 2764 2471 2834 cibum
2509 2764 2628 2832 toti

1071 2872 1339 2962 corpori
1370 2881 1897 2964 congruentem.

1159 2977 1278 3046 Est
1302 2989 1534 3048 autem
1566 2977 1836 3050 babens
1872 2980 2044 3049 duas
2088 2978 2458 3048 divisiones
2487 2979 2630 3047 sive

1070 3086 1246 3162 alas,
1282 3094 1355 3154 ut
1387 3086 1669 3178 quidam
1701 3096 1977 3167 vocant,
2007 3104 2299 3179 quarum
2325 3109 2462 3154 una
2491 3094 2634 3154 ten·

1066 3196 1165 3266 dit
1217 3196 1306 3263 ad
1345 3196 1687 3276 dextram,
1730 3208 1797 3265 et
1836 3198 2051 3266 altera
2085 3197 2300 3266 tendit
2338 3196 2420 3264 ad
2459 3196 2632 3264 sini-

1069 3314 1306 3375 stram.
1341 3307 1615 3376 Divisio
1645 3317 1881 3377 autem
1920 3310 2195 3377 sinistra
2223 3307 2428 3376 habet
2456 3306 2628 3374 duos

1072 3438 1322 3492 ramos,
1357 3416 1599 3485 dextra
1627 3425 1862 3485 autem
1909 3417 2119 3487 habet
2155 3427 2313 3487 tres.
2360 3416 2629 3487 Utilitas

1066 3526 1247 3594 enim
1277 3527 1633 3618 pulmonis
1663 3527 2146 3597 universaliter
2166 3526 2347 3596 nulla
2369 3536 2471 3596 est
2501 3524 2627 3593 nisi

1070 3635 1380 3701 attractio
1409 3635 1612 3702 aeris.
1648 3634 2008 3704 Auxilium
2037 3644 2265 3704 autem
2290 3632 2632 3703 attractio-

1071 3744 1174 3808 nis
1228 3742 1407 3809 aeris
1463 3749 1592 3820 est,
1664 3753 1740 3809 ut
1795 3751 2216 3835 praeparetur
2271 3765 2388 3810 aer
2439 3740 2627 3809 cordi

1069 3846 1219 3938 plus
1258 3848 1538 3940 quidem
1570 3872 1781 3941 quam
1823 3850 2081 3941 indiget
2121 3852 2190 3918 in
2229 3849 2426 3941 pulsu
2461 3872 2623 3916 unc.

1075 3953 1218 4024 lloc
1247 3963 1478 4025 autem
1520 3955 1676 4026 ideo
1709 3957 1782 4025 tit
1820 3967 1895 4025 ut
1927 3965 2360 4027 removeatur
2385 3980 2472 4025 ex
2500 3957 2630 4024 ali-

1070 4084 1202 4153 qua
1248 4083 1458 4130 causa
1531 4063 2106 4154 impedimentum
2179 4062 2624 4141 attractionis,

1065 4178 1182 4236 aut
1237 4192 1322 4236 ex
1393 4169 1849 4238 subversione
1906 4178 2025 4239 aut
2078 4170 2387 4238 tensione
2440 4169 2629 4237 vocis

1066 4271 1286 4364 longas
1328 4297 1345 4341 :
1381 4283 1497 4342 aut
1538 4278 1749 4344 etiam
1780 4276 1946 4367 quia
1983 4276 2213 4345 horret
2249 4298 2476 4344 aerem
2508 4274 2623 4365 qui

1067 4379 1237 4448 forte
1265 4380 1455 4449 foetet
1487 4392 1562 4449 ut
1600 4393 1967 4475 corruptus
1995 4393 2121 4460 est,
2155 4382 2338 4474 quod
2368 4380 2628 4450 babea-

1070 4493 1175 4551 tur
1211 4484 1471 4575 aliquid
1528 4486 1706 4553 aeris
1763 4487 1832 4554 in
1885 4484 2210 4577 pulmone
2284 4486 2462 4553 unde
2507 4509 2628 4554 cor

1066 4600 1443 4658 eventi-tur.
1478 4592 1620 4659 Aer
1653 4593 1842 4659 enim
1883 4592 1994 4661 ille
2023 4616 2063 4660 a
2093 4592 2417 4683 pulmone
2452 4592 2629 4660 dire·

1064 4703 1212 4764 ctus
1244 4696 1434 4765 cordi
1471 4704 1600 4774 est.
1634 4707 1707 4766 ut
1739 4707 2012 4767 eventet
2049 4699 2344 4768 calorem
2371 4699 2618 4776 cordis,

1064 4813 1126 4873 et
1157 4813 1230 4873 ut
1263 4806 1521 4874 nutriat
1540 4814 1606 4875 et
1639 4815 1972 4875 restauret
2001 4807 2315 4898 spiritum
2346 4806 2623 4875 vitalem

1064 4911 1130 4978 in
1151 4912 1357 4980 corde
1377 4934 1465 4981 ex
1484 4912 1873 4982 substantia
1901 4936 2100 4984 aerea
2120 4914 2378 5006 digesta
2414 4938 2431 4983 ε
2464 4917 2624 5006 quia

1061 5018 1217 5087 talis
1254 5018 1640 5089 substantia
1678 5023 1962 5091 vincens
1989 5031 2095 5091 est
2134 5024 2206 5091 in
2249 5022 2627 5091 substantia

1060 5126 1335 5215 spiritus
1379 5126 1635 5206 vitalis,
1679 5126 1835 5197 licet
1890 5130 1978 5196 sit
2017 5128 2272 5197 mixtus
2325 5137 2431 5197 est
2466 5128 2626 5220 plu-

1064 5232 1236 5299 rium
1286 5232 1789 5302 elementorum
1846 5234 2245 5303 substantiis
2284 5258 2301 5303 ε
2348 5235 2623 5326 spiritu⁸

1060 5339 1238 5406 enim
1280 5362 1423 5408 non
1451 5348 1551 5408 est
1600 5363 1851 5432 corpus
1881 5341 2174 5433 simplex
2208 5367 2225 5413 τ
2259 5365 2397 5410 non
2436 5346 2619 5411 enim

1061 5444 1244 5514 solus
1297 5470 1417 5514 aer
1468 5470 1851 5516 conversus
1914 5449 1991 5517 lit
2045 5449 2344 5540 spiritus,
2400 5474 2620 5541 neque

1059 5554 1243 5623 solus
1271 5557 1488 5625 nutrit
1526 5558 1783 5649 ipsum,
1818 5557 1995 5626 sicut
2023 5581 2149 5627 nec
2174 5557 2404 5650 aliqua
2440 5583 2623 5651 aqua

1057 5661 1268 5730 nutrit
1332 5662 1725 5732 membrum
1771 5685 1789 5733 :
1839 5660 1960 5731 sed
1996 5685 2196 5733 aerea
2233 5671 2336 5733 est
2398 5665 2624 5754 major

1064 5791 1213 5860 pars
1272 5769 1678 5839 substantiae
1734 5770 1949 5863 ipsius
2010 5794 2027 5840 ε
2094 5771 2216 5841 sed
2250 5781 2619 5866 utrumque

4167 446 4296 526 139

2738 625 3069 714 ipsorum,
3110 647 3284 714 aqua
3318 623 3569 690 scilicet
3599 634 3664 692 et
3693 645 3831 705 aer,
3865 633 3984 694 aut
4007 632 4108 693 est
4136 645 4294 714 pars

2737 732 3157 808 nutrimenti,
3201 738 3319 795 aut
3372 749 3497 795 suo
3547 729 3736 796 ssuxu
3796 739 3860 797 et
3917 731 4291 797 subtilitate

2735 834 2893 902 facit
2938 845 3289 926 penetrare
3335 837 3828 902 nutrimentum
3882 832 4062 904 intra
4094 854 4097 859 ·
4130 838 4299 904 sub-

2735 947 3054 1013 stantiam
3112 948 3257 1035 ejus
3315 945 3500 1036 quod
3527 947 3848 1012 nutritur.
3884 944 4296 1034 Principalis

2734 1059 2962 1119 tamen
3002 1053 3261 1121 utilitas
3290 1054 3710 1120 attractionis
3739 1053 3915 1120 aeris
3944 1060 4047 1119 est
4077 1059 4156 1119 ut
4185 1069 4293 1119 re·

2735 1181 2892 1226 cens
2929 1182 3045 1227 aer
3071 1158 3352 1250 frigidus
3382 1158 3716 1227 habeatur
3745 1160 3928 1225 intus
3968 1167 4036 1227 et
4064 1153 4297 1248 expel-

2735 1265 2913 1332 latur
2949 1265 3131 1345 inde,
3174 1268 3293 1355 qui
3322 1266 3468 1354 jam
3519 1266 3826 1332 intensus
3873 1274 3938 1332 et
3977 1265 4290 1333 fumosus

2735 1373 2948 1440 iactus
2986 1381 3111 1450 cst,
3146 1375 3262 1465 qui
3295 1372 3380 1440 ad
3418 1373 3662 1441 caloris
3703 1396 3843 1440 non
3889 1373 4070 1440 valet
4109 1382 4293 1440 tem·—

2734 1490 3232 1570 peramentum.
3285 1479 3551 1547 Raritas
3608 1488 3838 1548 autem
3885 1478 4290 1547 substantias

2734 1584 3078 1675 pulmonis
3117 1583 3202 1652 ad
3231 1583 3362 1653 hoc
3396 1584 3581 1663 iacit,
3615 1586 3946 1676 quoniam
3994 1607 4110 1653 aer
4148 1597 4291 1653 non

2733 1690 2955 1760 solum
2978 1697 3286 1782 penetrat
3305 1693 3374 1758 in
3394 1692 3658 1760 arteriis
3675 1692 3915 1783 ipsius,
3939 1691 4059 1760 sed
4081 1693 4291 1761 etiam

2733 1804 3037 1888 penetrat
3068 1799 3138 1865 in
3165 1796 3616 1866 substantiam
3647 1798 3868 1865 carnis
3898 1799 4068 1887 ejus.
4095 1798 4292 1866 Hanc

2733 1904 2941 1994 igitur
2982 1905 3459 1973 attractionem
3501 1905 3676 1973 aeris
3714 1904 3984 1973 duobus
4025 1904 4293 1996 perficit

2735 2011 3056 2089 motibus,
3100 2020 3167 2080 et
3211 2010 3478 2080 duabus
3534 2011 3901 2102 quietibus,
3935 2014 4115 2081 sicut
4142 2012 4289 2100 jam

2736 2121 2806 2186 in
2838 2117 2947 2187 his
2976 2141 3129 2209 quae
3157 2120 3239 2188 de
3277 2121 3730 2212 inspiratione
3743 2132 3810 2187 et
3839 2121 4295 2212 respiratione

2731 2225 3253 2316 disputavimus,
3293 2226 3822 2295 determinatum
3847 2235 3970 2295 est.
4175 2229 4182 2244 ”

2827 2346 2975 2415 Una
3039 2346 3222 2414 enim
3287 2351 3480 2439 quies
3535 2348 3710 2414 aeris
3756 2348 4022 2415 attracti
4077 2350 4291 2417 estin

2732 2448 3082 2540 pulmone,
3153 2451 3458 2520 incidens
3521 2452 3700 2518 inter
3764 2451 4170 2541 inspiratum
4224 2458 4290 2519 et

2735 2558 3052 2647 exspirati
3084 2559 3260 2626 aeris
3289 2567 3553 2626 motum
3591 2580 3607 2626 :
3644 2568 3706 2626 et
3736 2559 3949 2626 altera
3978 2557 4290 2647 ejusdem

2736 2672 2836 2732 est
2872 2673 3061 2733 extra
3093 2666 3271 2733 inter
3305 2666 3724 2756 exspiratum
3757 2675 3824 2733 et
3866 2681 4139 2733 rursum
4186 2670 4296 2732 at·-

2735 2778 3048 2839 tractum.
3085 2769 3419 2839 Similiter
3460 2772 3633 2839 inter
3660 2773 3987 2863 systolem
4017 2771 4297 2862 pulmo-

2733 2879 2839 2946 nis
2868 2889 2935 2948 et
3007 2881 3343 2948 diastolen
3400 2899 3675 2948 necesse
3732 2888 3835 2949 est
3892 2879 4294 2949 intercidere

2731 2987 2900 3054 duas
2955 2990 3243 3078 quietes.
3303 2986 3581 3079 Systole
3634 2985 3820 3056 enim
3886 2987 4065 3056 facta
4130 2995 4290 3056 ante

2734 3093 3090 3168 diastolen,
3126 3102 3226 3161 est
3258 3095 3449 3185 quies
3486 3115 3623 3161 una
3675 3114 3693 3160 t
3737 3101 3804 3160 et
3840 3092 4128 3162 diastole
4186 3093 4295 3160 fa·-

2734 3213 2837 3270 cta
2867 3211 3024 3271 ante
3053 3202 3644 3294 systolen'iterata,
3676 3212 3777 3273 est
3807 3204 4003 3294 quies
4033 3202 4285 3273 altera:

2734 3318 2800 3379 et
2850 3313 2947 3380 sic
2993 3329 3152 3380 cum
3229 3311 3584 3402 respiratio
3645 3311 4038 3403 perficiatur
4090 3314 4290 3380 motu

2730 3420 2905 3487 aeris
2955 3428 3022 3489 et
3067 3419 3440 3511 pulmonis,
3496 3427 3696 3490 amnt
3746 3422 3817 3488 tn
3876 3420 4290 3512 perfectione

2728 3522 2877 3614 ejus
2921 3532 3220 3616 quatuor
3259 3531 3515 3601 motus,
3574 3532 3642 3592 et
3678 3530 3979 3616 quatuor
4022 3524 4289 3616 quietes

2727 3630 3136 3710 necessario,
3167 3647 3251 3698 eo
3280 3628 3465 3721 quod
3489 3633 3715 3698 motus
3744 3646 4018 3721 semper
4040 3631 4290 3698 termi-

2728 3742 2933 3805 natur
2957 3735 3046 3804 ad
3072 3737 3404 3828 quietem,
3435 3734 3713 3827 quando
3747 3744 3852 3803 ost
3879 3743 4116 3803 motus
4143 3735 4290 3823 eju·

2727 3840 2918 3909 sdem
2945 3841 3243 3931 generis,
3275 3848 3344 3909 et
3381 3862 3521 3910 nou
3560 3840 3633 3908 in
3679 3840 3954 3908 diverso
3997 3860 4282 3931 genere,

2727 3950 2901 4017 sicut
2936 3958 3290 4019 ostensum
3307 3957 3414 4020 est
3440 3949 3511 4017 in
3541 3948 3959 4039 praehabitis.
4007 3948 4282 4017 Utilitas

2726 4064 2954 4123 autem
2981 4058 3209 4124 carah
3245 4055 3593 4146 pubnonis
3629 4055 3777 4144 jam
3815 4053 3996 4122 dicta
4029 4063 4164 4135 est,
4204 4061 4284 4122 tu

2727 4160 3042 4231 videlicet
3070 4159 3395 4254 replendo
3417 4161 3797 4252 conjungat
3826 4176 4058 4229 ramos
4089 4168 4285 4229 arte·

2727 4269 2928 4339 riales
2959 4279 3030 4361 et
3061 4269 3364 4338 venales.

2817 4377 3244 4447 ltamiticatio
3299 4388 3526 4446 autem
3568 4385 4013 4466 utrarumque
4059 4394 4285 4442 vena·-

2728 4508 2901 4560 rum,
2945 4484 3237 4554 trachea?
3264 4486 3578 4554 vicli-licet
3618 4491 3684 4552 et
3741 4485 4035 4562 arteriae,
4066 4504 4287 4550 vena-

2727 4592 2807 4660 lis
2844 4600 2968 4667 est,
3008 4600 3090 4659 ut
3114 4613 3234 4660 aer
3269 4592 3342 4659 in
3380 4593 3479 4658 eis
3506 4590 3770 4658 divisus
3824 4587 4183 4675 dirigatur·
4216 4594 4284 4655 et

2725 4709 2799 4768 ut
2844 4701 3050 4768 etium
3120 4699 3357 4791 pulmo
3409 4697 3640 4768 subtili
3688 4703 4026 4789 sanguiue
4061 4699 4175 4789 qui
4212 4700 4281 4764 in

2724 4811 2824 4876 eis
2886 4808 3207 4887 decurrit,
3279 4808 3645 4877 nutriatur.
3704 4805 3973 4875 Albedo
4047 4813 4281 4873 autem

2725 4920 2872 5007 ejus
2891 4924 3215 4989 causatur
3229 4939 3316 4987 ea
3340 4916 3629 4987 victoria
3644 4916 3989 4986 asreitatis
4009 4916 4092 4982 in
4118 4912 4286 4982 sub·

2724 5026 2970 5096 stantia
2998 5028 3170 5116 ejus.
3202 5024 3470 5095 Albedo
3498 5027 3684 5094 enlm
3713 5025 3863 5114 ejus
3897 5028 4171 5093 creatur
4191 5041 4283 5094 aa

2725 5132 3161 5203 multitudine
3201 5130 3529 5224 diapbani
3569 5129 3924 5200 terminati
3957 5126 4280 5209 3couclusi

2725 5242 2794 5309 in
2837 5241 3217 5310 substantia
3259 5239 3505 5310 caloris
3532 5241 3704 5330 ejus.
3733 5236 4007 5306 Divisio
4029 5245 4278 5306 autem

2726 5346 3071 5442 pulmonis
3125 5348 3195 5415 in
3238 5347 3375 5416 duo
3429 5347 3582 5415 ideo
3656 5352 3787 5424 est,
3837 5341 4025 5436 quod
4060 5345 4120 5412 sl
4158 5342 4280 5412 ssat

2724 5463 3211 5525 nocumentum
3275 5455 3423 5534 uni,
3499 5452 3710 5521 altera
3764 5459 4041 5545 prestet
4076 5451 4281 5535 auxi-0

2721 5561 2889 5630 lium
2936 5561 3405 5653 respirationis
3472 5582 3492 5629 ε
3530 5569 3602 5629 et
3663 5557 3820 5628 ideo
3869 5558 4283 5644 sinistram

2721 5664 2857 5734 duo
2891 5664 3245 5746 dividitur,
3273 5668 3366 5734 -et
3406 5664 3724 5734 similiter
3746 5661 4284 5734 dextras-Tertia

2720 5774 2903 5843 enim
2922 5771 3033 5852 ala
3048 5786 3205 5866 qum
3229 5773 3580 5857 invenitur
3602 5771 3995 5866 frequenter
4019 5768 4282 5839 index·
