4919 6371
684 419 816 485 474

680 585 838 652 dam
886 592 1116 649 autem
1176 581 1519 670 simplices
1579 581 1938 671 diligenter
1993 607 2076 650 ex
2108 583 2238 653 hoc

681 690 1009 764 serviunt,
1048 687 1233 776 quod
1293 687 1426 754 mel
1488 689 1630 776 jam
1690 690 1942 757 factum
1975 690 2059 757 ab
2089 691 2238 757 aliis

683 802 1109 884 componunt
1171 794 1243 861 in
1292 794 1610 863 domibus
1659 805 1724 863 et
1760 797 1928 864 locis
1959 799 2234 888 optimis

682 904 751 968 in
783 902 1030 993 quibus
1051 915 1517 973 conservatur.

766 1009 1163 1078 Partiuntur
1192 1013 1399 1079 etiam
1453 1021 1725 1100 tempus
1761 1011 1973 1079 labori
2024 1014 2234 1100 depu-

677 1126 930 1187 tatum:
959 1123 1285 1212 quoniam
1315 1121 1626 1212 quaedam
1649 1128 1873 1209 partes
1903 1120 2235 1187 artificum

676 1250 962 1295 suorum
1003 1236 1256 1295 exeunt
1283 1227 1369 1293 ad
1402 1228 1872 1315 operationem
1914 1227 1981 1291 in
2041 1227 2237 1314 prin-

676 1337 855 1426 cipio
886 1335 1046 1413 diei,
1102 1342 1165 1401 et
1226 1356 1309 1401 eo
1365 1342 1672 1421 tempore
1740 1333 2027 1422 quiescit
2100 1331 2231 1398 alia

669 1464 868 1531 pars:
905 1450 974 1508 et
1012 1438 1289 1529 quando
1322 1438 1761 1506 matutinales
1793 1439 1985 1506 lassae
2043 1446 2226 1516 sunt,

669 1548 1229 1637 expergefaciunt
1266 1547 1422 1614 illas
1485 1569 1636 1637 quae
1696 1549 2127 1638 quieverunt,
2167 1556 2233 1613 et

671 1665 836 1723 tunc
890 1654 1023 1723 illae
1062 1653 1341 1723 evolant
1383 1655 1469 1724 ad
1515 1654 1823 1723 labores:
1860 1654 2227 1746 aliquando

672 1770 903 1830 tamen
941 1762 1219 1831 evolant
1247 1762 1334 1829 ad
1366 1763 1803 1852 operationes
1845 1786 2083 1830 omnes
2128 1765 2232 1829 si-

667 1870 837 1954 mul,
873 1870 1147 1962 quaudo
1170 1872 1353 1961 cogit
1385 1894 1499 1938 eas
1526 1870 1943 1959 indigentia:
1979 1878 2041 1937 et
2072 1893 2227 1938 cum

670 1986 1103 2045 revertuntur
1138 1976 1537 2044 bombando
1562 1976 1814 2043 faciunt
1844 1980 2225 2066 strepitum,

668 2085 845 2151 sicut
907 2107 1063 2151 cum
1122 2106 1336 2151 cornu
1395 2083 1464 2149 in
1506 2083 1801 2151 alveari:
1840 2092 1903 2150 et
1944 2087 2229 2173 quiescit

670 2191 1003 2281 paulatim
1069 2190 1182 2260 ille
1230 2192 1553 2281 strepitus
1607 2214 1825 2282 usque
1881 2192 2062 2282 quod
2095 2216 2228 2259 una

673 2298 864 2366 volat
900 2302 970 2366 in
1011 2300 1300 2368 circuitu
1356 2298 1648 2367 alvearis
1705 2308 2032 2390 strepens,
2078 2323 2227 2391 quae

674 2408 1038 2497 strependo
1111 2407 1388 2498 signum
1462 2406 1621 2474 facit
1675 2407 2088 2487 dormiendi,
2160 2417 2225 2477 et

677 2526 840 2584 tunc
884 2537 1126 2583 omnes
1165 2516 1551 2605 quiescunt.
1599 2513 1950 2581 Fortitudo
1996 2525 2224 2583 autem

676 2625 1068 2691 examinum
1110 2625 1324 2690 scitur
1375 2645 1460 2690 ex
1499 2622 1705 2690 modo
1747 2621 1927 2690 illius
1990 2625 2227 2713 stri-pi-

671 2740 818 2799 tus:
854 2733 1182 2821 quoniam
1216 2730 1492 2821 quando
1521 2729 1714 2797 fortis
1752 2739 1817 2796 et
1875 2730 2227 2798 ordinatus

669 2846 770 2904 est
809 2838 1129 2926 strepitus
1160 2858 1396 2903 earum
1449 2836 1516 2900 in
1558 2835 1837 2914 alveari,
1881 2836 2083 2903 fortes
2160 2845 2227 2904 et

677 2944 849 3011 laetae
879 2952 1042 3011 suut
1069 2965 1230 3033 apes
1257 2965 1271 3010 ε
1312 2943 1587 3034 quando
1618 2950 1844 3010 autem
1876 2945 2226 3012 taciturum

673 3060 739 3119 et
769 3073 1036 3141 segneS‚
1073 3052 1347 3140 signum
1389 3058 1489 3118 est
1539 3049 1723 3140 quod
1765 3051 1900 3117 sint
1943 3050 2222 3122 debiles.

674 3157 1058 3226 Plurimum
1112 3166 1343 3226 autem
1413 3156 1666 3226 laboris
1739 3179 1971 3226 earum
2025 3161 2225 3227 estin

668 3273 976 3355 tempore
1007 3266 1552 3355 consumptionis
1595 3266 1705 3333 vel
1756 3265 2226 3333 diminutionis

667 3369 898 3437 mellis
929 3377 1084 3460 post
1124 3367 1451 3447 hiemem,
1487 3369 1761 3459 quando
1793 3371 1858 3436 in
1893 3370 2223 3458 principio

666 3478 849 3545 veris
897 3500 983 3545 ex
1045 3476 1271 3545 calore
1337 3479 1688 3567 temporis,
1736 3485 1803 3545 et
1849 3477 2225 3567 digestione

669 3584 1068 3665 humorum,
1120 3594 1189 3654 et
1237 3584 1691 3653 diminutione
1738 3582 1960 3653 mellis
2005 3582 2226 3652 same-

669 3715 856 3762 scere
897 3692 1254 3782 incipiunt.

759 3800 880 3868 Est
906 3807 1137 3868 autem
1168 3799 1550 3867 necessaria
1600 3798 1865 3868 cautela
1917 3799 1988 3866 in
2043 3796 2226 3866 abla-

665 3910 855 3975 tione
895 3905 1162 3975 mellis:
1203 3908 1534 3998 quoniam
1596 3908 1652 3973 si
1708 3906 2091 3974 dimittatur
2124 3906 2222 3972 eis

666 4010 961 4079 multum
993 4010 1240 4090 mellis,
1284 4033 1425 4080 non
1456 4010 1749 4079 multum
1791 4020 1988 4081 erunt
2029 4011 2224 4079 solli·

663 4120 815 4187 citae
871 4119 958 4188 ad
1025 4117 1246 4187 mellis
1294 4118 1788 4209 operationem,
1869 4126 2221 4209 propterea

666 4225 854 4318 quod
891 4225 1241 4294 confidant
1281 4227 1351 4294 in
1381 4224 1718 4294 thesauris
1766 4227 1932 4294 suis.
1980 4227 2054 4294 si
2092 4248 2222 4293 au-

665 4342 805 4402 tem
836 4335 1043 4402 nimis
1071 4356 1313 4424 parum
1363 4333 1768 4412 dimittatur,
1800 4342 2221 4424 consumptae

666 4440 892 4509 inedia
960 4438 1218 4509 debiles
1273 4448 1346 4510 et
1396 4463 1642 4532 segnes
1672 4440 1756 4508 ad
1795 4441 2217 4533 operandum

660 4548 1087 4618 efficiuntur:
1121 4557 1400 4641 propter
1425 4548 1613 4641 quod
1631 4548 1916 4619 solerter
1942 4571 2223 4641 propor-

662 4656 1074 4725 tionandum
1110 4665 1211 4725 est
1248 4655 1387 4725 mel
1434 4655 1920 4726 dimittendum
1981 4678 2222 4724 nume-

662 4788 740 4833 ro
770 4788 979 4856 apum
1011 4765 1081 4832 in
1128 4766 1472 4843 examine,
1516 4766 1609 4833 ita
1653 4765 1977 4836 videlicer
2033 4764 2219 4857 quod

664 4896 751 4942 ex
787 4871 1054 4964 liquore
1081 4871 1305 4941 mellis
1342 4874 1414 4941 in
1451 4895 1594 4941 uno
1623 4875 1938 4943 examine
1970 4873 2056 4941 ad
2085 4873 2222 4941 mi-

663 5003 794 5048 nus
824 4980 1251 5070 relinquatur
1295 5001 1620 5048 mensura
1674 4980 1978 5059 sextarii,
2011 5002 2219 5072 quam

666 5087 944 5177 quidam
994 5086 1393 5154 Graecorum
1448 5085 1568 5153 Iros
1621 5092 1899 5163 vocant,
1970 5095 2039 5154 et
2092 5084 2224 5153 ali-

662 5194 940 5284 quando
970 5195 1344 5262 sextarium
1391 5201 1459 5262 et
1502 5194 1989 5285 sexquitertia:
2033 5204 2099 5262 et
2163 5193 2219 5262 si

661 5298 959 5368 multum
996 5299 1214 5371 fertile
1239 5301 1327 5371 sit
1378 5324 1693 5383 examen,
1743 5302 2223 5391 relinquuntur

662 5408 724 5475 ei
763 5406 902 5475 duo
933 5412 1253 5490 sextaria,
1284 5409 1396 5479 vel
1434 5410 1520 5478 ad
1552 5411 1934 5478 maximum
1987 5409 2124 5477 duo
2153 5418 2223 5478 et

666 5512 1054 5592 dimidium,
1097 5517 1253 5583 etin
1280 5518 1713 5607 paucissimis
1761 5526 1829 5586 et
1883 5515 2220 5586 fertilissi-

667 5622 799 5693 mis
835 5623 1265 5694 examinibus
1300 5627 1457 5695 tria.

756 5730 979 5803 Nocet
1013 5741 1242 5802 autem
1272 5731 1518 5825 apibus
1544 5741 1612 5803 et
1640 5735 1965 5805 omnibus
1990 5733 2217 5828 vespis

1689 409 1770 475 D.
1822 409 2020 476 ALB.
2075 411 2294 480 MAG.

2347 411 2553 481 om).
2606 412 2900 481 PRAED.

2348 609 2559 677 prope
2597 610 2743 655 esse
2793 586 2986 675 juxta
3039 608 3224 652 oveS.
3295 584 3601 674 Magistri
3660 593 3892 652 autem

2347 692 2740 758 examinum
2771 692 2865 756 sic
2903 692 3176 780 capiunt
3205 712 3447 779 vespas
3468 710 3620 778 quae
3647 697 3895 756 nocent

2348 797 2770 864 alvearibus:
2815 806 3078 886 ponunt
3114 798 3294 864 enim
3344 819 3617 864 carnem
3650 819 3892 864 recen-

2348 913 2483 971 tem
2515 904 2582 970 in
2615 901 2819 970 ollam
2853 904 2935 970 ad
2966 926 3170 993 quam
3203 906 3455 971 intrant
3487 927 3716 994 vespae
3751 926 3767 969 :
3829 912 3895 970 et

2344 1035 2499 1079 cum
2522 1010 2750 1078 multae
2767 1013 3211 1093 intraverunt,
3236 1015 3636 1102 cooperiunt
3656 1012 3890 1093 ollam,

2345 1129 2412 1188 et
2448 1128 2714 1210 ponunt
2775 1119 2846 1185 in
2892 1120 3144 1209 ignem,
3207 1129 3273 1186 et
3321 1121 3735 1187 comburunt
3771 1143 3896 1187 ve-

2342 1251 2520 1318 spaS.
2578 1228 2699 1295 Est
2745 1236 2971 1295 autem
3026 1227 3271 1296 melius
3325 1228 3515 1294 omni
3592 1229 3893 1295 examini

2342 1361 2480 1429 quo
2511 1338 2759 1407 fuerint
2788 1338 3140 1428 pauciores
3187 1338 3258 1405 in
3315 1360 3396 1406 eo
3442 1337 3751 1415 masculi,
3805 1359 3887 1405 eo

2341 1446 2523 1535 quod
2565 1468 2786 1513 mares
2813 1445 3164 1513 resolvunt
3201 1445 3514 1513 t'oeminas
3555 1446 3627 1511 in
3660 1444 3895 1511 libidi-

2339 1573 2498 1618 nem
2528 1559 2594 1618 et
2631 1552 2875 1629 otium,
2912 1560 2978 1619 et
3006 1560 3168 1620 tunc
3196 1575 3336 1620 non
3373 1559 3533 1619 sunt
3559 1552 3885 1642 negotio-

2337 1680 2449 1727 sae.

2426 1764 2697 1835 Habent
2744 1774 2972 1834 autem
3030 1767 3429 1835 industriam
3503 1765 3886 1834 naturalem

2336 1894 2498 1962 apes
2535 1873 3010 1963 praesentiendi
3049 1872 3342 1940 hiemem
3403 1880 3470 1940 et
3531 1871 3890 1963 :equalita-

2336 1987 2435 2047 tes
2465 1980 2634 2068 ejuS,
2686 1989 2750 2048 et
2791 1979 3259 2070 praesentiendi
3305 1979 3592 2070 pluvias,
3665 1979 3887 2068 Hujus

2336 2093 2564 2153 autem
2594 2086 2864 2176 signum
2897 2096 3021 2168 est,
3055 2088 3378 2177 quoniam
3403 2096 3558 2154 ante
3581 2086 3886 2176 pluviam

2335 2218 2476 2263 non
2506 2195 2780 2264 evolant
2809 2195 3011 2287 longe
3048 2195 3133 2262 ab
3155 2195 3435 2275 alveari,
3464 2196 3584 2264 sed
3621 2218 3890 2286 vagan-

2333 2310 2446 2372 tur
2474 2306 2649 2373 circa
2700 2304 2967 2394 ipsum:
3027 2327 3111 2372 ex
3148 2303 3279 2372 hoc
3318 2305 3499 2373 enim
3560 2303 3883 2372 custodes

2334 2435 2541 2503 apum
2566 2411 2869 2503 pluviam
2921 2411 3216 2480 futuram
3265 2435 3410 2481 esse
3470 2411 3875 2503 praedicunt.

2334 2518 2418 2586 Et
2446 2518 2718 2610 quando
2748 2541 2909 2609 apes
2944 2518 3241 2610 pendent
3278 2541 3362 2587 ex
3391 2541 3538 2588 sese
3578 2520 3650 2585 ἰη
3695 2516 3884 2584 fora-

2334 2627 2518 2693 mine
2555 2625 2841 2693 alvearis
2888 2634 2956 2693 et
3008 2626 3213 2703 intuS‚
3246 2625 3669 2715 significatur
3697 2622 3878 2714 quod

2335 2733 2674 2803 discedere
2700 2735 2939 2802 volunt
2971 2733 3054 2801 ab
3086 2734 3335 2802 alveari
3374 2757 3389 2800 :
3435 2742 3502 2802 et
3538 2743 3699 2801 tunc
3754 2756 3878 2800 cu-

2335 2842 2562 2909 stodes
2581 2842 2835 2932 aliquid
2856 2841 3050 2909 dulce
3074 2842 3365 2909 irrorant
3394 2865 3471 2910 su
3482 2864 3603 2932 per
3621 2840 3875 2917 alvear,

2334 2972 2415 3017 ex
2454 2949 2648 3037 cujus
2674 2957 2876 3039 gustu
2919 2949 3289 3016 invitentur
3315 2947 3398 3015 ad
3432 2948 3875 3015 manendum:

2333 3065 2610 3146 propter
2646 3055 2827 3147 quod
2875 3056 3079 3124 etiam
3102 3057 3300 3144 juxta
3338 3055 3635 3122 alvearia
3673 3078 3883 3145 opor-

2334 3170 2428 3232 tet
2480 3161 2785 3254 plantare
2850 3171 3148 3254 myrtum
3205 3171 3272 3231 et
3328 3163 3554 3253 pirum
3605 3170 3883 3230 monta-

2333 3292 2525 3347 num,
2560 3279 2625 3337 et
2654 3270 2821 3360 pisa,
2854 3279 2919 3337 et
2940 3269 3126 3336 fabas
3147 3279 3211 3337 et
3241 3268 3629 3359 amygdala,
3655 3278 3722 3336 et
3760 3290 3884 3358 pa-

2330 3398 2562 3467 paver,
2596 3385 2665 3444 et
2708 3376 2839 3443 alia
2882 3399 3032 3467 quae
3081 3399 3288 3466 supra
3330 3376 3870 3449 nominavimus,

2331 3496 2404 3553 ut
2433 3508 2520 3554 ex
2548 3485 2757 3554 odore
2788 3486 3065 3552 istarum
3103 3485 3490 3576 plantarum
3548 3483 3875 3552 libentius

2331 3601 2747 3662 remaneant.

2421 3698 2598 3767 Sunt
2634 3707 2861 3768 autem
2910 3698 3043 3767 alia
3081 3698 3294 3767 multa
3330 3698 3573 3789 apibus
3620 3720 3880 3766 conve·

2330 3807 2611 3884 nientia,
2644 3829 2730 3874 ex
2776 3806 3023 3898 quihus
3086 3814 3189 3876 est
3230 3806 3415 3897 quod
3445 3809 3516 3873 in
3555 3804 3876 3873 concavis

2329 3915 2650 3984 arborum
2743 3914 3030 3984 altarum
3115 3914 3434 3984 libentius
3534 3912 3872 3990 habitant,

2329 4047 2536 4115 quam
2566 4025 2766 4112 juxta
2810 4033 3102 4093 terram:
3147 4047 3228 4092 eo
3269 4023 3453 4115 quod
3483 4025 3555 4091 in
3586 4022 3724 4089 alto
3752 4044 3876 4112 pu·

2329 4131 2470 4199 rior
2512 4139 2614 4199 est
2640 4154 2777 4207 aer,
2811 4139 2878 4198 et
2917 4131 3143 4198 minus
3180 4132 3420 4198 timent
3452 4127 3733 4197 insidias
3764 4128 3879 4196 be·

2326 4238 2636 4305 stiarum.
