4919 6371
1780 461 1953 531 Llss.
2010 460 2107 528 xl
2160 459 2281 526 DE
2332 455 2946 538 ANJMALmUS,
2999 457 3326 529 TRACT.
3386 458 3411 526 l

920 641 1039 713 bet
1071 642 1392 735 judicare
1428 646 1666 706 utrum
1711 635 1847 705 11οο
1890 635 2083 729 quod
2132 635 2384 705 dicitur
2435 635 2551 702 in-

922 778 1075 826 esse
1108 750 1540 823 animalibus
1572 747 1659 816 de
1716 746 2194 817 accidentibus
2236 771 2552 817 eommu-

920 869 1133 939 nibus
1166 874 1287 936 aut
1320 862 1653 957 propriiS,
1690 862 1778 929 sit
1812 860 2393 932 certitudinaliler
2431 885 2548 931 ve-

920 1004 1083 1052 rum
1125 981 1182 1047 si
1237 974 1709 1045 demonstrari
1753 982 1985 1068 potest
2022 998 2036 1044 :
2076 984 2195 1046 aut
2228 977 2314 1045 sit
2366 975 2547 1044 cirea

915 1096 1030 1166 vel
1063 1116 1283 1188 prope
1317 1116 1598 1174 verum,
1635 1091 1695 1161 si
1742 1115 1828 1162 ex
1870 1089 2353 1185 probabilibus
2396 1088 2548 1159 col-

915 1208 1162 1302 ligitur
1197 1230 1211 1276 :
1252 1206 1594 1301 quoniam
1628 1229 1774 1275 non
1810 1205 1880 1274 in
1914 1203 2246 1274 omnibus
2302 1202 2541 1272 haberi

915 1331 1151 1418 potest
1180 1348 1307 1419 per
1348 1321 2031 1392 demonstrationem
2064 1319 2377 1398 scientia,
2425 1316 2546 1387 sed

918 1437 992 1507 in
1064 1434 1493 1531 quibusdam
1553 1434 2034 1525 conjecturare
2103 1438 2404 1524 oportet,
2478 1436 2546 1499 et

920 1575 1079 1647 qua}
1122 1572 1266 1620 non
1313 1555 1716 1641 repugnant
1773 1544 2193 1615 animalium
2244 1544 2540 1626 naturiS‚

915 1661 1381 1758 probabiliter
1414 1659 1551 1730 11οο
1583 1659 1684 1729 eis
1713 1658 2066 1729 eredimus
2111 1659 2360 1727 inesse.
2406 1656 2548 1726 Do-

915 1800 1081 1848 cens
1113 1777 1306 1845 enim
1339 1774 1647 1868 perfecte
1681 1781 1997 1852 naturas,
2034 1796 2178 1841 non
2229 1772 2543 1842 consistit

914 1889 986 1958 in
1043 1887 1412 1958 communi
1473 1893 1752 1966 natura,
1800 1885 1978 1955 sicut
2021 1883 2356 1965 diximus,
2422 1883 2545 1952 sed

914 2026 1041 2097 per
1062 2000 1563 2072 diffinitionem
1596 2000 1957 2094 propriam
1991 2000 2366 2093 separatim
2397 2007 2546 2068 tra-

915 2114 1016 2184 dit
1051 2112 1615 2208 unumquodque
1674 2111 2104 2183 naturalium
2165 2135 2287 2204 per
2330 2135 2427 2191 se,
2477 2119 2543 2179 et

914 2228 1309 2322 quamlibet
1355 2226 1825 2297 substantiam
1870 2225 2037 2296 dicit
2083 2225 2252 2319 quid
2283 2233 2382 2295 est
2421 2247 2436 2293 ε
2476 2234 2536 2295 et

911 2349 1080 2410 tunc
1114 2340 1321 2411 (locet
1371 2338 1759 2409 accidentia
1804 2338 2091 2434 propria
2141 2336 2240 2407 illi
2286 2338 2536 2417 inesse,

909 2476 1067 2549 qum
1117 2451 1429 2522 voluerit
1479 2450 1710 2522 dicere
1765 2475 1893 2546 per
1945 2453 2319 2536 rationem,
2362 2450 2543 2521 sieut

909 2564 1292 2661 separatim
1325 2561 1533 2634 docet
1583 2561 2055 2634 substantiam
2109 2571 2373 2634 naturae
2418 2562 2545 2634 lio·

907 2681 1152 2765 minis,
1191 2689 1256 2750 et
1291 2689 1567 2750 natura·
1604 2679 1857 2763 leonis,
1897 2689 1962 2750 et
2007 2689 2276 2750 natura*
2319 2679 2536 2759 camis,

910 2803 975 2864 et
1044 2793 1352 2864 aliorum
1424 2792 1847 2864 animalium
1918 2795 2150 2888 specie
2222 2792 2544 2862 ‹lill'eren-

913 2909 1119 2979 tium.

1005 3020 1080 3091 Si
1114 3030 1354 3091 autem
1387 3020 1582 3092 volet
1605 3020 1880 3092 tradere
1923 3020 2320 3092 doctrinam
2352 3045 2543 3091 eom-

904 3159 1232 3219 munem,
1270 3144 1332 3208 et
1370 3135 1677 3207 voluerit
1709 3133 1907 3230 loqui
1939 3134 2025 3205 de
2056 3134 2539 3206 accidentibus

905 3273 1063 3345 qum
1092 3249 1418 3321 accidunt
1468 3249 1804 3319 omnibus
1854 3247 2282 3318 animalibus
2323 3249 2537 3319 modo

903 3364 1300 3443 communi,
1347 3369 1566 3458 ponet
1615 3371 1786 3432 tunc
1820 3386 2227 3434 sermonem
2270 3362 2536 3433 diflini-

904 3486 1056 3548 tmn
1120 3469 1258 3548 illis
1297 3501 1762 3549 communem
1834 3476 2243 3572 generalem
2315 3478 2383 3546 in
2448 3503 2534 3548 eo

900 3591 1091 3690 quod
1135 3592 1474 3664 animalia
1533 3601 1726 3675 sunt,
1775 3600 1845 3663 et
1875 3616 2001 3687 per
2040 3591 2234 3662 illam
2266 3591 2538 3662 ‹listini-

897 3705 1171 3776 tionem
1223 3705 1562 3802 loquetur
1621 3705 1706 3775 de
1773 3703 1886 3775 his
1938 3728 2095 3799 qum
2141 3706 2534 3774 sermulum

903 3844 1132 3912 gemis
1173 3818 1505 3890 accidunt
1548 3820 1718 3914 ipsis
1754 3843 1770 3890 ε
1811 3820 2033 3889 multa
2095 3820 2286 3890 enim
2348 3821 2539 3891 acci-

906 3934 1145 4005 dentia
1184 3945 1351 4006 sunt
1382 3937 1793 4006 communia
1849 3933 2170 4030 pluribus
2223 3936 2539 4008 animali-

902 4047 1064 4132 bus,
1130 4073 1289 4145 qua·
1346 4049 1739 4121 secundum
1811 4074 2037 4144 genus
2105 4054 2537 4123 conveniunt

897 4160 1024 4243 eis,
1064 4162 1394 4255 quamvis
1448 4161 1598 4257 ipsa
1656 4161 1991 4232 animalia
2034 4162 2173 4232 sint
2216 4162 2539 4234 diverso-

900 4298 1061 4345 rum
1091 4299 1440 4372 generum
1472 4274 2075 4351 subalternorum.
2104 4276 2339 4372 qualia
2372 4290 2537 4351 sunt

895 4410 1194 4456 somnus
1236 4395 1307 4459 et
1336 4385 1613 4483 vigilia,
1652 4411 1811 4483 quoe
1851 4389 2285 4461 conveniunt
2321 4415 2537 4486 gene-

899 4499 1095 4571 ribus
1146 4501 1600 4585 animalium,
1646 4502 1824 4572 sicut
1880 4503 2259 4597 gressibili,
2296 4514 2360 4576 et
2413 4530 2537 4576 vo-

899 4610 1103 4701 latili,
1140 4621 1205 4682 et
1231 4614 1535 4697 natatili,
1581 4622 1650 4686 et
1681 4615 1913 4710 reptili
1952 4638 1969 4685 ε
2007 4640 2163 4712 quae
2196 4617 2535 4690 subalter-

901 4750 992 4797 na
1034 4735 1203 4798 sunt
1246 4729 1492 4822 generi
1553 4731 1947 4818 communi,
1993 4730 2183 4825 quod
2230 4742 2333 4801 est
2389 4732 2535 4802 ani·

900 4836 1071 4927 mal,
1117 4839 1513 4910 seeundum
1546 4839 1740 4935 quod
1774 4839 2038 4911 animal
2071 4850 2177 4910 est
2205 4841 2531 4915 substan-

898 4950 996 5020 tia
1027 4952 1345 5022 animata
1379 4951 1737 5024 sensibilis
1773 4975 1789 5022 t
1827 4961 1890 5024 et
1926 4951 2139 5023 talem
2164 4954 2529 5027 scientiam

897 5062 982 5132 de
1016 5064 1525 5137 communibus
1575 5065 2007 5139 animalibus
2047 5075 2117 5138 et
2149 5068 2532 5141 accidenti-

895 5176 1031 5248 bus
1054 5178 1205 5271 jam
1251 5179 1321 5250 in
1355 5178 1557 5251 libris
1589 5180 2029 5251 naturalibus
2075 5186 2382 5255 exsecuti
2418 5211 2530 5256 su-

896 5314 1086 5375 mus,
1143 5291 1265 5361 11111
1309 5294 1623 5366 exsecuti
1668 5319 1917 5365 sumus
1962 5304 2426 5380 crementum,
2462 5310 2528 5370 et

893 5406 1457 5500 corruptionem,
1524 5416 1594 5479 et
1650 5407 1900 5491 vitam,
1966 5415 2039 5479 et
2076 5418 2407 5493 mortem,
2459 5422 2528 5484 et

891 5518 1466 5616 inspirationem,
1518 5531 1587 5596 et
1650 5522 2063 5618 hujusmodi
2134 5526 2526 5600 accidentia

891 5633 1368 5708 animalium:
1408 5643 1479 5710 et
1537 5661 1702 5709 cum
1744 5637 1885 5708 illis
1953 5638 2170 5710 etiam
2233 5639 2529 5712 tradidi-

890 5771 1055 5820 mus
1106 5746 1192 5820 de
1239 5748 1397 5822 aliis
1453 5752 1964 5838 accidentibuS,
2004 5777 2161 5849 quae
2203 5779 2347 5826 non
2406 5782 2531 5829 so-

887 5859 1027 5932 lius
1096 5870 1265 5934 sunt
1342 5869 1692 5962 corporis,
1758 5865 1881 5939 sed
1950 5869 2165 5940 etiam
2237 5871 2520 5953 animm,

889 5998 1049 6072 quae
1106 5984 1273 6049 sunt
1323 5977 1411 6050 de
1463 5981 1761 6052 scientia
1820 6004 2161 6054 sensuum
2222 5984 2531 6056 sensibi-

885 6084 1094 6173 lium,
1147 6098 1218 6163 et
1256 6089 1418 6163 aliis
1458 6092 1902 6188 hujusmodi,
1965 6095 2151 6168 sicut
2182 6094 2270 6167 de
2313 6099 2530 6170 moti-

4159 458 4297 528 563

2666 632 2798 703 bus
2847 633 3269 704 animalium
3304 643 3370 703 et
3415 636 3788 714 memoria,
3844 642 3912 702 et
3962 634 4298 729 omnibus

2666 746 2950 816 talibus.

2753 862 3017 931 'l'ainen
3084 884 3318 931 sermo
3392 859 3679 930 habitus
3749 860 3833 929 de
3908 860 4022 931 lali
4080 860 4295 930 modo

2662 976 2968 1045 scientiae
3020 974 3440 1044 animalium
3494 974 3565 1042 in
3627 976 4022 1060 communi,
4069 998 4295 1067 quan-

2661 1096 2811 1156 tum
2844 1087 2930 1155 ad
2966 1087 3173 1156 islam
3199 1086 3600 1155 doctrinam
3633 1086 3705 1154 in
3750 1109 3886 1179 qua
3922 1085 4137 1155 modo
4171 1110 4297 1156 su-

2663 1225 2846 1282 muS,
2904 1199 3129 1269 latens
3184 1209 3312 1283 est,
3350 1208 3420 1270 et
3467 1223 3614 1270 non
3670 1198 4111 1282 manifestuS,
4177 1223 4299 1270 ne-

2659 1339 2794 1409 que
2846 1316 3359 1385 determinatus
3413 1318 3783 1385 Lalentem
3834 1322 4072 1383 autem
4137 1313 4295 1384 dico

2660 1431 2729 1498 in
2790 1431 3153 1523 principiis
3194 1431 3267 1499 in
3319 1429 3458 1498 illis
3530 1428 3728 1498 libris
3797 1430 4073 1523 positiS‚
4140 1451 4296 1524 quae

2659 1554 2822 1614 sunt
2864 1546 3075 1613 nimis
3108 1545 3524 1615 communia
3569 1544 3658 1614 ad
3701 1543 3884 1614 hanc
3926 1545 4295 1615 scientiam

2658 1660 2741 1728 de
2773 1661 3044 1728 naturis
3075 1659 3613 1752 particularium
3648 1659 4097 1727 animalium.
4134 1659 4299 1727 Non

2658 1775 3125 1867 numism-tum
3168 1782 3408 1843 autem
3441 1796 3622 1842 voco
3658 1772 3729 1841 in
3771 1773 4067 1842 seientia
4117 1793 4297 1840 con-

2658 1885 3058 1956 clusionum
3099 1910 3113 1955 :
3152 1887 3496 1980 quoniam
3541 1887 3717 1955 scire
3772 1885 3843 1954 in
3906 1884 4291 1954 universali

2658 2012 2945 2073 naturas
2980 2027 3245 2086 rerum,
3283 2026 3429 2072 non
3481 2010 3586 2072 est
3647 2001 3824 2071 scire
3876 2025 3997 2088 eas
4051 2000 4184 2071 nisi
4224 2001 4292 2069 in

2658 2118 2997 2212 potentia,
3043 2141 3128 2187 eo
3188 2116 3382 2211 quod
3437 2125 3540 2186 est
3594 2112 4010 2205 hujusmodi
4054 2137 4290 2183 sermo

2655 2233 2992 2302 doctrina·
3050 2231 3666 2307 indeterminatus,
3715 2238 3784 2299 et
3825 2252 3969 2298 non
4043 2251 4296 2322 appro-

2655 2346 2923 2439 priatus
2956 2346 3226 2415 naturis
3259 2341 3685 2414 animalium
3718 2342 4026 2436 propriis
4078 2348 4146 2411 et
4177 2363 4295 2409 ac·

2655 2457 3052 2527 cidemibus
3090 2480 3367 2528 eorum.
3410 2455 3530 2526 Sic
3592 2477 3762 2549 ergo
3825 2452 4292 2524 manifestum

2654 2582 2784 2654 est,
2848 2573 3038 2667 quenl
3103 2597 3232 2641 nos
3293 2579 3575 2665 oportet
3621 2568 3733 2639 hic
3787 2568 4004 2639 aliam
4058 2567 4296 2637 scien-

2657 2689 2820 2756 tiam
2869 2687 3224 2765 inducere,
3263 2708 3421 2779 qua‘,
3484 2685 3568 2753 sit
3635 2707 3760 2777 per
3799 2681 4086 2777 propria
4140 2681 4295 2749 sin-

2652 2800 2836 2889 gulis
2886 2799 3383 2870 convenientia
3431 2822 3446 2868 ε
3498 2796 3664 2891 quia
3726 2795 3931 2864 aliter
3996 2801 4293 2864 natura-

2655 2939 2809 2983 rum
2867 2914 3190 2983 ‹lm-trina
3230 2936 3270 2981 a
3331 2910 3541 2981 nobis
3603 2934 3748 2980 non
3800 2909 3929 2978 erit
3985 2906 4289 3001 perfecte

2656 3029 2930 3098 tradita.
