4919 6371
620 374 706 437 7⁴3
1609 371 1691 435 ῐ).
1742 368 1943 434 Am.
1997 365 2215 433 MAG.
2266 365 2476 433 om).
2529 367 2827 435 PRAED.

1107 1396 1402 1464 CAPUT
1449 1392 1635 1461 XIV.

595 2142 691 2208 El
742 2150 840 2207 est
883 2162 1213 2207 nuoazssuo
1267 2139 1628 2209 declarans
1681 2141 1767 2208 de
1811 2142 2142 2209 vunculis

685 2249 755 2314 in
784 2250 1154 2326 communi,
1214 2259 1281 2316 et
1306 2247 1392 2316 de
1426 2249 1759 2316 musculis
1803 2252 2051 2340 capitis
2075 2261 2140 2317 et

684 2354 1141 2422 membrorum
1205 2379 1361 2447 quoe
1429 2367 1591 2423 sem!
1649 2359 1716 2422 in
1784 2360 2005 2447 rapite
2076 2369 2139 2423 el

681 2464 863 2532 eollo
899 2475 964 2531 e!
984 2475 1292 2554 quitur-e.

678 3313 939 3383 lle-inde
986 3314 1069 3383 de
1144 3319 1492 3384 anatomia
1552 3318 2010 3387 masculorum
2067 3328 2135 3388 et

588 3443 951 3490 nervorum
1008 3432 1076 3490 et
1146 3420 1554 3492 chordarum
1617 3436 1688 3494 et
1723 3425 2136 3517 ligamento-

584 3551 739 3598 rum
774 3538 876 3597 est
917 3528 1306 3600 dicendum.
1360 3531 1850 3624 Supponamua
1901 3545 2132 3603 antem

586 3639 908 3707 virtutem
949 3640 1276 3708 motivam
1304 3663 1348 3707 a
1390 3640 1672 3711 cerebro
1713 3642 2134 3712 descenden-

587 3754 753 3825 tem,
783 3747 928 3815 aive
966 3745 1211 3817 babeat
1239 3771 1392 3817 eam
1426 3750 1494 3817 in
1525 3749 1852 3820 relatione
1880 3752 1962 3819 ad
1986 3774 2128 3831 cor,

583 3857 755 3926 sicut
792 3857 963 3925 dixit
989 3858 1387 3928 Aristoteles
1427 3882 1445 3927 ε
1479 3863 1628 3931 sive
1683 3860 1929 3932 babeat
1977 3887 2130 3933 eam

582 3985 707 4054 per
741 3988 838 4041 se,
868 3966 1041 4032 sicut
1071 3963 1238 4033 dixit
1270 3965 1593 4044 Galenus,
1627 3975 1692 4036 et
1726 3970 2134 4039 instrumen-

581 4081 726 4140 tum
767 4075 1036 4141 virtutis
1072 4075 1348 4143 motivae
1377 4077 1446 4143 in
1503 4086 1695 4145 motu
1741 4077 2130 4147 voluntario

579 4179 1067 4271 cujuscumque
1112 4180 1401 4249 membri
1448 4204 1597 4249 esse
1648 4207 1960 4252 nervum.
2003 4183 2133 4252 ni-

576 4308 814 4354 camua
866 4309 1056 4378 ergo,
1105 4287 1300 4380 quod
1348 4289 1699 4359 musculus
1742 4312 1881 4382 quo
1931 4313 2131 4360 com·

577 4390 801 4483 pietur
853 4401 1080 4463 motus
1115 4394 1606 4487 cujuscumque
1671 4396 1987 4480 membri,
2026 4420 2130 4466 se-

576 4497 875 4567 cundum
931 4498 1063 4569 hoc
1116 4502 1243 4570 erit
1309 4503 1697 4572 membrum
1757 4527 2122 4573 nervosum

571 4609 975 4677 necessario.
1037 4610 1208 4679 Cum
1259 4619 1489 4680 autem
1531 4634 1617 4680 ex
1645 4612 1835 4682 libris
1861 4637 2125 4706 praece-

573 4715 888 4785 dentibus
917 4717 1340 4788 naturalibus
1369 4722 1666 4790 aciamus
1682 4743 1955 4791 carnem
1984 4746 2126 4791 me-

573 4821 756 4892 diare
803 4825 874 4894 in
905 4834 1112 4908 tactu,
1165 4834 1233 4897 et
1299 4836 1553 4898 tactum
1591 4852 1739 4898 esse
1793 4829 2120 4899 diffusum

567 4951 690 5021 per
740 4934 976 5002 omnia
1055 4932 1365 5003 membra
1429 4935 1715 5013 motiva,
1775 4959 1859 5005 eo
1934 4936 2120 5029 quod

572 5046 796 5108 motus
822 5062 962 5109 non
1000 5043 1276 5111 estsine
1302 5065 1506 5111 sensu
1543 5066 1559 5112 :
1601 5051 1872 5136 oportet
1937 5045 2116 5113 idem

567 5146 948 5217 membrum
987 5150 1191 5219 etiam
1240 5174 1500 5222 easeex
1554 5175 1783 5223 carne.
1846 5152 2119 5223 Scimus

562 5263 790 5324 autem
819 5278 1091 5327 carnem
1118 5281 1267 5328 ease
1295 5258 1524 5330 laxam
1553 5269 1625 5330 et
1668 5260 1948 5330 mollem
1995 5284 2120 5353 per

563 5360 883 5452 teipsam,
962 5365 1345 5437 membrum
1412 5377 1642 5439 autem
1726 5369 1913 5464 quod
2003 5368 2119 5438 dat

563 5476 826 5537 motum
879 5471 1019 5551 alii,
1079 5473 1328 5546 debere
1378 5498 1526 5547 esse
1568 5486 2046 5548 conservatum
2093 5498 2111 5546 :

557 5583 624 5644 et
680 5574 834 5648 ideo
892 5590 1184 5666 constat.
1252 5586 1440 5678 quod
1513 5593 1785 5679 oportet
1837 5607 2114 5656 carnem

554 5681 744 5754 illam
800 5710 945 5759 esse
1001 5690 1381 5762 involutam
1440 5692 1813 5789 panniculo
1864 5695 1937 5763 in
1974 5716 2112 5787 quo

2257 551 2724 608 conservetur.
2760 541 2928 608 Cum
2964 543 3172 630 igitur
3201 538 3610 606 reticulatim
3643 537 3822 601 divi-

2257 647 2458 714 datur
2485 672 2738 716 nervus
2769 650 3093 722 motivu3‚
3128 657 3397 735 oportet
3447 669 3662 712 vacua
3710 668 3814 711 re·

2255 755 2670 821 ticulationis
2727 754 2994 841 impleri
3051 764 3174 840 pe‘r
3226 776 3498 819 carnem
3552 757 3622 819 in
3679 775 3814 842 qua

2252 883 2506 927 nervus
2533 861 2986 949 dispergitur:
3020 868 3088 924 et
3115 859 3269 924 ideo
3295 882 3590 926 nervosa
3617 870 3719 926 est
3748 868 3814 924 et

2250 966 2635 1055 appellatur
2662 988 2819 1032 caro
2854 966 2970 1032 illa
2999 965 3339 1031 mucilosa
3371 988 3388 1029 z
3424 974 3492 1031 et
3533 973 3607 1031 nt
3643 989 3817 1032 con-

2250 1081 2583 1149 servetur,
2616 1083 2884 1161 oportet
2922 1076 3068 1162 ipsa
3112 1073 3226 1138 fila
3266 1073 3458 1139 nervi
3516 1073 3816 1138 circum-

2251 1180 2417 1246 texti
2485 1180 2616 1248 sibi
2683 1184 2754 1247 in
2807 1181 3253 1272 panniculum
3311 1182 3428 1271 qui
3470 1179 3814 1248 concludit

2251 1310 2404 1354 eam
2465 1310 2483 1353 ε
2544 1296 2614 1355 et
2665 1288 3019 1355 convolvit
3071 1297 3148 1354 ut
3194 1287 3560 1376 colligatur
3599 1288 3815 1352 virtus

2250 1395 2400 1482 ejus
2448 1417 2534 1461 ne
2573 1394 2831 1462 defluat
2855 1396 2925 1460 in
2959 1395 3182 1460 carnis
3211 1393 3600 1459 mollitiem.
3633 1391 3814 1459 Nul-

2249 1498 2356 1565 lus
2393 1508 2626 1566 autem
2655 1521 3022 1588 corporeus
3051 1507 3282 1566 motor
3310 1499 3484 1586 regit
3514 1499 3585 1563 in
3615 1505 3808 1563 motu

2248 1604 2510 1695 aliquid
2546 1605 2732 1695 quod
2773 1607 3236 1672 inordinatum
3286 1604 3496 1671 habet
3539 1612 3805 1670 motum

2245 1731 2371 1798 per
2396 1710 2725 1799 seipsum,
2758 1710 2889 1776 nisi
2920 1709 3151 1797 aliquo
3181 1731 3512 1798 corporeo
3539 1706 3812 1775 trahen-

2246 1825 2313 1883 te
2341 1824 2409 1883 et
2438 1816 2783 1883 relaxante
2814 1816 2884 1883 id
2931 1816 3118 1905 quod
3147 1817 3408 1905 regitur
3437 1836 3454 1879 :
3489 1816 3666 1882 sicut
3689 1837 3811 1880 cor

2245 1923 2422 2014 regit
2447 1922 2785 1999 membra,
2843 1931 2911 1991 et
2966 1925 3066 1989 sic
3119 1944 3348 1989 sessor
3400 1944 3683 2011 equum,
3739 1930 3810 1988 et

2247 2031 2429 2099 idem
2458 2033 2664 2099 estin
2691 2030 3016 2100 omnibus
3064 2031 3240 2097 aliis.
3276 2030 3362 2097 Et
3407 2030 3562 2098 ideo
3611 2052 3808 2095 mus-

2244 2138 2441 2205 culus
2496 2161 2811 2216 movens,
2851 2137 3058 2204 babet
3096 2138 3169 2204 in
3197 2136 3425 2203 medio
3472 2159 3599 2203 suo
3649 2160 3808 2202 ner-

2242 2268 2410 2312 vum
2434 2269 2560 2335 per
2583 2267 2656 2312 se
2685 2253 3181 2322 transeuntem,
3213 2244 3392 2311 sicut
3425 2265 3654 2320 axem,
3684 2244 3804 2331 qui

2242 2354 2529 2422 veniens
2601 2376 2725 2443 per
2794 2363 3178 2420 extremum
3227 2375 3432 2419 suum
3461 2351 3547 2417 ad
3583 2372 3804 2417 mem-

2242 2459 2442 2527 brum
2499 2458 2820 2550 alligatur
2872 2458 3212 2535 membro,
3283 2467 3353 2525 et
3427 2479 3553 2546 per
3607 2455 3800 2522 illum

2240 2564 2576 2635 trahendo
2624 2575 2693 2634 et
2745 2565 3041 2633 laxando
3100 2573 3336 2631 movet
3380 2562 3796 2631 membrum.

2241 2673 2321 2742 ln
2353 2674 2581 2743 medio
2620 2672 2894 2764 quidem
2931 2673 3039 2740 sui
3086 2670 3318 2750 habet,
3370 2672 3530 2760 quia
3578 2671 3803 2736 virtus

2241 2780 2469 2847 omnis
2497 2783 2568 2848 in
2595 2780 2823 2848 medio
2852 2779 3277 2846 confortatur
3308 2799 3326 2842 ;
3362 2785 3429 2843 et
3460 2776 3613 2843 ideo
3643 2798 3800 2842 cum

2241 2898 2590 2989 colligitur
2633 2895 3012 2974 musculus,
3070 2893 3369 2961 trabitur
3412 2891 3801 2987 membrum

2237 3027 2479 3073 versus
2527 3003 2913 3072 musculum
2949 3025 2966 3069 ε
3002 3010 3070 3071 et
3135 3024 3292 3070 cum
3333 3000 3605 3067 laxatur
3646 3022 3808 3067 mu-

2240 3110 2497 3192 sculus,
2549 3109 2935 3180 membrum
2967 3109 3142 3179 redit
3185 3118 3253 3177 et
3282 3108 3535 3177 recedit
3571 3130 3615 3174 a
3643 3129 3804 3173 mu-

2240 3220 2461 3291 sculo.
2493 3220 2847 3313 Contingit
2889 3230 3149 3295 autem,
3191 3218 3379 3310 quod
3432 3214 3801 3308 aliquando

2241 3338 2343 3398 est
2389 3328 2742 3397 musculus
2777 3336 2846 3396 et
2873 3326 3130 3397 chorda
3168 3348 3379 3418 parva
3404 3333 3473 3393 et
3502 3323 3795 3393 subtilia.

2238 3436 2334 3503 ita
2388 3434 2576 3527 quod
2603 3436 2723 3503 vix
2766 3432 3061 3511 videtur,
3092 3438 3213 3500 aut
3264 3432 3476 3499 etiam
3531 3428 3800 3519 aufugit

2234 3544 2466 3612 visum
2493 3543 2780 3613 omnino
2811 3562 2832 3610 ε
2863 3540 3000 3611 boc
3022 3541 3211 3610 enim
3238 3538 3428 3632 quod
3454 3539 3555 3607 aio
3578 3545 3797 3606 trann-

2236 3655 2291 3722 it
2318 3674 2443 3743 per
2501 3649 2919 3728 musculum,
2958 3659 3029 3717 et
3073 3648 3386 3716 membro
3432 3644 3619 3737 quod
3647 3667 3796 3711 mo·

2235 3768 2439 3828 vetur
2491 3755 2836 3849 alligatur,
2898 3762 3189 3824 vocatur
3241 3752 3525 3820 chorda.
3557 3751 3643 3820 Et
3702 3772 3790 3819 ex

2236 3865 2345 3935 bis
2371 3866 2607 3941 scitur,
2639 3863 2825 3955 quod
2878 3863 3109 3932 omnis
3151 3858 3408 3929 chorda
3482 3865 3586 3927 est
3635 3879 3800 3926 ner-

2234 3995 2365 4041 vus
2403 3970 2713 4064 quidam,
2752 3968 2872 4038 aed
2929 3991 3069 4037 non
3116 3969 3345 4036 omnia
3376 3986 3630 4033 nervus
3694 3970 3802 4031 eat

2233 4079 2516 4149 chorda.
2576 4078 2869 4170 Propter
2936 4075 3125 4168 quod
3187 4072 3470 4167 quidam
3535 4069 3801 4140 Arabes

2233 4187 2579 4266 dixerunt,
2610 4185 2797 4278 quod
2823 4182 3080 4254 chorda
3116 4189 3222 4250 est
3273 4203 3567 4272 mequar
3603 4200 3802 4246 mm-

2231 4295 2402 4365 euli.
2444 4294 2736 4388 Meguar
2757 4301 2988 4363 autem
3017 4291 3202 4360 idem
3247 4298 3353 4359 eat
3397 4287 3587 4380 quod
3622 4288 3797 4354 axis.

2230 4404 2586 4495 Contingit
2638 4410 2870 4471 autem
2907 4399 3306 4493 aliquando,
3348 4396 3536 4490 quod
3578 4417 3800 4463 mem-

2228 4513 2431 4583 brum
2462 4510 2668 4582 babet
2694 4510 2925 4603 plu'rea
2950 4508 3304 4580 musculos
3331 4508 3406 4576 in
3432 4504 3795 4598 oppositos

2225 4624 2401 4692 situs
2464 4628 2845 4697 moventes,
2908 4619 3085 4688 sicut
3139 4615 3382 4686 oculus
3427 4636 3447 4682 ε
3502 4621 3573 4682 et
3626 4621 3788 4682 tunc

2224 4752 2368 4799 uno
2396 4751 2471 4799 ae
2506 4725 2871 4819 colligente
2897 4731 2970 4794 et
3004 4722 3092 4792 ad
3118 4745 3193 4791 ae
3232 4720 3624 4791 membrum
3653 4727 3790 4787 tra·

2224 4836 2456 4920 hente,
2487 4834 2664 4905 alter
2711 4830 3127 4911 extenditur,
3158 4838 3225 4899 et
3256 4837 3332 4898 ut
3377 4829 3563 4898 laxet
3590 4825 3788 4896 obor-

2222 4944 2383 5014 dam
2409 4965 2609 5013 auam
2637 4964 2725 5010 ne
2746 4947 3011 5010 motum
3051 4935 3404 5030 impediat,
3446 4958 3519 5003 ae
3547 4954 3786 5002 versus

2220 5050 2612 5120 membrum
2639 5046 2994 5118 extendit:
3034 5052 3106 5113 et
3132 5044 3189 5113 si
3236 5045 3444 5112 ambo
3490 5063 3565 5110 se
3610 5063 3787 5108 con-

2219 5156 2502 5227 trahunt
2528 5157 2600 5224 in
2626 5154 2983 5246 oppositos
3010 5151 3182 5220 situs
3218 5146 3591 5226 trabentes,
3622 5154 3787 5215 tunc

2219 5265 2613 5337 membrum
2657 5262 2911 5332 directe
2954 5268 3147 5328 stans
3199 5258 3381 5327 inter
3404 5264 3778 5345 utrumque

2218 5372 2632 5442 continetur.
2662 5369 2822 5438 Jam
2867 5366 3082 5458 igitur
3140 5366 3397 5434 scimus
3462 5358 3628 5451 quid
3691 5358 3780 5425 ait

2218 5476 2598 5558 musculus,
2655 5483 2726 5544 et
2786 5470 2952 5565 quid
3006 5493 3261 5541 nervus
3323 5469 3654 5543 motivua,
3710 5470 3780 5531 et

2219 5583 2385 5680 quid
2403 5582 2686 5656 chorda.
2727 5578 3015 5650 Nullum
3050 5585 3280 5649 autam
3308 5579 3602 5645 istorum
3654 5593 3778 5642 ca-

2217 5701 2322 5765 ret
2357 5715 2590 5765 sensu.
