4919 6371
1956 418 2125 484 LIB.
2183 415 2312 481 VII
2357 414 2479 480 DE
2528 413 3119 493 ANIMALIBUS,
3171 414 3482 484 TRACT.
3540 415 3567 482 1

1158 598 1221 657 et
1279 592 1566 681 piscium
1636 586 1985 677 partibus:
2061 594 2122 652 et
2169 586 2429 675 capitur
2480 585 2562 652 ad
2592 584 2707 652 ha-

1158 721 1348 764 mum
1399 697 1479 763 ad
1527 717 1747 760 escam
1808 693 2039 759 talem.
2106 692 2428 761 Plurimae
2478 704 2704 761 autem

1153 807 1460 873 cibantur
1510 805 1577 868 in
1619 823 1795 890 aqua
1836 799 2015 867 dulci
2054 824 2067 865 :
2116 810 2174 868 et
2221 801 2371 870 ideo
2432 803 2704 893 quando

1149 914 1389 979 volunt
1418 910 1640 977 cibare
1664 908 2023 998 anguillaS,
2050 919 2436 1001 praeparant
2456 933 2703 1000 aquam

1149 1022 1400 1088 claram
1468 1026 1542 1085 ut
1599 1019 1667 1084 in
1739 1018 1848 1086 illa
1908 1019 2070 1088 dent
2117 1021 2214 1089 eis
2272 1021 2502 1088 cibum
2548 1043 2562 1086 :
2642 1027 2704 1085 et

1150 1127 1419 1217 quando
1452 1126 1691 1194 volunt
1718 1126 1963 1218 piscari
1993 1128 2394 1220 anguillam,
2430 1126 2705 1193 turbant

1148 1255 1393 1324 aquam
1431 1257 1445 1300 :
1483 1243 1641 1302 tune
1700 1236 1881 1302 enim
1939 1233 2254 1301 turbatur
2304 1232 2607 1322 anguilla
2638 1240 2703 1299 et

1146 1340 1603 1419 confunditur,
1649 1350 1714 1408 et
1773 1340 2095 1430 fugiendo
2175 1362 2426 1429 aquam
2490 1341 2702 1407 sordi-

1145 1450 1302 1517 dam
1334 1450 1567 1517 incidit
1602 1472 1616 1514 :
1648 1472 1732 1515 ex
1763 1471 1940 1538 aqua
1979 1449 2162 1514 enim
2203 1448 2480 1516 sordida
2529 1450 2702 1517 dici-

1141 1565 1254 1623 tur
1289 1554 1694 1644 strangulari
1724 1562 2002 1644 propter
2038 1558 2425 1624 stricturam
2457 1566 2524 1625 et
2551 1581 2698 1647 par-

1143 1665 1423 1730 vitatem
1493 1661 1952 1730 branehorum
2039 1687 2347 1731 suorum.
2417 1664 2699 1755 Capitur

1142 1778 1368 1838 autern
1402 1771 1700 1862 anguilla
1746 1773 1814 1838 in
1862 1774 2166 1840 maxima
2195 1775 2570 1863 quantitate
2627 1776 2695 1841 in

1143 1879 1292 1947 loco
1326 1879 1629 1963 Gra-cim,
1665 1881 1779 1970 qui
1815 1880 2342 1968 Theotrocleyom
2366 1888 2690 1948 vocatur:

1143 1994 1230 2065 et,
1266 1988 1438 2054 sieut
1465 1987 1623 2054 dicit
1655 1987 1865 2069 Beda,
1891 1989 1960 2055 in
1985 1987 2278 2077 quadam
2308 1996 2500 2078 parte
2541 1990 2695 2056 Bri-

1140 2097 1413 2176 tanniae,
1458 2118 1608 2186 quae
1640 2094 2127 2185 anquillarum
2160 2106 2342 2164 terra
2380 2106 2687 2176 vocatur,

1139 2203 1208 2268 in
1248 2210 1399 2269 ortu
1439 2202 1736 2269 cosmico
1771 2201 2150 2279 Pleiadum,
2206 2210 2271 2271 et
2310 2201 2441 2271 hoe
2483 2195 2583 2271 est
2625 2205 2691 2271 in

1136 2310 1423 2399 septimo
1509 2307 1774 2377 decimo
1897 2310 2364 2378 Kalendarum
2456 2311 2679 2379 Junii:

1135 2416 1405 2507 quando
1473 2417 1677 2484 etiam
1715 2417 1976 2484 Taurus
2035 2419 2276 2501 oritur,
2329 2421 2490 2509 quia
2521 2428 2683 2489 tunc

1133 2525 1422 2591 cosmicv
1471 2525 1684 2590 oritur
1734 2547 1891 2591 cum
1949 2526 2092 2592 sole
2134 2525 2428 2595 stellatio
2464 2527 2686 2595 Pleia-

1131 2630 1320 2713 dum,
1355 2653 1435 2698 eo
1476 2630 1658 2720 quod
1720 2638 1880 2698 tunc
1922 2631 1988 2697 in
2021 2631 2137 2699 illo
2169 2631 2321 2700 loco
2355 2636 2686 2724 inspissa-

1131 2747 1240 2805 tur
1285 2762 1460 2829 aqua
1500 2762 1655 2806 cum
1688 2739 1831 2806 luto
1859 2764 1873 2807 ε
1909 2740 2095 2831 quod
2125 2742 2369 2809 accidit
2397 2766 2435 2810 a
2465 2745 2686 2811 ventis

1129 2847 1480 2936 oppositis,
1553 2847 1666 2936 qui
1737 2856 1897 2914 tune
1957 2847 2038 2914 de
2084 2856 2260 2916 terra
2319 2859 2686 2940 erumpunt

1130 2952 1305 3019 circa
1337 2953 1627 3042 primam
1668 2963 1932 3043 partem
1972 2955 2176 3033 veris,
2213 2956 2487 3046 quando
2539 2958 2684 3045 jam

1129 3069 1302 3126 terra
1343 3061 1582 3150 aperiri
1617 3068 1680 3126 et
1713 3062 1977 3128 evocari
2010 3070 2079 3130 et
2098 3062 2379 3131 exaltari
2420 3065 2678 3155 incipit.

1129 3165 1345 3235 Habet
1413 3176 1638 3236 autem
1692 3170 2046 3259 proprium
2100 3172 2429 3263 anguilla,
2502 3173 2684 3263 quod

1127 3297 1282 3342 eum
1356 3277 1669 3355 moritur,
1720 3299 1861 3343 non
1917 3286 2107 3346 natat
2162 3301 2369 3369 super
2426 3303 2676 3371 aquam

1127 3384 1298 3449 sicut
1340 3382 1449 3449 alii
1486 3384 1709 3473 pisces
1749 3387 2028 3462 mortui,
2063 3409 2144 3453 eo
2199 3387 2384 3477 quod
2449 3397 2688 3455 venter

1127 3490 1274 3576 ejus
1304 3497 1402 3557 est
1433 3488 1631 3556 valde
1665 3513 1942 3581 parvuS,
1977 3502 2041 3560 et
2087 3514 2331 3583 parum
2380 3496 2687 3562 ventosi-

1128 3599 1283 3665 tatis
1348 3609 1445 3669 est
1509 3600 1577 3665 in
1636 3622 1764 3667 eo:
1816 3608 1882 3668 et
1947 3601 2245 3690 signatio
2311 3600 2518 3693 hujus
2557 3612 2682 3685 est,

1129 3706 1454 3796 quoniam
1488 3728 1607 3796 per
1653 3707 2074 3775 anatomiam
2105 3708 2458 3798 probatur,
2504 3709 2685 3801 quod

1131 3811 1363 3879 inulta*
1395 3810 1715 3901 anguilla·
1758 3810 2011 3881 habent
2052 3815 2496 3904 parvissimos
2524 3839 2688 3882 ven-

1128 3925 1286 3997 treS,
1322 3921 1409 3986 ita
1442 3920 1624 4010 quod
1664 3920 1868 3987 etiam
1900 3922 2219 4013 quaedam
2250 3945 2487 3990 earum
2517 3946 2685 3990 ven·

1131 4036 1264 4094 tres
1302 4035 1366 4094 et
1399 4027 1718 4094 intestina
1759 4050 1897 4095 non
1926 4028 2247 4096 videntur
2266 4026 2520 4097 habere
2565 4053 2580 4098 :
2619 4040 2685 4096 vt

1127 4157 1283 4201 cum
1323 4131 1703 4202 extrahitur
1740 4134 1824 4202 ab
1885 4133 2176 4204 humore
2209 4139 2278 4204 in
2321 4159 2461 4229 quo
2522 4145 2679 4215 stat,

1126 4243 1299 4310 vivit
1347 4240 1516 4309 forte
1572 4265 1695 4332 per
1768 4244 2074 4335 quinque
2131 4244 2301 4323 dies,
2335 4247 2393 4313 si
2452 4253 2583 4314 stat
2615 4246 2682 4313 in

1127 4349 1276 4417 loco
1317 4350 1644 4418 umbroso
1684 4351 1957 4442 frigido,
1992 4361 2058 4421 et
2086 4354 2428 4445 pra-cipue
2468 4356 2525 4422 si
2559 4379 2685 4445 po-

1128 4466 1327 4525 natur
1383 4460 1451 4525 in
1502 4460 1839 4548 gramine,
1878 4468 1947 4528 et
1994 4484 2134 4529 non
2182 4461 2596 4553 impediatur
2642 4486 2680 4529 a

1127 4574 1344 4641 motu.
1404 4573 1469 4633 ct
1527 4568 1868 4657 praecipue
1926 4568 1980 4635 si
2047 4568 2135 4636 sit
2187 4568 2441 4638 inloco
2474 4593 2677 4660 quem

1120 4677 1358 4766 perflat
1398 4684 1647 4744 ventus
1705 4678 2284 4768 septentrionalis,
2333 4678 2406 4746 in
2472 4688 2676 4746 vento

1122 4784 1305 4850 enim
1372 4783 1797 4853 meridionali
1856 4808 2096 4876 parum
2134 4786 2329 4853 vivit.
2388 4783 2677 4866 Quando

1122 4897 1350 4957 autem
1382 4891 1518 4956 exit
1550 4912 1587 4957 a
1617 4890 1902 4959 lacubus
1941 4894 2011 4960 in
2068 4890 2316 4983 quibus
2390 4915 2680 4984 genera-

1121 5005 1252 5074 tur,
1296 4998 1349 5064 si
1398 5006 1595 5064 aestas
1655 4996 1882 5078 suerit,
1927 5000 2309 5068 morietur:
2343 5000 2398 5067 si
2443 5009 2671 5069 autem

1121 5102 1337 5171 hiems
1376 5110 1499 5181 est,
1533 5112 1595 5170 et
1640 5127 1778 5170 non
1826 5106 2382 5174 mortificativum
2431 5103 2670 5196 frigus,

1117 5211 1235 5279 sed
1275 5220 1753 5304 temperatum,
1786 5214 1956 5283 vivit
1995 5239 2012 5282 ε
2045 5216 2117 5283 in
2165 5214 2523 5283 excellenti
2554 5237 2672 5282 au-

1117 5327 1254 5388 tem
1312 5322 1561 5413 frigore
1628 5322 2019 5413 frequenter
2074 5346 2316 5393 omnes
2353 5322 2671 5415 anguilla*

1120 5431 1524 5500 moriuntur.

1205 5537 1448 5607 Adhuc
1489 5550 1721 5608 autem
1755 5538 2029 5633 quando
2069 5540 2299 5609 cibum
2330 5543 2574 5634 accipit
2607 5543 2671 5609 in

1118 5667 1298 5737 aqua
1352 5667 1592 5737 parva,
1632 5647 2100 5741 strangulatur
2126 5648 2516 5739 frequenter
2559 5672 2575 5717 ε
2609 5658 2672 5718 et

1119 5751 1250 5822 hoc
1306 5755 1509 5823 etiam
1565 5756 1808 5825 accidit
1853 5755 2003 5825 aliis
2033 5754 2356 5848 piscibus,
2398 5755 2457 5825 si
2487 5780 2671 5825 sem-

4243 423 4368 489 373

2813 610 2935 676 per
2985 587 3257 653 fuerunt
3317 588 3383 653 in
3444 610 3579 654 una
3632 611 3805 677 aqua
3854 599 3918 656 et
3952 588 4185 655 eadem
4219 613 4369 679 quw

2815 719 2933 784 per
2990 696 3326 761 influxum
3414 695 3713 785 aliquem
3767 720 3903 763 non
3972 709 4366 766 renovatur:

2813 810 3089 889 propter
3111 800 3522 888 quodetiam
3556 802 3680 867 sul)
3713 802 3926 891 glacie
3949 807 4165 891 pisces
4195 829 4370 895 saepe

2812 905 3255 972 suffocantur.
3302 906 3566 973 Accidit
3597 908 3800 974 etiam
3837 907 3963 976 hoe
4003 912 4367 1000 aliquando

2813 1015 2881 1079 in
2908 1014 3348 1102 spirantibuS‚
3386 1015 3660 1105 quando
3715 1017 3911 1085 fuerit
3952 1041 4066 1086 aer
4114 1043 4367 1109 paucus

2811 1122 2927 1211 qui
2962 1124 3276 1190 renovari
3325 1146 3468 1190 non
3508 1133 3731 1214 potest
3766 1146 3780 1192 ε
3818 1126 3951 1193 cito
3986 1129 4169 1194 enim
4202 1130 4367 1194 inn-

2812 1227 2947 1294 tilis
2981 1228 3283 1296 redditur
3323 1230 3406 1296 ad
3451 1231 3876 1320 refrigerium
3909 1235 4153 1312 cordis,
4189 1236 4359 1301 sicut

2809 1346 2874 1404 et
2913 1337 3023 1402 illc
3058 1338 3173 1426 qui
3206 1345 3532 1405 attractus
3564 1348 3663 1406 est
3692 1341 3760 1406 in
3793 1363 4061 1431 corpus,
4108 1351 4172 1407 et
4211 1366 4364 1409 enm

2810 1443 3173 1510 calefactus
3221 1455 3287 1511 et
3335 1445 3646 1512 fumosus
3680 1456 3803 1524 est,
3842 1459 4103 1538 oportet
4142 1450 4360 1539 ipsum

2807 1549 3053 1639 expelli
3086 1574 3124 1616 a
3183 1573 3467 1641 corpore
3517 1562 3582 1620 et
3612 1553 3822 1621 aloeo
3856 1555 3968 1644 qni
4004 1557 4178 1622 circa
4211 1579 4366 1622 cor-

2804 1680 2933 1746 pus
2963 1667 3090 1736 est,
3127 1668 3195 1726 et
3233 1659 3445 1726 alium
3479 1662 3817 1728 sincerum
3852 1662 4185 1730 attrahere
4224 1687 4238 1730 :
4301 1673 4367 1730 et

2803 1767 2900 1832 sic
2973 1777 3073 1834 est
3132 1768 3210 1836 de
3271 1768 3377 1835 his
3437 1793 3589 1861 qua*
3632 1793 3876 1861 aquam
3920 1773 4264 1839 attrahunt
4298 1783 4362 1840 et

2802 1883 3171 1941 evomunt:
3235 1884 3299 1942 et
3355 1879 3653 1943 maxime
3698 1878 4014 1968 anguillae
4054 1878 4193 1946 haec
4235 1903 4361 1970 pa-

2799 1986 3064 2051 tiuntur
3094 1993 3371 2073 propter
3402 1986 3785 2052 stricturam
3849 2010 4128 2054 suorum
4161 1987 4355 2055 bran-

2797 2092 3111 2160 chorum.
3149 2093 3478 2170 Qnaedam
3511 2102 3739 2161 autem
3762 2095 4082 2185 anguilla¹
4117 2099 4355 2165 vivunt

2798 2209 2951 2268 octo
2983 2203 3204 2282 annis,
3240 2209 3357 2267 aut
3396 2208 3680 2291 septem.

2885 2309 3129 2375 Adhuc
3185 2317 3416 2376 autem
3494 2310 3813 2401 anguillae
3887 2312 4195 2379 fluviales
4246 2337 4357 2380 eo-

2796 2417 3077 2484 medunt
3122 2417 3402 2500 radim-S,
3455 2427 3521 2485 et
3566 2417 3835 2497 herl›aS‚
3891 2429 3951 2486 et
4008 2418 4138 2488 hoc
4172 2421 4355 2510 quod

2795 2526 3152 2592 inveniunt
3216 2526 3280 2591 in
3360 2526 3534 2607 luto,
3596 2535 3660 2593 et
3715 2549 3834 2616 pro
3893 2529 4134 2615 majori
4167 2535 4354 2617 parte

2791 2641 3165 2722 pascuntur
3198 2632 3265 2697 in
3299 2640 3495 2699 nocte
3527 2655 3542 2699 :
3573 2634 3639 2699 in
3681 2633 3786 2699 die
3812 2642 4039 2701 autem
4072 2635 4356 2702 abscon-

2792 2739 3048 2805 duntur
3087 2741 3153 2804 in
3189 2739 3526 2828 profundo
3567 2763 3786 2829 aquae,
3831 2748 3947 2806 aut
3979 2743 4047 2806 in
4088 2743 4298 2808 antris
4335 2766 4349 2808 :

2793 2853 2856 2912 et
2924 2846 3083 2935 quia
3141 2847 3351 2935 frigus
3405 2845 3696 2912 multum
3756 2847 3950 2936 fugit,
3987 2856 4046 2914 ct
4104 2871 4350 2938 aquam

2792 2951 3038 3018 lentam
3092 2953 3344 3018 vim-mn
3404 2961 3467 3019 ct
3520 2952 3835 3030 calidam,
3872 2953 4024 3020 ideo
4057 2977 4194 3020 nnn
4244 2955 4352 3019 in-

2789 3063 3061 3128 venitur
3093 3063 3159 3128 in
3196 3061 3535 3137 Danubio,
3572 3086 3653 3128 eo
3686 3063 3870 3152 quod
3914 3074 4069 3129 ante¹
4126 3063 4352 3130 fauces

2792 3168 3067 3258 Alpium
3121 3170 3206 3233 al»
3284 3168 3647 3237 Occidente
3706 3170 3774 3237 in
3820 3167 4164 3237 Orientem
4203 3171 4347 3236 lluit

2792 3275 3191 3343 Danubius:
3253 3285 3316 3343 ct
3361 3278 3585 3365 major
3642 3301 3796 3366 pars
3826 3300 4160 3368 aquarum
4196 3301 4347 3367 qua·

2790 3385 3007 3450 lluunt
3054 3386 3118 3450 in
3163 3384 3414 3473 ipsum,
3450 3385 3664 3451 eslluit
3695 3407 3778 3452 ex
3811 3384 4120 3474 Alpibus,
4157 3392 4219 3449 vt
4252 3393 4346 3451 cst

2789 3515 2954 3558 suus
2995 3494 3219 3558 {luxus
3286 3499 3442 3559 {inte
3511 3492 3718 3582 Alpes
3759 3503 4059 3583 exparte
4091 3492 4351 3582 aquilo·

2793 3600 2962 3665 nari.

2886 3703 3040 3770 ttaec
3116 3727 3280 3795 ergo
3331 3711 3396 3772 et
3449 3703 3603 3773 talis
3669 3712 3771 3772 est
3829 3704 4183 3794 dispositio
4215 3705 4344 3771 cibi

2792 3813 3106 3901 piscium.
