4919 6371
562 373 696 442 526

565 548 875 632 quenter,
910 535 1070 623 quia
1100 531 1381 600 emissio
1433 530 1795 618 spermatis
1844 530 1911 597 in
1952 530 2136 598 coitu

564 650 641 715 fit
667 638 955 712 diversis
982 637 1415 729 impulsibuS,
1452 646 1518 704 et
1561 661 1699 705 non
1744 662 1911 721 une,
1945 646 2011 705 et
2066 638 2139 703 in

562 754 790 843 aliquo
823 746 1227 840 propellitur
1245 769 1519 838 sperma
1546 747 1731 837 quod
1762 746 2139 815 effunditur

561 884 601 928 a
628 860 866 927 dextro
902 879 916 923 :
953 855 1322 945 aliquando
1365 864 1598 925 autem
1648 853 2013 945 expellitur
2070 852 2138 920 id

564 965 745 1057 quod
775 972 876 1032 est
906 986 946 1032 a
984 963 1282 1041 sinistro,
1328 971 1395 1030 et
1432 960 1804 1051 aliquando
1832 960 2139 1050 permix-

560 1084 711 1143 tum
742 1072 1031 1142 ess'usum
1064 1080 1165 1140 est
1196 1094 1281 1138 ex
1310 1079 1605 1158 utroque
1640 1091 1655 1134 ε
1703 1075 1768 1135 et
1797 1067 1952 1135 ideo
1982 1089 2138 1134 cau-

564 1206 639 1250 sa
704 1180 1224 1251 masculinitatis
1271 1187 1340 1244 et
1388 1175 1885 1243 foemininitatis
1943 1171 2134 1263 quasi

556 1313 826 1381 semper
855 1297 960 1356 est
988 1284 1369 1355 secundum
1402 1282 1846 1364 differentias,
1872 1288 1940 1347 et
1980 1304 2131 1347 raro

558 1398 765 1467 habet
834 1416 1113 1465 causam
1183 1390 1565 1480 simplicem
1627 1410 1642 1455 ε
1707 1397 1775 1456 et
1855 1388 2129 1479 quando

558 1505 852 1596 aequales
889 1508 1051 1569 sunt
1096 1504 1579 1566 concurrentes
1616 1519 1842 1564 causae
1896 1495 1984 1563 ad
2019 1496 2133 1563 in-

557 1614 845 1704 guinum
921 1607 1435 1689 formationem,
1479 1613 1642 1672 tunc
1701 1604 1777 1671 sit
1853 1602 2132 1673 herma-

553 1717 932 1809 phroditus.
982 1712 1315 1781 Similiter
1344 1720 1575 1779 autem
1631 1711 1927 1779 intuenti
1982 1719 2128 1777 tota

553 1834 619 1892 et
655 1846 819 1892 vera
854 1845 1060 1891 causa
1098 1829 1199 1890 est
1236 1819 1426 1889 calor
1455 1819 1916 1910 spermati5‚et
1944 1819 2122 1897 alife,

558 1953 778 1999 causae
807 1951 959 2020 quae
988 1935 1148 1995 sunt
1176 1929 1245 1993 in
1302 1927 1590 1994 materia
1629 1923 1964 2004 mulieris,
2008 1948 2127 2007 aut

554 2039 624 2104 in
663 2035 815 2105 loco
847 2034 1174 2113 matriciS‚
1207 2041 1369 2100 sunt
1416 2053 1639 2098 eausae
1687 2031 2126 2121 disponentes

551 2146 660 2213 vel
717 2143 1182 2212 coadunantes
1259 2147 1325 2206 et
1390 2140 1898 2229 praeparatoriae
1960 2160 1975 2205 ε
2057 2146 2123 2207 et

553 2253 702 2319 ideo
736 2253 805 2318 in
835 2250 1110 2316 sinistro
1160 2248 1307 2336 ejus
1371 2269 1552 2336 saepe
1609 2246 1683 2314 fit
1741 2268 1914 2331 mae,
1946 2254 2013 2315 et
2051 2247 2119 2313 in

551 2361 786 2430 dextro
812 2359 962 2446 ejus
997 2380 1176 2447 saepe
1208 2356 1284 2424 lit
1320 2355 1626 2423 soemina.
1665 2354 1802 2423 Sed
1832 2363 1995 2423 tunc
2023 2362 2121 2423 ta-

549 2464 633 2532 lis
691 2486 837 2532 mas
865 2460 1071 2531 habet
1100 2459 1367 2550 aliquas
1415 2460 1869 2550 proprietates
1888 2459 2119 2527 soemi-

551 2596 681 2652 nae,
715 2580 780 2641 et
808 2571 962 2641 talis
983 2570 1262 2639 foemina
1280 2567 1485 2636 habet
1515 2568 1783 2660 aliquas
1819 2570 2119 2660 proprie·

547 2687 720 2748 tates
759 2679 988 2746 maris.

633 2785 834 2866 Quod
862 2794 1091 2853 autem
1132 2785 1203 2852 in
1251 2784 1803 2874 prm-cedentibus
1834 2783 2117 2851 induxi-

543 2916 718 2971 muS.
771 2891 955 2983 quod
994 2891 1315 2959 videlicet
1367 2914 1641 2981 sperma
1693 2893 1761 2958 in
1812 2890 2116 2981 quadra-

540 3002 730 3092 ginta
760 3000 1000 3069 diebus
1030 2999 1382 3080 dividitur,
1419 3010 1483 3068 et
1536 3002 1771 3091 recipit
1820 3000 2112 3068 divisio-

537 3131 694 3177 nem
735 3131 856 3199 per
888 3109 1142 3200 ligurus
1173 3107 1640 3176 membrorum
1683 3108 2106 3200 embryonis,

537 3215 913 3285 secundum
955 3214 1398 3283 Aristotelem
1438 3215 1698 3284 dictum
1738 3215 1890 3295 fuit,
1923 3225 1995 3286 et
2022 3237 2111 3284 ex

535 3320 667 3389 hoc
718 3320 917 3390 multi
958 3320 1396 3391 crediderunt
1448 3347 1608 3391 eum
1656 3323 1835 3392 velle
1884 3322 2108 3391 dicere

539 3425 708 3496 nihil
739 3428 809 3494 in
838 3430 1280 3518 generatione
1312 3452 1488 3510 esse,
1524 3431 1655 3498 nisi
1694 3430 2104 3521 sanguinem

538 3543 970 3604 menstruum
1009 3535 1319 3605 mulieris
1386 3545 1457 3606 et
1514 3560 1787 3628 sperma
1833 3537 1992 3620 viri,
2039 3546 2107 3607 et

536 3643 634 3713 sic
699 3643 1058 3714 mulierem
1117 3668 1391 3735 sperma
1431 3645 1699 3715 nullum
1756 3646 2011 3717 habere
2082 3671 2101 3717 ε

529 3749 647 3818 sed
699 3749 783 3819 de
831 3748 960 3819 hoc
1014 3752 1111 3820 rei
1151 3753 1408 3820 veritas
1457 3762 1584 3833 est,
1628 3753 1819 3844 quod
1869 3752 2099 3846 aliqua

532 3857 779 3927 mulier
815 3858 887 3929 in
917 3859 1102 3928 coitu
1132 3858 1508 3950 aliquando
1546 3863 1798 3931 emittit
1838 3864 1908 3931 in
1945 3886 2103 3932 ma-

535 3969 777 4036 tricem
850 3966 1216 4035 humorem
1300 3968 1563 4049 album,
1634 3979 1702 4039 et
1766 3971 2102 4041 emittitur

537 4098 693 4144 cum
723 4073 1199 4156 delectatione,
1233 4087 1302 4145 et
1330 4100 1454 4168 per
1480 4078 1818 4169 impulsus
1837 4103 2101 4149 succes-

536 4182 721 4251 sivos
766 4182 942 4253 sicut
987 4183 1097 4250 vir
1131 4206 1407 4274 sperma
1446 4187 1697 4255 emittit
1732 4208 1749 4255 ε
1791 4194 1860 4257 et
1886 4189 2097 4256 etiam

538 4287 789 4357 humor
816 4287 927 4358 ille
965 4312 1007 4357 a
1036 4292 1219 4357 vasis
1248 4291 1637 4361 seminariis
1665 4291 1978 4362 mulieris
2006 4293 2103 4364 ef-

537 4394 868 4476 funditur,
910 4395 1085 4466 sicut
1114 4396 1288 4466 bene
1317 4406 1387 4467 et
1415 4401 1749 4468 veraciter
1775 4400 1941 4471 dicit
1967 4401 2099 4469 Ga·

537 4503 732 4575 lenus
774 4525 791 4572 ε
826 4503 946 4574 sed
984 4514 1216 4576 tamen
1248 4507 1421 4577 nihil
1460 4506 1711 4579 horum
1739 4509 2004 4584 confert
2032 4511 2093 4580 ei

536 4629 787 4676 nomen
825 4609 1184 4699 spermatis
1214 4618 1283 4679 et
1319 4614 1660 4683 rationem
1705 4637 1723 4682 z
1767 4637 1893 4684 nec
1937 4637 2098 4685 om-

536 4717 641 4784 nis
670 4714 917 4785 mulier
942 4715 1150 4787 habet
1195 4718 1404 4789 talem
1442 4718 1809 4792 humorem
1852 4745 1870 4790 ε
1924 4722 2096 4792 albae

535 4823 719 4892 enim
749 4822 1028 4905 habent,
1061 4827 1275 4919 nigrae
1324 4836 1558 4897 autem
1607 4852 1771 4908 non.
1818 4831 1995 4901 sicut
2022 4832 2095 4902 in

534 4929 978 5021 sequentibus
1034 4932 1239 5023 liujus
1299 4937 1605 5006 scientim
1652 4935 1942 5009 dicetur.
2012 4936 2097 5006 Et

535 5036 689 5108 ideo
721 5036 1093 5108 nonhabet
1127 5044 1496 5132 spermatis
1528 5045 1868 5114 rationem
1904 5068 1921 5115 ε
1961 5043 2095 5116 hoc

535 5142 719 5211 enim
749 5140 936 5232 quod
975 5146 1197 5234 magis
1232 5146 1365 5215 sibi
1404 5150 1746 5218 rationem
1781 5171 2098 5240 sperma-

532 5246 620 5314 tis
647 5246 1009 5320 videbatur
1044 5251 1379 5331 conferre.
1423 5262 1528 5323 est
1566 5254 1757 5345 quod
1793 5253 2095 5329 ess'undi-

531 5360 645 5421 tur
679 5375 720 5421 a
766 5354 950 5423 vasis
986 5360 1401 5441 seminariis,
1444 5369 1512 5430 et
1558 5357 1693 5428 hoc
1731 5382 1873 5428 non
1922 5384 2096 5432 oon-

529 5460 658 5529 fert
684 5462 748 5528 ei
792 5483 810 5529 ε
861 5464 1022 5553 quia
1057 5475 1126 5533 et
1162 5467 1268 5535 vir
1304 5465 1674 5538 humorem
1723 5468 2093 5560 quemdam

532 5568 843 5638 mediani
878 5571 1054 5640 inter
1081 5595 1333 5666 aquam
1370 5584 1443 5646 et
1471 5598 1745 5669 sperma
1772 5574 2094 5670 aliquan-

530 5675 618 5745 do
646 5678 902 5749 emittit
929 5701 1053 5770 per
1073 5703 1240 5752 vasa
1275 5685 1562 5754 seminis
1601 5684 1925 5767 effusum,
1967 5710 2095 5761 nec

1565 357 1650 424 D.
1702 357 1904 426 ALB.
1958 357 2176 429 MAG.
2230 357 2434 427 ORD.
2491 361 2779 429 PRAED.

2258 539 2484 599 tamen
2548 533 2695 600 ideo
2756 534 3110 624 spermatis
3179 530 3382 598 habet
3432 531 3790 599 rationem.

2253 638 2449 717 Quod
2484 652 2706 707 autem
2738 666 2892 709 cum
2927 641 3370 708 delectatione
3403 638 3792 718 effunditur,

2252 768 2389 813 non
2437 747 2869 836 facit-ipsum
2929 771 3086 815 vere
3155 770 3299 814 esse
3359 769 3652 835 sperma,
3716 770 3795 813 eo

2251 853 2431 943 quod
2492 878 2736 920 nomen
2805 857 3186 944 spermatis·
3229 863 3330 920 est
3386 878 3470 922 ex
3538 855 3796 921 ratione

2248 960 2515 1025 virtutis
2555 962 2956 1028 seminitivae
2987 983 3001 1027 ε
3041 969 3106 1027 et
3139 961 3223 1027 ad
3249 959 3379 1027 hoc
3409 983 3546 1027 non
3580 963 3795 1028 inteu-

2248 1065 2428 1132 ditur
2466 1066 2812 1133 delectatio
2862 1066 3233 1134 secundum
3285 1075 3624 1149 naturam,
3672 1067 3788 1134 sed

2246 1172 2621 1250 delectati0‚
2654 1181 2721 1239 ut
2753 1173 2912 1240 dicit
2942 1171 3450 1250 Constantinus,
3495 1176 3790 1263 apponi-

2246 1286 2355 1345 tur
2383 1281 2587 1346 coitui
2630 1288 2696 1346 ut
2738 1279 2887 1370 plus
2927 1287 3308 1370 appetatur,
3345 1288 3409 1346 et
3441 1279 3536 1346 sic
3567 1281 3785 1347 conti-

2244 1395 2492 1453 nuetur
2520 1390 2888 1476 generatio.

2330 1492 2590 1559 Accidit
2621 1503 2846 1561 autem
2891 1493 3250 1562 delectatio
3279 1516 3361 1560 ex
3412 1491 3566 1572 hoc,
3604 1493 3787 1584 quod

2239 1597 2307 1664 in
2341 1600 2618 1666 veritate
2652 1598 2951 1666 membra
2992 1599 3309 1689 genitalia
3343 1622 3464 1688 per
3492 1600 3789 1667 inflatio-

2239 1727 2395 1771 nem
2436 1713 2498 1773 et
2547 1706 2835 1772 calorem
2884 1715 2950 1773 et
2987 1715 3254 1772 motum
3301 1715 3368 1773 et
3407 1706 3782 1774 resolutio-

2236 1832 2392 1877 nem
2455 1820 2887 1878 removentur
2941 1835 2980 1879 a
3029 1812 3322 1878 naturali
3389 1820 3456 1877 et
3507 1814 3782 1902 propria

2235 1918 2664 1984 consistentia
2722 1941 2736 1985 :
2780 1925 2844 1984 et.
2891 1926 3116 1985 tamen
3166 1915 3297 1984 hoc
3345 1917 3587 1985 accidit
3632 1920 3776 1985 sine

2234 2024 2467 2091 dolore
2533 2035 2804 2114 propter
2857 2024 3156 2092 libidinis
3214 2025 3574 2091 servorem.
3630 2025 3774 2114 Ego

2231 2133 2413 2200 enim
2462 2131 2597 2198 vidi
2647 2133 3008 2221 quemdam
3058 2132 3176 2221 qui
3229 2131 3774 2201 vulnerationem

2228 2243 2436 2331 virga}
2493 2241 2760 2308 cultello
2818 2241 3060 2309 factam
3122 2264 3261 2308 non
3323 2244 3558 2320 sensit,
3611 2243 3774 2309 dum

2229 2359 2406 2418 esset
2451 2351 2519 2417 in
2571 2350 2828 2419 fervere
2880 2350 3205 2419 libidinis.
3263 2350 3508 2419 Postea
3542 2361 3773 2419 autem

2222 2467 2557 2547 spermate
2586 2457 2976 2528 decurrente
3005 2481 3122 2548 per
3161 2459 3495 2549 impulsus
3534 2458 3769 2527 diver-

2225 2586 2337 2631 sos
2371 2588 2573 2655 super
2618 2565 3062 2633 substantiam
3110 2565 3480 2633 distensam
3521 2568 3775 2635 excitat

2224 2673 2738 2741 delectationem
2770 2698 2851 2741 ex
2893 2674 3132 2741 tribus.
3169 2673 3249 2741 131
3284 2676 3579 2764 primum
3613 2675 3771 2764 qni-

2225 2783 2376 2849 dem
2420 2791 2517 2850 est
2570 2783 2706 2872 ipse
2756 2792 2980 2849 motus
3028 2784 3142 2873 qui
3203 2792 3433 2850 movet
3481 2784 3761 2851 interius

2222 2890 2541 2965 distensa,
2615 2914 2760 2981 quae
2825 2915 2964 2959 non
3022 2892 3318 2959 distensa
3386 2916 3524 2959 non
3594 2892 3764 2958 adeo

2220 2998 2549 3089 profunde
2590 3007 2913 3075 moveret,
2958 3022 3080 3066 nec
3114 3007 3422 3087 tangeret
3472 3020 3763 3065 nervos:

2219 3115 2282 3175 et.
2316 3110 2439 3174 ista
2479 3104 2771 3173 titillatio
2804 3116 2902 3174 est
2934 3106 3175 3174 similis
3216 3107 3583 3174 titillationi
3618 3129 3768 3198 quae

2216 3214 2287 3283 tit
2319 3214 2589 3305 quando
2629 3214 2880 3304 digitus
2923 3225 3166 3283 unctus
3218 3216 3461 3283 lenitet
3502 3215 3772 3283 ducitur

2216 3322 2542 3390 raseando
2571 3346 2775 3413 super
2812 3331 3162 3413 apostema
3194 3322 3377 3413 quod
3407 3324 3637 3391 sanari
3672 3324 3772 3390 in-

2213 3430 2374 3523 cipit
2422 3453 2438 3500 :
2491 3431 2608 3499 sed
2656 3454 2775 3498 nec
2821 3430 3041 3499 adhuc
3109 3430 3195 3499 ad
3243 3432 3769 3500 consistentiam

2214 3547 2446 3608 tumor
2492 3539 2710 3617 rediit,
2771 3548 3226 3631 praeterquam
3283 3540 3356 3608 in
3403 3538 3535 3608 hoc
3580 3540 3769 3631 quod

2210 3648 2567 3719 delectatio
2613 3649 2828 3717 coitus
2873 3650 3097 3738 maJor
3138 3658 3268 3728 est,
3320 3672 3404 3716 eo
3444 3649 3630 3740 quod
3659 3647 3764 3716 le-

2211 3757 2364 3823 nius
2401 3765 2468 3824 et
2497 3756 2894 3847 profundius
2924 3757 3165 3848 tangit.
3204 3754 3520 3824 Secunda
3549 3778 3759 3824 causa

2207 3861 2667 3932 delectationis
2740 3873 2840 3931 est
2912 3862 3257 3954 pinguedo
3325 3871 3390 3930 et
3467 3872 3756 3930 unctura

2204 3971 2592 4062 spermatis,-
2644 3992 2762 4059 per
2815 3993 3021 4061 quam
3099 3968 3410 4038 membra
3457 3967 3543 4036 ad
3588 3992 3756 4059 pro-

2204 4082 2422 4171 priam
2466 4087 2889 4147 revertuntur
2935 4079 3394 4168 integritatem
3440 4100 3455 4146 :
3499 4086 3563 4145 et
3607 4075 3754 4144 liaec

2201 4187 2557 4256 delectatio
2586 4196 2684 4254 est
2714 4184 2955 4253 similis
2982 4184 3410 4254 delectationi
3437 4206 3746 4274 unguen-

2202 4294 2249 4361 ti
2306 4316 2510 4385 super
2570 4302 2917 4383 apostema
2974 4292 3299 4382 impositi,
3358 4291 3476 4360 sed
3529 4291 3748 4358 vincit

2200 4424 2353 4470 eam
2390 4402 2457 4468 in
2490 4400 2891 4488 majoritate.
2923 4398 3148 4467 Tertia
3194 4420 3397 4466 causa
3444 4396 3756 4466 delecta-

2200 4510 2407 4577 tionis
2425 4517 2528 4578 est
2552 4517 2774 4577 motus
2794 4508 3095 4598 spiritus,
3123 4509 3237 4599 qui
3262 4531 3382 4598 per
3400 4507 3632 4575 onmia
3659 4507 3756 4573 in-

2199 4616 2447 4686 teriora
2518 4614 2826 4684 discurrit
2871 4624 2940 4684 et
3009 4614 3353 4684 subtiliter
3395 4623 3462 4684 et
3517 4614 3753 4706 intime

2197 4725 2415 4816 tangit
2456 4731 2570 4793 :et
2601 4722 2711 4790 ille
2742 4723 2946 4791 etiam
2995 4724 3452 4792 intensionem
3510 4732 3574 4788 et
3629 4722 3753 4788 im-

2198 4833 2575 4925 potentiam
2621 4832 2986 4924 quamdam
3029 4833 3235 4900 totius
3286 4833 3594 4922 corporis
3639 4832 3753 4898 in-

2201 4937 2410 5017 ducit,
2459 4947 2529 5007 et
2575 4936 2668 5005 illi
2717 4934 2883 5004 nihil
2930 4935 3152 5006 simile
3182 4947 3286 5005 est
3323 4937 3392 5006 in
3425 4944 3595 5013 tote,
3632 4934 3751 5002 sed

2200 5045 2455 5137 aliquid
2480 5043 2700 5113 simile
2740 5044 2938 5112 estin
2967 5053 3155 5136 parte
3199 5068 3215 5114 ε
3258 5044 3448 5114 verbi
3497 5044 3742 5133 gratia,

2198 5155 2571 5224 ventositas
2607 5176 2756 5243 quae
2785 5175 3030 5244 corpus
3068 5154 3376 5224 extendit
3403 5162 3469 5222 et
3499 5154 3750 5221 oscita-

2201 5286 2271 5335 re
2316 5261 2500 5332 facit.
2554 5258 2976 5349 Coeperatur
3019 5270 3248 5331 autem
3306 5258 3746 5329 delectationi

2197 5373 2419 5444 carnis
2443 5377 2513 5439 et
2540 5369 2747 5459 virgae
2775 5378 2841 5437 et
2890 5393 3258 5439 nervorum
3306 5366 3742 5444 sensibilitas,

2197 5479 2473 5550 humori
2508 5478 2864 5568 spermatis
2901 5485 2970 5546 et
2994 5479 3278 5570 spiritus
3309 5475 3554 5546 ultimo
3584 5498 3750 5545 con-

2194 5588 2480 5658 veniens
2514 5608 2531 5656 ε
2571 5593 2637 5654 et
2677 5584 2826 5655 ideo
2868 5594 3087 5655 tactus
3128 5587 3434 5677 ipsorum
3485 5593 3588 5654 est
3634 5592 3748 5653 ta-

2194 5705 2344 5766 ctus
2371 5694 3172 5765 convenientissimorum
3207 5717 3223 5765 :
3258 5701 3535 5788 propter
3560 5690 3749 5785 qued
