4919 6371
1192 1416 1364 1484 GAP
1378 1417 1485 1486 Ur
1532 1417 1620 1483 V.

634 2159 737 2225 De
760 2158 1120 2247 «sonoribus
1148 2159 1555 2225 leit-ieiorum
1599 2167 1663 2224 e!
1691 2157 2011 2225 ηαίηναὶἱ
2048 2157 2195 2224 dis-

1092 2266 1432 2355 positione
1469 2286 1729 2331 eorum.

730 3125 1141 3194 lliriciorum
1208 3136 1437 3192 autem
1515 3126 1943 3193 marinorum
2009 3125 2195 3194 modi

637 3257 877 3302 onmes
907 3242 1138 3302 carent
1166 3257 1392 3310 carne,
1419 3233 1576 3301 licet
1604 3232 1772 3301 alias
1802 3241 2025 3324 partes
2052 3258 2199 3304 cor-

635 3367 879 3435 porum
917 3344 1375 3411 animatorum
1435 3343 1843 3433 sanguinem
1895 3367 2031 3413 non
2072 3345 2192 3414 lia-

634 3452 937 3520 bentinm
987 3452 1239 3519 habere
1296 3451 1696 3543 probentur.
1763 3452 1912 3521 lloc
1966 3462 2195 3522 autern

631 3560 813 3651 quod
851 3583 1052 3628 earne
1083 3569 1339 3645 carent,
1385 3560 1512 3629 lioc
1549 3569 1654 3630 est
1687 3561 2044 3653 proprium
2074 3585 2200 3632 eo-

629 3693 780 3738 rum
817 3691 833 3737 :
872 3670 1046 3737 inter
1074 3680 1298 3738 ostrea
1328 3668 1582 3737 liabent
1614 3670 1684 3738 in
1715 3670 2015 3740 molliori
2045 3696 2199 3763 pan-

633 3787 694 3846 te
724 3801 846 3845 sua
877 3801 1031 3869 qua·
1064 3787 1162 3845 est
1191 3786 1454 3855 venter,
1482 3786 1711 3869 partes
1741 3780 1995 3871 nigras,
2024 3778 2199 3847 Mul-

629 3895 697 3954 ta
725 3894 951 3953 autem
987 3885 1183 3952 valde
1234 3897 1390 3955 sunt
1434 3886 1835 3955 hiric-iorum
1886 3889 2195 3956 marino-

637 4018 787 4063 rum
826 4018 1102 4084 gene-ra.
1148 3995 1251 4062 Ex
1297 3996 1395 4063 eis
1434 4006 1668 4064 autem
1715 4019 1933 4065 unum
1972 3998 2197 4089 quod-

629 4100 787 4168 dam
826 4123 1043 4190 genus
1100 4108 1203 4169 est
1256 4100 1518 4180 esibile,
1567 4110 1636 4169 et
1693 4101 1762 4169 in
1820 4101 1939 4172 illo
1998 4103 2197 4172 inve-

629 4210 907 4277 niuntur
945 4232 1074 4277 ova
1113 4209 1330 4276 multa
1378 4220 1518 4277 tam
1581 4211 1652 4277 in
1700 4213 1931 4301 parvis
1986 4234 2193 4305 quam

631 4319 699 4384 in
739 4317 1031 4406 magnis,
1065 4326 1130 4385 et
1181 4316 1291 4384 illa
1332 4341 1465 4387 ova
1512 4326 1674 4387 sunt
1713 4319 1784 4386 in
1822 4320 1922 4387 eis
1969 4343 2009 4388 a
2049 4320 2194 4411 pri-

629 4446 740 4490 ma
787 4425 1254 4513 generatione.
1304 4425 1450 4493 Oea
1498 4435 1733 4495 autem
1774 4429 1844 4496 in
1875 4425 1982 4495 his
2010 4436 2078 4497 et
2123 4429 2193 4497 in

628 4530 947 4598 omnibus
976 4532 1221 4600 ostreis
1259 4556 1434 4600 voco
1493 4533 1946 4604 rotunditates
1988 4535 2193 4605 duras

630 4660 782 4728 qua·
814 4639 1214 4727 tnarqare’tae
1241 4646 1578 4707 vocantur
1607 4661 1626 4708 τ
1660 4637 1813 4708 haec
1860 4643 2043 4709 enirn
2082 4642 2195 4710 in-

630 4745 998 4815 veniuntur
1033 4748 1104 4815 in
1145 4747 1306 4838 ipsis
1346 4746 1589 4817 mediis
1626 4749 2030 4842 corporibus
2078 4775 2193 4821 os-

635 4862 936 4923 treorum
976 4856 1047 4923 in
1075 4879 1193 4924 ore
1223 4856 1734 4927 comedentium
1766 4883 1846 4927 ea
1880 4882 1896 4927 :
1932 4869 1999 4929 et
2027 4861 2191 4929 dum

638 4970 1053 5053 putrescunt.
1106 4972 1460 5033 remanent
1509 4967 1689 5036 inter
1743 4989 1985 5037 arenas
2042 4992 2196 5038 ma·

639 5071 809 5138 riuni
851 5079 912 5138 et
956 5072 1322 5140 fluviorum
1358 5094 1374 5141 :
1413 5074 1483 5141 in
1513 5075 1795 5144 conchis
1824 5075 2097 5146 lacuum
2127 5089 2195 5148 et

636 5178 997 5245 nux-inrum
1038 5179 1482 5249 inveniuntur
1518 5181 1589 5249 in
1617 5182 1772 5252 loco
1815 5185 1881 5251 iu
1912 5207 2049 5276 quo
2079 5187 2196 5254 ad-

633 5286 837 5353 haeret
879 5288 1132 5354 animal
1182 5289 1489 5369 conchae,
1533 5299 1599 5358 et
1645 5311 1787 5360 non
1827 5295 2195 5362 inveniun-

632 5403 740 5460 tur
770 5396 837 5461 in
867 5397 1213 5475 omnibus,
1256 5422 1381 5466 ner
1423 5400 1870 5469 inveniuntur
1898 5404 1967 5470 in
1998 5405 2094 5471 eis
2124 5406 2191 5471 in

634 5499 879 5591 quibus
926 5514 1081 5572 sunt
1125 5504 1249 5571 nisi
1302 5504 1465 5571 ‹lum
1522 5504 1694 5572 vivit
1742 5506 1999 5574 animal
2049 5529 2065 5574 :
2127 5516 2195 5576 et

636 5605 763 5675 hoc
801 5632 922 5700 per
957 5612 1449 5703 experientiam
1480 5609 1833 5682 multoties
1869 5614 2194 5705 probavi-

640 5736 816 5782 muS.
860 5713 971 5782 De‘
1001 5739 1288 5786 nunu-ro
1327 5726 1554 5788 autem
1595 5715 1994 5788 hiriciorum
2034 5729 2193 5790 sunt

1677 375 1763 443 D.
1818 373 2015 441 ALB.
2071 372 2286 440 MAG.
2343 371 2547 441 ORD.
2602 370 2899 440 PRAED.

2289 545 2420 613 alia
2459 546 2592 612 duo
2625 565 2873 636 genera
2903 565 3055 632 qua>
3087 542 3364 610 nomina
3405 546 3678 633 propria
3708 544 3839 611 ha-

2284 654 2469 732 bent,
2515 678 2666 744 quae
2709 652 3149 720 inveniuntur
3181 655 3246 719 in
3274 652 3541 743 pelage,
3577 652 3695 719 sed
3726 675 3839 718 ra-

2285 786 2386 840 ro,
2433 763 2834 852 quia·pauca
2863 771 3045 828 sunt.
3091 761 3426 829 Dicuntur
3454 769 3683 828 autem
3721 761 3837 827 lei-

2288 870 2441 935 ricit‘
2470 867 2849 958 pelaqales.
2903 868 3003 935 De
3052 891 3336 935 numero
3388 877 3614 936 autem
3668 866 3839 934 hiri-

2286 978 2548 1042 ciorum
2588 982 2747 1041 sunt
2784 976 2991 1041 etiam
3032 975 3305 1064 quidam
3347 975 3564 1044 hiricii
3603 976 3838 1065 magni

2289 1083 2613 1173 σοφούς,
2678 1090 2743 1149 et
2808 1081 3082 1171 quidam
3155 1085 3347 1171 parvi
3411 1085 3713 1174 corporis
3772 1092 3838 1150 et

2292 1191 2661 1259 multarum
2701 1189 2894 1257 valde
2943 1192 3291 1280 spinarum
3341 1200 3404 1257 et
3446 1193 3769 1259 durarum
3816 1213 3831 1257 ε

2290 1307 2356 1367 et
2403 1298 2674 1389 quando
2733 1297 3096 1375 invenitur,
3168 1297 3496 1387 quan-itur
3549 1299 3619 1363 in
3674 1321 3840 1386 pro-

2291 1409 2500 1477 fundo
2549 1410 2756 1476 maris
2815 1431 2829 1474 ε
2877 1415 2943 1475 et
2997 1405 3127 1475 hoc
3184 1430 3397 1498 genus
3452 1406 3708 1475 accedit
3755 1407 3841 1474 ad

2293 1517 2736 1608 quantitatem
2777 1514 2960 1582 modi
3000 1516 3382 1583 communis
3413 1515 3833 1583 hiriciorum.

2296 1624 2372 1691 ln
2394 1625 2564 1690 mari
2595 1631 2823 1690 autem
2844 1621 3075 1691 Ionico
3091 1625 3288 1712 juxta
3313 1624 3661 1712 regionem
3684 1644 3837 1713 quoe

2296 1731 2502 1799 Corvi
2531 1732 2942 1808 nominatur,
2997 1737 3098 1796 est
3134 1752 3349 1820 genus
3396 1729 3615 1797 hiricii
3664 1729 3837 1796 albae

2293 1845 2482 1905 testae
2540 1846 2606 1904 et
2661 1835 2833 1904 albae
2889 1839 3102 1926 spinze
3160 1846 3225 1904 et
3280 1837 3591 1904 alborum
3639 1836 3837 1904 valde

2295 1966 2607 2023 ovorum,
2650 1953 2718 2012 et
2764 1951 2864 2011 est
2899 1944 3122 2032 majus
3161 1946 3229 2011 in
3269 1946 3642 2035 quantitate
3689 1943 3840 2011 aliis

2294 2052 2656 2144 generibus
2703 2051 3121 2129 hiriciorum‚
3174 2061 3239 2119 et
3294 2074 3428 2120 non
3486 2049 3691 2118 habet
3748 2058 3842 2118 te·

2295 2170 2468 2229 stam
2500 2183 2821 2251 magnam
2852 2182 3070 2249 neque
3103 2160 3368 2227 sortem.
3406 2160 3642 2226 Partes
3672 2182 3835 2226 vero

2296 2266 2508 2356 nigrae
2540 2288 2690 2355 quae
2722 2272 2879 2331 sunt
2916 2273 3067 2353 post
3097 2287 3172 2330 os
3205 2265 3439 2353 ipsius,
3472 2273 3632 2331 sunt
3668 2261 3843 2330 mul-

2296 2382 2381 2441 tae
2425 2372 2773 2464 applicata:
2814 2380 2881 2439 et
2925 2373 3333 2439 conculcata·
3383 2372 3467 2438 ml
3519 2371 3834 2462 invicem.

2297 2483 2590 2550 Iliricius
2627 2503 2790 2549 vero
2829 2479 2945 2571 qui
2974 2481 3410 2548 comestibilis
3442 2488 3566 2558 est,
3612 2502 3841 2548 move-

2295 2598 2408 2656 tur
2444 2587 2761 2666 multum,
2796 2593 2862 2654 et
2893 2586 3043 2654 ideo
3071 2586 3291 2655 calefit
3323 2595 3389 2655 et
3423 2595 3839 2677 temperatur

2297 2697 2668 2764 substantia
2708 2695 2941 2784 ipsius,
2978 2703 3044 2762 et
3074 2695 3288 2785 magis
3330 2694 3398 2760 tit
3430 2695 3841 2762 conveniens

2298 2805 2465 2882 esui,
2509 2811 2571 2869 et
2611 2801 2812 2870 habet
2840 2801 3109 2891 signum
3144 2810 3369 2869 motus
3409 2801 3840 2867 manifestum

2298 2913 2364 2978 in
2404 2912 2622 3001 spina.
2678 2909 2922 2976 Omnia
2977 2919 3203 2977 autem
3256 2931 3504 3000 genera
3564 2909 3844 2976 liiricio-

2297 3042 2448 3086 rum
2506 3017 2752 3086 habent
2812 3040 2940 3084 ova
2999 3017 3455 3107 margaritalia
3516 3040 3531 3083 :
3595 3016 3710 3084 sed
3770 3018 3840 3084 in

2298 3126 2704 3217 quibusdam
2753 3133 2911 3193 sunt
2977 3147 3207 3216 parva,
3288 3133 3352 3193 et
3410 3124 3526 3192 illa
3589 3146 3837 3215 genera

2298 3258 2435 3304 non
2474 3235 2945 3305 comeduntur.

2384 3345 2646 3413 Accidit
2676 3352 2901 3411 autem
2924 3344 3111 3411 omni
3137 3342 3396 3419 liiricio‚
3426 3346 3604 3435 quod
3639 3368 3840 3411 suum

2296 3461 2498 3544 caput
2540 3462 2602 3521 et
2649 3475 2847 3520 suum
2887 3474 2963 3520 os
3011 3459 3166 3518 sunt
3207 3453 3509 3530 inseriuS,
3562 3460 3625 3519 et
3672 3476 3843 3520 anus

2299 3585 2415 3654 per
2443 3585 2645 3653 quem
2678 3569 2774 3629 est
2815 3561 3035 3629 exitus
3064 3563 3571 3652 superfluitatis,
3607 3571 3706 3630 est
3733 3584 3845 3630 su·

2296 3674 2524 3765 perius
2582 3694 2599 3741 t
2659 3682 2722 3739 et
2781 3671 2911 3740 hoc
2965 3673 3166 3740 etiam
3224 3673 3461 3739 accidit
3520 3672 3839 3740 «numitius

2296 3777 2703 3847 animalibus
2732 3801 2886 3870 qua:
2909 3779 3368 3846 attribuuntur
3387 3782 3615 3869 generi
3638 3782 3840 3847 ⁸»smi-

2295 3913 2455 3971 mm,
2497 3897 2560 3955 et
2605 3887 2833 3979 generi
2885 3886 3111 3977 lupe-m
3158 3909 3173 3955 t
3222 3897 3287 3955 et
3334 3888 3462 3954 lioc
3508 3898 3610 3957 est
3656 3888 3833 3966 iden,

2296 3995 2453 4086 quia
2513 4003 2880 4085 pascuntur
2926 4017 3011 4062 ex
3078 3996 3374 4064 inferiori
3434 4004 3620 4085 parte
3667 3998 3838 4064 sicut

2293 4104 2569 4195 planum
2603 4114 2669 4172 et
2699 4103 2849 4171 ideo
2880 4114 3170 4192 oportet,
3204 4107 3387 4194 quod
3426 4106 3682 4173 oriticia
3712 4105 3837 4174 lia-

2296 4211 2498 4278 beant
2554 4211 2623 4278 in
2662 4218 2850 4302 parte
2896 4209 3197 4280 inferiori
3253 4212 3367 4278 ulii
3423 4222 3525 4278 est
3578 4221 3834 4301 pastus.

2294 4318 2488 4385 Anus
2540 4327 2767 4385 autem
2825 4317 2939 4385 ubi
2998 4328 3099 4387 est
3134 4319 3356 4388 exitus
3405 4321 3843 4409 superfluita-

2294 4428 2404 4501 tis,
2440 4434 2541 4493 est
2583 4427 2918 4517 superius,
2970 4426 3038 4494 in
3092 4425 3294 4494 dorso
3341 4425 3675 4494 videlicet.
3714 4426 3842 4493 lli-

2298 4534 2498 4602 ricius
2527 4557 2689 4601 vero
2737 4534 2806 4601 iu
2847 4557 2961 4601 ore
3011 4531 3217 4602 habet
3243 4535 3544 4625 quinque
3573 4533 3835 4614 denies,

2295 4650 2357 4709 et
2392 4644 2567 4710 inter
2592 4642 2829 4710 dentes
2857 4640 3060 4710 habet
3089 4651 3313 4733 partes
3335 4643 3666 4733 quasdam
3699 4665 3841 4712 car·

2295 4774 2496 4819 nosas
2534 4752 2725 4841 quasi
2765 4751 2914 4820 loco
2946 4750 3223 4841 linguae,
3257 4750 3412 4820 licet
3441 4774 3578 4819 non
3610 4753 3691 4819 sit
3725 4773 3840 4820 ve·

2297 4883 2367 4927 ra
2406 4883 2588 4939 earo,
2630 4869 2692 4928 et
2733 4857 2860 4926 sub
2892 4859 3001 4926 illa
3035 4868 3221 4950 parte
3260 4858 3464 4928 habet
3503 4860 3836 4928 orilicium

2294 4968 2624 5036 stomachi
2656 4970 2797 5036 sive
2826 4967 3017 5035 meri.
3053 4966 3134 5034 Et
3174 4977 3322 5058 post
3370 4966 3502 5035 hoc
3532 4977 3632 5035 est
3669 4990 3841 5035 ven-

2296 5085 2397 5145 ter
2424 5076 2681 5144 divisus
2702 5077 2770 5143 in
2802 5076 3101 5167 quinque
3129 5085 3355 5168 partes
3375 5077 3838 5166 superfluitate

2294 5183 2530 5275 plenas
2572 5183 2906 5253 ciborum.
2966 5182 3162 5273 Ejicit
3199 5193 3425 5251 autern
3478 5183 3664 5252 illam
3717 5206 3841 5250 su-

2294 5292 2745 5382 perfluitatem
2782 5302 3261 5381 congregatam
3295 5293 3362 5357 in
3394 5291 3522 5358 tela
3554 5313 3706 5381 qua·
3738 5301 3838 5359 est

2294 5399 2469 5467 sicut
2545 5398 2799 5490 syphac
2880 5398 3277 5490 quintuplex
3347 5401 3515 5467 sicut
3604 5408 3840 5468 venter

2296 5508 2442 5597 ejus
2485 5529 2501 5575 ε
2546 5509 2747 5597 ejicit,
2807 5505 3112 5598 inquam,
3173 5531 3321 5575 eam
3364 5532 3447 5576 ex
3503 5508 3836 5576 foramine

2293 5616 2445 5683 telae
2500 5616 2682 5685 illius
2720 5640 2871 5708 qua·
2927 5624 3029 5683 ost
3056 5614 3183 5683 sub
3239 5624 3473 5686 ventre
3512 5617 3594 5686 ad
3651 5618 3836 5685 viam

2295 5723 2407 5790 ani
2444 5745 2598 5814 quae
2637 5732 2737 5792 est
2783 5724 2854 5790 in
2891 5720 3093 5789 dorso
3131 5724 3300 5813 ejus.
3356 5725 3429 5792 ln
3473 5732 3662 5816 parte
3706 5747 3838 5791 au-
