4919 6371
1982 412 2147 482 LlB.
2204 412 2266 480 11
2311 411 2430 479 DE
2475 409 3058 500 ANIMALIBUS,
3109 419 3417 488 TRACT.
3473 420 3500 485 I

1127 588 1211 654 ad
1252 587 1682 653 mesaraicas.
1733 582 1870 650 Sed
1908 583 2227 651 instantia
2265 607 2303 652 a
2342 583 2679 676 generali-

1125 701 1258 761 tate
1290 692 1608 782 praedicta
1638 713 1779 757 non
1811 700 1914 759 est
1958 692 2088 759 nisi
2119 693 2189 759 in
2226 693 2504 760 animali
2543 713 2677 757 ma·

1125 802 1301 878 rino,
1336 798 1522 888 quod
1552 788 1840 867 vocatur
1865 802 2054 868 coelii
2091 824 2106 867 τ
2149 801 2281 869 hoc
2331 803 2514 868 enim
2561 797 2677 863 ha·-

1121 908 1238 973 bet
1284 906 1521 973 dentes
1559 917 1797 976 acutos
1851 918 2032 988 ante,
2084 917 2150 977 et
2194 917 2423 975 tamen
2462 928 2672 972 unum

1122 1012 1318 1100 ponit
1348 1010 1599 1080 directe
1636 1035 1845 1103 super
1881 1013 2116 1090 alium,
2158 1020 2234 1078 ut
2260 1012 2455 1078 citius
2499 1009 2676 1076 divi-

1122 1120 1264 1199 dat,
1308 1144 1396 1190 ne
1434 1145 1614 1213 aqua
1667 1124 1876 1190 intret
1914 1145 1990 1189 os
2028 1124 2175 1210 ejus
2218 1120 2488 1211 quando
2536 1142 2676 1187 ma·

1124 1227 1344 1296 sticat.
1370 1228 1451 1295 In
1470 1229 1603 1298 hoc
1625 1230 1809 1296 enim
1836 1249 2039 1294 suum
2065 1249 2280 1318 genus
2301 1227 2675 1295 diversatur

1123 1358 1163 1402 a
1200 1335 1566 1426 generibus
1614 1335 1908 1425 piscium
1962 1343 2195 1402 acutos
2252 1334 2484 1402 dentes
2549 1333 2675 1401 ha-

1121 1444 1455 1511 bentium.
1508 1442 1678 1510 Dico
1728 1452 1958 1511 autem
2007 1454 2240 1512 acutos
2278 1445 2393 1535 qui
2442 1446 2673 1512 cannis

1119 1559 1279 1618 sunt
1308 1549 1592 1630 similes,
1628 1557 1696 1617 et
1723 1558 1884 1619 sunt
1919 1553 2290 1619 acutissimi
2319 1552 2389 1618 in
2422 1557 2670 1640 puncto

1117 1657 1489 1725 terminato
1536 1659 1719 1725 acuti
1768 1658 2028 1749 anguli.
2076 1657 2230 1726 Non
2287 1664 2388 1725 est
2444 1664 2670 1725 autem

1119 1763 1402 1855 aliquod
1476 1765 1733 1833 animal
1798 1772 2041 1832 notum
2089 1762 2311 1845 nobis,
2370 1762 2557 1854 quod
2602 1765 2689 1829 in‘

1119 1892 1260 1937 una
1322 1877 1390 1938 et
1451 1871 1692 1939 eadem
1750 1870 2148 1939 mandibula
2202 1871 2369 1939 duas
2428 1869 2673 1938 habeat

1114 1977 1424 2045 dentium
1457 1979 1637 2046 acies
1664 1976 1775 2045 vel
1812 1978 2068 2068 plures.

1213 2103 1392 2173 Sunt
1422 2112 1650 2172 tamen
1690 2103 1969 2196 quidam
2002 2103 2083 2171 de
2112 2104 2432 2173 monstris
2463 2127 2669 2171 mun-

1118 2210 1181 2279 di
1223 2212 1598 2280 scribentes
1629 2211 2060 2303 Philosophi,
2103 2234 2395 2303 quorum
2423 2215 2668 2302 praeci-

1113 2341 1295 2409 puus
1332 2319 1611 2410 quidam
1647 2318 1888 2388 Perses
1916 2319 2250 2411 Astyages
2288 2320 2437 2399 fuit,
2463 2342 2665 2410 quem

1114 2425 1466 2495 Avicenna
1506 2436 1827 2518 corrupte
1854 2428 2206 2496 Anti-stum
2234 2428 2392 2495 dicit
2426 2449 2441 2493 ε
2477 2428 2667 2514 cujus

1112 2533 1169 2600 si
1225 2532 1556 2602 debemus
1646 2534 1922 2603 credere
1986 2534 2438 2617 sermonibus,
2506 2542 2665 2602 tunc

1112 2639 1370 2706 scimus
1408 2639 1494 2706 ab
1531 2641 1682 2731 ipso
1714 2641 1785 2708 in
1814 2647 1994 2709 terra
2022 2639 2232 2708 lndiae
2262 2663 2408 2709 esse
2447 2640 2667 2731 quod-

1110 2744 1267 2811 dam
1301 2745 1556 2812 animal
1590 2748 1659 2812 in
1707 2747 1943 2815 multis
1987 2746 2208 2815 simile
2246 2770 2429 2824 urso,
2484 2746 2667 2838 quod

1107 2861 1338 2922 tamen
1389 2855 1532 2946 ipse
1581 2858 1926 2947 Astyages
1964 2879 2180 2948 genus
2216 2856 2356 2947 lupi
2395 2879 2540 2926 esse
2569 2858 2667 2924 di-

1107 2962 1222 3043 cit,
1284 2962 1471 3054 quod
1518 2985 1558 3030 a
1606 2960 1844 3030 Graeco
1885 2964 2163 3030 nomine
2207 2971 2405 3031 vocat
2446 2962 2667 3030 naari-

1105 3089 1228 3135 con
1261 3069 1556 3146 morien,
1591 3066 1776 3158 quod
1806 3076 2008 3136 sonat
2034 3070 2139 3136 vir
2176 3070 2458 3137 insanus
2484 3068 2664 3159 apud

1107 3195 1234 3239 nos
1277 3194 1294 3239 ε
1340 3180 1403 3240 et
1436 3172 1626 3254 dicit,
1666 3170 1856 3264 quod
1894 3170 2026 3242 hoc
2060 3172 2315 3241 animal
2372 3174 2442 3241 in
2487 3184 2667 3241 utra·

1103 3300 1240 3370 que
1292 3277 1691 3348 mandibula
1745 3277 1955 3348 habet
1997 3288 2138 3349 tres
2182 3279 2455 3349 ordines
2504 3280 2665 3349 den-

1101 3386 1305 3466 tium,
1368 3394 1435 3454 et
1475 3393 1612 3455 tres
1662 3389 1731 3454 in
1788 3385 2255 3478 superioribus
2317 3409 2664 3458 comman-

1104 3488 1342 3558 dentes
1404 3498 1475 3558 et
1529 3489 2042 3575 collacerantes,
2089 3500 2159 3560 et
2211 3492 2280 3559 in
2319 3500 2452 3561 tres
2495 3492 2664 3560 divi·

1103 3599 1334 3668 siones
1414 3600 1649 3668 statim
1730 3598 2110 3668 dividentes
2165 3600 2494 3694 quidquid
2560 3623 2663 3670 ra·

1100 3707 1325 3797 piunt.
1370 3705 1454 3773 Et
1484 3702 1693 3796 hujus
1722 3706 2001 3799 quidem
2040 3707 2356 3777 animalis
2402 3712 2662 3801 magni·

1097 3814 1270 3882 tudo
1324 3822 1427 3882 est
1484 3816 1656 3883 sicut
1729 3815 2077 3907 quantitas
2126 3816 2366 3901 leonis,
2433 3815 2501 3886 e‘t
2557 3828 2658 3886 est

1096 3921 1398 4012 pilosum
1445 3923 1622 3991 sicut
1671 3922 1822 4013 ipse
1887 3922 1996 3990 loo
2057 3944 2075 3989 t
2124 3930 2192 3990 et
2245 3922 2450 4013 pedes
2513 3927 2660 4014 ejus

1093 4036 1257 4095 sunt
1314 4028 1575 4095 similes
1623 4027 1916 4118 pedibus
1970 4026 2216 4107 leonis,
2285 4031 2444 4119 quia
2501 4042 2657 4100 sunt

1092 4137 1398 4217 rotundi,
1445 4146 1510 4205 et
1563 4141 1632 4206 in
1692 4138 1952 4207 multos
1988 4137 2236 4228 digitos
2292 4139 2433 4207 tissi
2500 4163 2656 4209 cum

1095 4243 1444 4334 unguibus
1499 4246 1745 4313 acutis.
1813 4245 2045 4314 Facies
2108 4267 2274 4315 vero
2330 4254 2396 4314 et
2461 4263 2657 4316 aures

1093 4359 1255 4419 sunt
1291 4360 1361 4420 et
1387 4350 1598 4424 oculi.
1649 4350 1829 4421 sicut
1878 4352 2017 4420 sint
2061 4351 2385 4432 hominis,
2434 4364 2500 4422 et
2557 4365 2655 4424 est

1089 4457 1443 4527 tuscorum
1498 4456 1899 4527 oculorum.
1959 4456 2177 4527 Color
2224 4468 2455 4529 autem
2511 4462 2657 4549 ejus

1088 4572 1191 4631 est
1220 4562 1672 4645 rubicundus,
1708 4564 1887 4633 sicut
1919 4564 2007 4631 sit
2036 4564 2381 4655 perfusum
2413 4567 2651 4648 minio,

1089 4676 1159 4738 ct
1186 4670 1404 4739 cauda
1442 4671 1596 4760 ejus
1635 4678 1745 4740 est
1791 4672 1861 4739 in
1899 4670 2120 4763 figura
2154 4672 2386 4742 cauda·
2425 4676 2655 4767 magni

1087 4773 1473 4864 scorpionis
1519 4777 1838 4865 agrestis,
1890 4783 1960 4845 et
2013 4784 2118 4845 est
2176 4774 2408 4858 rubea,
2478 4787 2655 4847 retro

1091 4879 1355 4950 habens
1411 4881 1762 4962 aculeum,
1824 4885 2003 4953 sicut
2039 4883 2201 4955 dicit
2251 4884 2649 4956 Avicenna:

1089 4996 1158 5057 et
1207 4988 1343 5057 hoc
1379 4990 1637 5058 animal
1678 4991 1865 5079 ejicit
1913 4989 2115 5083 pilos,
2165 5002 2230 5060 ot
2269 5002 2490 5062 mutat
2536 5016 2655 5061 eos

1088 5114 1218 5185 pro
1270 5104 1603 5187 tempore,
1655 5103 1727 5166 et
1765 5096 2097 5189 loquitur,
2137 5107 2366 5168 tamen
2401 5102 2655 5191 imper·-

1089 5197 1286 5281 fecte,
1321 5209 1388 5268 et
1421 5200 1628 5270 habet
1667 5225 1911 5270 vocem
1954 5226 2273 5274 sonoram
2321 5204 2647 5280 tuh-ilem,

1088 5317 1158 5376 et
1210 5310 1424 5377 currit
1493 5309 1581 5378 ad
1645 5310 2083 5380 velocitatem
2155 5316 2365 5398 cervi,
2419 5324 2488 5383 et
2552 5326 2649 5383 est

1088 5423 1358 5505 agreste
1384 5416 1506 5484 vix
1536 5416 1884 5486 domabile
1909 5417 2278 5488 comedens
2306 5417 2647 5490 homines.

1088 5519 1254 5589 lloec
1290 5530 1521 5590 autem
1569 5531 1878 5592 monstra
1914 5531 1983 5592 et
2025 5523 2158 5593 alia
2225 5524 2439 5596 multa
2501 5551 2648 5597 esse

1088 5625 1173 5695 de
1227 5626 1483 5719 quibus
1524 5630 2047 5720 insequentibus
2100 5632 2297 5701 istius
2350 5635 2646 5705 scientie

1085 5730 1278 5801 libris
1308 5734 1699 5826 loquemur,
1727 5734 1895 5806 facit
1918 5735 2087 5806 mihi
2114 5737 2434 5809 credibile
2462 5740 2644 5831 quod

4219 425 4346 492 175

2780 584 2851 649 in
2901 587 3096 655 silvis
3139 589 3457 658 Saxoniae
3504 613 3745 658 versus
3784 591 4069 659 Daciam
4110 593 4180 658 in
4223 592 4349 660 de-

2779 699 2957 756 serto
2999 695 3256 761 murice
3296 696 3649 783 cujusdam
3683 706 3873 787 capta
3908 708 4065 766 sunt
4099 719 4343 788 parum

2779 803 2932 863 ante
2973 796 3115 865 haec
3143 807 3453 890 tempora
3484 803 3620 868 ‹luo
3653 813 3962 872 monstra
3993 806 4213 895 pilosa
4244 806 4346 874 fe-

2781 923 2849 966 re
2890 901 2960 966 in
3005 903 3326 971 omnibus
3377 904 3698 973 habentia
3767 906 4063 997 figuram
4106 909 4345 977 homi-

2779 1007 2882 1073 nis
2924 1029 2940 1073 ε
2986 1014 3052 1076 et
3079 1009 3360 1079 foemina
3399 1012 3676 1102 quidem
3711 1022 3984 1081 mortua
4014 1013 4143 1081 fuit
4162 1037 4345 1082 mor-

2777 1114 2963 1182 sibus
3016 1139 3263 1184 canum
3321 1125 3389 1186 et
3444 1119 3843 1187 vulneribus
3900 1129 4337 1188 venatorum.

2777 1221 3118 1291 Masculus
3147 1233 3377 1292 autem
3416 1236 3654 1316 captus
3712 1227 3930 1295 factus
3970 1238 4070 1295 est
4109 1228 4343 1297 dome-

2776 1330 3006 1408 sticuS,
3043 1338 3108 1397 et
3153 1331 3388 1400 didicit
3417 1333 3512 1399 ire
3540 1356 3750 1423 supra
3788 1334 3995 1423 pedes
4048 1343 4336 1416 erectu8‚

2777 1445 2840 1504 et
2871 1435 3102 1505 didicit
3138 1438 3328 1528 loqui
3360 1440 3753 1531 imperfecte
3794 1443 4021 1522 valde,
4076 1451 4142 1510 et
4196 1466 4339 1511 non

2778 1542 2991 1609 multa
3043 1544 3275 1630 verba,
3345 1551 3413 1614 et
3483 1544 3729 1617 habuit
3792 1572 4038 1617 vocem
4085 1549 4336 1618 exilem

2774 1647 2947 1716 sicut
2999 1651 3379 1740 capreolus,
3422 1660 3491 1721 et
3528 1656 3866 1723 rationem
3916 1654 4179 1723 nullam
4219 1655 4340 1724 ha-

2772 1754 2944 1834 buit,
2994 1765 3062 1825 et
3108 1757 3261 1826 ideo
3321 1758 3404 1828 de
3443 1782 3712 1829 secessu
3760 1771 3830 1829 et
3872 1762 4225 1853 egestione
4274 1770 4339 1832 et

2771 1862 2923 1929 aliis
2961 1862 3211 1932 talibus
3250 1887 3390 1934 non
3428 1868 4025 1939 verecundabatur
4075 1892 4091 1936 :
4150 1870 4341 1940 mul-

2771 1980 2917 2039 tum
2948 1983 3178 2043 autem
3208 1977 3490 2066 appetiit
3509 1979 3693 2046 coire
3712 1999 3872 2048 cum
3903 1980 4331 2059 mulieribus,

2771 2087 2839 2145 et
2864 2076 2990 2147 has
3019 2080 3293 2170 publice
3323 2083 3860 2176 qualescumque
3899 2096 4132 2154 essent
4168 2097 4340 2156 tem-

2769 2208 2934 2277 pore
2961 2187 3263 2257 libidinis
3294 2194 3609 2261 tentavit.

2860 2292 2982 2361 llis
3019 2303 3250 2364 autem
3287 2296 3615 2379 dimissis,
3650 2299 4002 2393 paulisper
4026 2289 4338 2372 reverta-'-

2772 2423 2926 2469 mur
2978 2401 3065 2471 ad
3113 2408 3546 2495 propositum
3590 2406 3675 2476 de
3721 2407 4108 2477 differentia
4159 2411 4336 2478 den-

2772 2509 2938 2577 tium
3004 2534 3425 2593 sermonem,
3505 2513 3808 2583 dicentes
3867 2516 4081 2607 quod·
4118 2517 4332 2586 homo

2769 2620 3043 2710 quidem
3076 2622 3260 2709 ejicit
3282 2622 3519 2713 dentes
3548 2625 3620 2693 in
3649 2634 3845 2694 aetate
3875 2627 4102 2694 vicina
4135 2649 4335 2716 sper-

2768 2730 2958 2808 mati,
3001 2739 3068 2798 et
3106 2730 3237 2799 hoc
3276 2734 3482 2801 etiam
3522 2734 3781 2802 faciunt
3806 2734 4139 2804 animalia
4168 2736 4329 2821 alia,

2768 2839 2942 2908 sicut
2968 2862 3210 2930 equus,
3245 2850 3312 2908 et
3342 2842 3598 2922 muluS,
3622 2851 3691 2912 et
3727 2843 3987 2911 asinus.
4029 2842 4166 2911 Sed
4197 2842 4333 2913 ho-

2772 2969 2882 3013 ino
2914 2969 3051 3013 non
3089 2948 3423 3035 ejicitnisi
3450 2951 3855 3030 anteriores,
3888 2958 3958 3019 et
3995 2973 4136 3018 non
4176 2974 4335 3020 mo-

2768 3053 2965 3121 lares·
3035 3055 3350 3146 Capreoli
3405 3067 3637 3126 autem
3678 3060 3795 3149 qui
3872 3070 4031 3127 sunt
4071 3060 4333 3131 similes

2765 3164 2982 3231 cervis
3002 3164 3074 3232 in
3093 3164 3443 3243 cornibus,
3469 3166 3645 3236 sicut
3665 3168 3971 3236 diximus
3984 3169 4331 3260 superius,

2766 3294 2901 3339 non
2936 3278 3205 3341 mutant
3230 3273 3495 3353 dentes,
3519 3284 3587 3344 et
3616 3275 3898 3367 quando
3931 3278 4334 3368 ingrossan—

2764 3386 2875 3445 tur
2901 3377 3138 3447 dentes
3166 3401 3436 3459 eorum,
3469 3383 3859 3472 significant
3914 3383 4334 3452 diuturnita-

2764 3496 2901 3555 tem
2927 3488 3087 3556 vitm
3113 3509 3359 3559 eorum
3401 3510 3420 3556 ε
3462 3499 3531 3558 et
3586 3490 3760 3560 tales
3802 3492 4109 3583 capreoli
4171 3500 4332 3559 sunt

2763 3592 3204 3685 pulchrorum
3236 3595 3597 3665 oculorum
3633 3605 3704 3668 et
3742 3600 3924 3669 acuti
3957 3600 4151 3668 visus
4176 3597 4336 3666 val-

2763 3701 2868 3778 de,
2916 3711 2987 3772 et
3036 3702 3469 3773 abundantes
3514 3706 3586 3774 in
3617 3706 3845 3775 Africa
3910 3706 4094 3775 ultra
4143 3726 4332 3775 mare

2762 3807 3220 3901 Carthaginis,
3262 3821 3342 3879 ut
3379 3810 3541 3881 dicit
3598 3813 3950 3882 Avicenna
3992 3834 4009 3881 t
4048 3814 4116 3882 iu
4169 3813 4337 3882 Ger·

2763 3919 2989 3987 mania
3012 3927 3247 3987 autem
3277 3930 3381 3990 est
3426 3923 3577 4011 ejus
3614 3923 3919 3992 maxima
3967 3921 4334 3991 abundun-

2762 4028 2879 4093 tia.
2915 4024 3052 4093 Sed
3087 4034 3155 4095 et
3195 4049 3446 4118 porcus
3483 4027 3751 4097 nullum
3809 4031 4100 4098 omnino
4150 4030 4336 4119 ejicit

2760 4131 3059 4200 dentem.
3094 4130 3198 4203 De
3226 4134 3519 4203 canibus
3559 4144 3796 4205 autem
3859 4144 3962 4204 est
4009 4134 4327 4205 dubium.

2761 4236 3055 4318 Quidem
3111 4240 3299 4311 enim
3354 4244 3618 4334 opinati
3657 4250 3824 4313 sunt
3881 4264 4124 4311 canem
4175 4242 4335 4311 nul-

2764 4344 2907 4412 lum
2936 4347 3182 4436 ejicere
3218 4346 3521 4417 dentem.
3569 4347 3867 4429 Quidam
3903 4357 4140 4418 autem
4171 4351 4334 4440 opi-

2760 4460 3011 4522 nantur
3061 4477 3186 4524 eos
3223 4455 3468 4543 ejicere
3532 4455 3711 4526 duos
3772 4456 4027 4548 longos
4087 4455 4333 4526 dentes

2758 4580 2950 4638 suos,
2991 4561 3110 4650 qui
3151 4569 3314 4631 sunt
3351 4562 3423 4630 iu
3456 4562 3560 4632 eis
3598 4585 3723 4652 pro
3766 4562 4017 4633 culmis
4051 4582 4069 4632 ε
4101 4571 4172 4632 et
4196 4560 4333 4633 hoc

2760 4665 2990 4757 plures
3023 4670 3292 4760 experti
3344 4669 3525 4741 circa
3582 4691 3792 4740 canes
3847 4669 4326 4741 testificantur.

2758 4773 2926 4855 Quae
2957 4783 3189 4846 autem
3229 4776 3512 4867 ejiciu‘ut
3548 4776 3820 4860 dentes,
3854 4801 3995 4850 non
4041 4779 4330 4868 ejiciunt

2756 4883 2994 4954 dentes
3029 4885 3434 4965 anteriores.
3475 4888 3655 4958 sicut
3702 4886 3947 4958 homo.
4006 4887 4148 4955 Sed
4193 4885 4328 4956 hoc

2756 4988 2919 5059 latet
2948 4991 3229 5072 multos,
3271 5016 3356 5063 eo
3398 4994 3585 5086 quod
3643 4994 3983 5063 industria
4048 4992 4135 5061 ad
4189 4990 4325 5062 hoe

2758 5119 2895 5165 non
2925 5100 3206 5190 ponitur
3223 5101 3644 5191 experiendi.
3665 5100 3746 5170 ld
3764 5102 3954 5171 euim
3986 5099 4178 5191 quod
4196 5100 4328 5189 eji-

2757 5205 2845 5273 cit
2884 5205 3148 5284 dente-s.
3185 5207 3450 5276 nullum
3491 5209 3676 5298 ejicit
3707 5208 3838 5277 nisi
3871 5208 4062 5300 prius
4090 5205 4219 5275 sub
4242 5231 4327 5278 eo

2758 5315 2827 5381 in
2860 5314 3103 5383 eodem
3140 5313 3296 5384 loco
3342 5315 3518 5386 alter
3568 5316 3854 5385 oriatur.
3919 5314 4068 5384 Ποι-
4136 5317 4325 5386 enim

2753 5422 3068 5493 accidens
3140 5424 3468 5495 omnibus
3530 5424 3925 5518 agrestibus
3995 5425 4325 5494 convenit

2754 5530 2940 5622 quod
2990 5530 3232 5601 dentes
3280 5533 3588 5622 ejiciunt.
3649 5531 3936 5602 Culmos
3982 5554 4152 5601 vero
4198 5555 4325 5601 eo-

2751 5660 2906 5708 rum
2932 5636 3135 5730 plura
3159 5640 3467 5732 ejiciunt.
3500 5637 3799 5710 Culmus
3831 5639 4024 5709 enim
4051 5647 4157 5708 est
4182 5640 4327 5709 sic·

2751 5751 2828 5814 ut
2860 5767 3103 5825 cornu,
3141 5754 3223 5815 ut
3238 5745 3541 5816 diximus
3577 5767 3599 5815 ε
3631 5754 3699 5816 et
3735 5742 3875 5815 hoc
3896 5753 4005 5816 est
4039 5745 4319 5834 sig-uum
