4919 6371
687 394 823 463 536

688 571 915 638 faeere
975 565 1370 643 foeminaln,
1418 564 1537 631 secl
1593 567 1671 633 iit
1726 565 1907 634 sieut
1954 588 2079 658 pei·
2127 585 2323 631 ocea-

689 682 967 749 sionem
999 676 1341 769 aliquam,
1380 686 1448 745 et
1499 701 1645 748 non
1695 702 1821 772 per
1868 699 2156 748 eausam
2206 698 2323 743 ve-

691 816 844 862 ram
906 798 1236 884 agentem
1299 815 1313 860 :
1370 802 1659 886 propiet·
1718 792 1911 886 quod
1981 815 2022 860 a
2074 798 2323 858 natura

690 902 1075 974 universali
1111 927 1268 998 quae
1312 914 1418 975 est
1452 929 1666 976 causa
1708 904 1978 975 ordinis
2011 900 2321 971 universi

687 1026 935 1111 partus
990 1016 1363 1087 ordinatur
1392 1018 1798 1102 foemineu5‚
1835 1024 1915 1084 ut
1953 1017 2043 1083 sit
2085 1015 2154 1081 in
2208 1010 2326 1079 ad-

679 1131 706 1221 j
720 1131 1033 1200 utorium
1067 1130 1576 1224 generationiS‚
1612 1130 1795 1197 sicut
1827 1124 2124 1196 materia
2154 1146 2326 1216 prae-

688 1249 980 1335 paratur
1014 1240 1103 1310 ad
1136 1264 1290 1310 esse
1335 1240 1607 1308 formae.

783 1351 1010 1420 Natus
1052 1357 1289 1419 autem
1333 1346 1674 1441 parvulus
1702 1346 1884 1415 ridet
1924 1344 2325 1438 quadrage-

688 1464 875 1533 simo
918 1462 1057 1541 die,
1090 1461 1206 1528 vel
1239 1461 1426 1529 eirca
1457 1457 1608 1528 haeo
1646 1482 1660 1527 :
1700 1467 1770 1528 et
1808 1457 1959 1527 haeo
2014 1465 2120 1527 est
2174 1456 2324 1549 pri-

689 1595 811 1643 ma
860 1570 1182 1663 operatio
1217 1592 1434 1663 quam
1469 1569 1632 1640 facit
1674 1572 1917 1639 anima
1958 1567 2321 1638 rationalis

691 1685 765 1754 in
797 1705 1092 1776 corpore
1124 1706 1282 1765 su0‚
1322 1685 1665 1776 quoniam
1708 1681 1845 1752 hoo
1878 1706 2024 1752 non
2054 1705 2324 1753 conve-

692 1796 798 1866 nit
828 1795 984 1865 aliis
1028 1795 1481 1865 animalibus,
1535 1795 1865 1867 Somniat
1896 1805 2134 1866 autem
2162 1804 2320 1888 post

693 1910 871 1979 duos
922 1932 1232 1991 menseS,
1276 1908 1399 1978 sed
1460 1909 1905 1979 obliviscitur
1942 1933 1955 1977 :
1994 1916 2063 1977 et
2106 1906 2318 1999 hujus

690 2044 905 2090 eausa
955 2028 1086 2102 est,
1144 2020 1336 2114 quod
1399 2029 1566 2090 tune
1626 2021 1790 2091 licet
1850 2021 1922 2089 in
1971 2020 2316 2089 memoria

690 2133 845 2224 ejus
879 2141 1291 2202 remaneant
1328 2131 1570 2201 forma:-
1605 2131 1974 2202 sensibiles
1997 2140 2066 2201 et
2094 2132 2318 2201 ssuant

1741 384 1830 453 D.
1887 382 2097 453 ALB.
2155 377 2381 450 MAG.

2437 376 2649 452 ORD.
2708 381 3017 452 PRAEI).

2442 562 2524 630 ad
2559 564 2867 633 anterius
2900 565 3147 657 eapitis
3183 564 3251 632 in
3277 562 3574 641 somnis,
3623 571 3863 633 tamen
3898 565 4062 658 quia

2438 675 2552 742 illa
2601 700 2759 768 pars
2809 677 3109 747 multum
3163 685 3267 746 est
3319 675 3614 745 humida
3680 686 3747 745 et
3797 677 4058 756 mollis,

2437 809 2580 854 non
2615 796 2922 867 manent,
2971 788 3091 856 sed
3127 788 3568 857 obliviscitur
3600 790 3838 857 statim
3867 813 4067 856 smn-

2438 898 2742 966 niorum.
2795 899 2871 966 In
2925 898 3081 968 aliis
3132 908 3371 968 autem
3422 900 3855 969 animalibus
3919 925 4063 971 non

2438 1018 2540 1078 est
2595 1011 2690 1080 sie
2728 1034 2742 1079 :
2783 1012 3123 1104 quoniam
3194 1012 3356 1081 lieet
3408 1012 3737 1105 quaedam
3810 1039 4065 1084 eorum

2438 1119 2736 1193 habeant
2793 1122 3087 1194 humida
3146 1125 3401 1218 capita,
3471 1124 3750 1194 nullum
3823 1136 4064 1197 tamen

2438 1231 2646 1305 habet
2679 1236 2772 1305 ita
2805 1235 3178 1305 humidum
3214 1238 3395 1306 sicut
3429 1235 3674 1307 homo.
3715 1237 3905 1307 Puer
3932 1262 4067 1308 au-

2434 1358 2575 1417 tem
2619 1354 2738 1442 qui
2791 1352 2861 1420 in
2912 1360 3070 1421 ortu
3112 1351 3502 1420 nativitatis
3545 1351 3823 1421 laeditur
3868 1350 4063 1420 mul-

2436 1473 2584 1533 tum
2619 1464 2688 1532 in
2734 1464 3255 1558 complexione,
3296 1488 3454 1534 raro
3508 1466 3687 1534 vivit
3729 1465 3914 1535 ultra
3946 1490 4065 1536 se-

2438 1584 2625 1667 ptem
2668 1599 2943 1645 menses
2983 1601 2997 1645 ε
3050 1586 3117 1647 et
3175 1579 3232 1645 si
3279 1577 3534 1646 accidit
3576 1577 3638 1646 ei
3684 1576 4063 1646 infirmitas

2434 1712 2520 1756 vx
2575 1689 2866 1757 materia
2918 1686 3238 1772 humida,
3306 1689 3684 1783 augebitur
3744 1690 3813 1758 in
3885 1713 4060 1783 aug·

2437 1808 2674 1868 mento
2727 1800 2932 1879 lunae‚
3000 1826 3086 1869 eo
3135 1801 3326 1895 quod
3376 1810 3545 1871 tnnc
3606 1825 3859 1872 omnes
3930 1825 4066 1870 au-

2432 1923 2686 2007 gentur
2762 1912 3218 1985 humiditates
3297 1939 3684 2010 corporum
3767 1915 4065 1985 inferio-

2431 2048 2614 2094 rum.
