4919 6371
1954 472 2121 538 LIB.
2177 473 2204 537 Ι
2254 469 2375 537 ΠΕ
2422 452 3011 544 ΑΝΙΜΛΙΛΒΠΞ,
3063 468 3373 547 TRACT.
3431 470 3491 535 Π
4244 475 4322 542 51

1116 642 1226 732 qui
1255 646 1540 708 vocatur
1564 640 1915 731 qlace’alis,
1952 642 2219 708 Dicitur
2248 644 2476 706 autem
2512 635 2668 727 qlo-

1110 749 1329 825 cialiS‚
1366 771 1446 841 eo
1498 750 1682 840 quod
1729 756 1829 817 est
1869 748 2090 816 clarus
2143 748 2318 813 sicut
2347 744 2607 836 grando
2643 765 2659 813 :

1112 865 1175 925 et
1209 864 1311 925 est
1356 857 1594 948 figurae
1645 856 1981 933 rotundae,
2044 855 2176 921 nisi
2236 853 2421 943 quod
2468 875 2666 921 com-

1110 988 1377 1057 pressus
1408 975 1509 1035 est
1558 967 1641 1034 ab
1682 964 2005 1032 anteriori
2052 969 2270 1052 parte,
2312 970 2389 1030 ut
2435 964 2523 1032 sit
2571 964 2663 1030 ibi

1108 1072 1325 1163 planoe
1374 1069 1869 1162 aliquantulum
1909 1069 2313 1159 superficiei,
2362 1078 2439 1138 ut
2494 1094 2666 1139 con-

1108 1182 1490 1248 venientius
1529 1177 1807 1266 recipiat
1844 1177 2098 1246 formas
2137 1180 2391 1247 visivas
2435 1203 2450 1246 :
2496 1201 2663 1270 quo-

1106 1290 1289 1355 niam
1354 1287 1528 1354 sicut
1593 1286 1660 1351 in
1724 1287 2168 1377 Perspectivis
2231 1287 2652 1377 probabitur,

1103 1395 1380 1487 planum
1408 1395 1759 1485 speculum
1805 1397 2042 1485 recipit
2081 1396 2335 1463 formas
2374 1396 2441 1462 in
2491 1416 2658 1483 pro-

1099 1505 1261 1596 priis
1312 1504 1824 1595 quantitatibus,
1887 1512 1953 1571 et
2000 1505 2370 1571 rotundum
2421 1503 2658 1591 recipit

1096 1615 1165 1681 in
1196 1615 1445 1683 minori
1495 1614 1869 1706 quantitate
1918 1613 2175 1680 formas
2214 1634 2422 1702 quam
2465 1619 2645 1680 sunt.

1095 1720 1240 1790 Iloc
1270 1723 1477 1791 etiam
1517 1721 1669 1790 ideo
1710 1720 1811 1799 fit,
1855 1717 2041 1810 quod
2089 1741 2196 1786 res
2226 1741 2453 1810 parvae
2496 1742 2650 1811 quae

1093 1827 1431 1905 videntur,
1491 1825 1799 1895 habeant
1845 1825 2274 1916 superficiem
2327 1826 2537 1896 latam
2578 1829 2649 1894 in

1096 1958 1228 2027 qua
1255 1935 1653 2011 formentur,
1691 1934 1852 2025 quia
1891 1932 2086 2002 aliter
2123 1934 2499 2026 effugerent
2539 1937 2651 2005 vi-

1095 2065 1270 2109 sum.
1324 2042 1757 2109 Postremum
1806 2049 2036 2110 autem
2083 2041 2230 2133 ejus
2277 2066 2649 2135 parumper

1092 2147 1530 2217 constrictum
1569 2156 1696 2229 est,
1738 2154 1813 2217 ut
1852 2149 2098 2218 melius
2126 2149 2348 2242 possit
2393 2173 2647 2243 coope-

1093 2252 1207 2324 riri
1234 2255 1633 2347 corporibus
1671 2280 1824 2349 quae
1875 2253 2098 2348 ipsum
2145 2255 2480 2348 recipiunt
2525 2266 2645 2327 :et

1090 2362 1238 2433 haec
1274 2372 1433 2431 sunt
1469 2362 1805 2456 profunda
1843 2371 1910 2433 et
1957 2362 2237 2432 dilatata
2274 2384 2314 2433 a
2350 2365 2645 2435 constri-

1089 2474 1222 2549 cto,
1273 2478 1349 2538 ut
1392 2468 1637 2538 melius
1687 2468 2083 2561 cooperiant
2136 2491 2319 2539 eum.
2363 2469 2643 2541 Positus

1091 2583 1187 2645 est
1243 2582 1469 2643 autem
1529 2572 1639 2644 liic
1693 2575 1947 2643 humor
2003 2576 2073 2643 iu
2131 2575 2358 2646 medio
2405 2598 2421 2646 :
2481 2578 2644 2671 quia

1090 2690 1362 2773 propter
1388 2679 1768 2751 custodiam
1800 2680 2058 2772 indiget
2088 2681 2239 2751 loco
2280 2683 2532 2765 medio,
2565 2694 2642 2753 ut

1089 2790 1393 2859 custodia
1419 2791 1719 2880 undique
1750 2790 1833 2856 sit
1872 2792 2049 2858 circa
2080 2812 2264 2858 eum.

1179 2897 1311 2967 Sed
1344 2906 1496 2989 post
1523 2897 1746 2989 ipsum
1772 2898 2035 2989 positus
2065 2907 2166 2967 est
2197 2898 2448 2969 humor
2466 2900 2640 2969 alius

1088 3004 1453 3074 adveniens
1482 3005 1541 3072 ei
1569 3027 1610 3072 a
1637 3003 1940 3082 cerebro,
1984 3012 2059 3072 ut
2093 3007 2347 3076 nutriat
2383 3006 2632 3099 ipsum.

1086 3112 1446 3207 Opportuit
1476 3113 1685 3192 enim,
1721 3111 1902 3205 quod
1937 3114 2363 3206 interipsum
2386 3121 2450 3184 et
2472 3111 2638 3185 san-'-

1082 3225 1358 3315 guinem
1406 3245 1656 3315 purum
1697 3232 1926 3291 essent
1972 3222 2419 3316 graduS,·per
2463 3246 2636 3317 quos

1056 3331 1384 3399 ·mutatur
1419 3330 1698 3421 sanguis
1732 3329 1814 3396 ad
1877 3329 2099 3397 simile
2138 3329 2449 3400 humoris
2501 3354 2518 3402 ε
2570 3342 2635 3402 et

1080 3435 1190 3506 hic
1230 3435 1481 3505 humor
1548 3437 1792 3505 similis
1849 3446 1948 3506 est
2003 3437 2185 3507 vitro
2237 3436 2629 3531 liquefacto.

1080 3540 1284 3613 Color
1339 3542 1521 3613 enim
1577 3544 1734 3612 vitri
1791 3543 2137 3636 liquefacti
2198 3552 2303 3615 est
2357 3545 2635 3639 quidem

1078 3646 1322 3729 clarus,
1356 3648 1475 3718 sed
1505 3647 1797 3719 declinat
1841 3649 1926 3719 ad
1954 3648 2315 3742 parvulam
2354 3650 2637 3723 rubedi-

1083 3778 1237 3825 nem
1273 3775 1291 3825 :
1324 3763 1388 3824 et
1418 3760 1516 3823 est
1547 3753 1825 3847 quidem
1863 3756 2113 3836 clarus,
2148 3755 2313 3849 quia
2361 3764 2461 3829 est
2499 3781 2637 3827 nu-

1084 3863 1478 3932 trimentum
1518 3863 1680 3933 clari
1727 3885 1745 3932 :
1803 3885 2034 3955 parvm
2084 3873 2314 3933 autem
2357 3867 2637 3935 rubedi-

1077 3970 1179 4038 nis
1207 3978 1331 4044 est,
1374 3991 1456 4039 eo
1484 3970 1671 4062 quod
1699 3979 1799 4038 est
1832 3989 1914 4038 ex
1943 3971 2325 4042 substantia
2355 3976 2636 4066 sangui-

1076 4078 1178 4144 nis
1234 4077 1598 4169 eliquatus,
1660 4084 1725 4146 et
1764 4075 2024 4169 aliquid
2083 4081 2332 4149 retinet
2383 4079 2633 4151 coloris

1075 4184 1245 4274 ejus,
1280 4207 1363 4253 eo
1392 4183 1575 4277 quod
1617 4204 1756 4253 non
1790 4186 2052 4278 integre
2090 4185 2521 4267 convertitur,
2545 4189 2634 4260 ad

1076 4290 1600 4374 similitudinem
1669 4290 2003 4385 glacialis,
2063 4295 2199 4363 nisi
2271 4303 2638 4389 postquam

1076 4390 1551 4493 incorporatur
1595 4401 1656 4469 ei
1695 4421 1712 4468 ε
1767 4409 1832 4470 et
1872 4400 1983 4469 hic
2021 4399 2277 4473 humor
2318 4405 2634 4496 provenit

1075 4506 1157 4576 ab
1195 4530 1279 4577 eo
1322 4509 1509 4599 quod
1559 4507 1768 4578 mittit
1812 4510 2221 4600 sanguinem
2267 4531 2308 4578 a
2353 4510 2632 4583 cerebro

1081 4609 1420 4684 mediante
1460 4613 1587 4683 reti
1618 4610 1989 4685 nervorum
2024 4637 2043 4686 z
2075 4623 2143 4685 et
2179 4615 2335 4688 ideo
2364 4627 2634 4711 oportet

1078 4730 1149 4792 ut
1181 4721 1253 4791 in
1288 4719 1518 4792 colore
1547 4722 1780 4816 aliquo
1819 4723 2027 4794 modo
2066 4734 2395 4819 sequatur
2429 4735 2635 4797 natu-

1077 4853 1218 4900 ram
1258 4831 1429 4920 ojuS,
1463 4838 1527 4898 nl
1566 4825 1673 4899 liic
1727 4830 1979 4900 lunum·
2019 4858 2171 4898 rum
2217 4832 2301 4901 ad
2349 4834 2629 4904 oculum

1076 4937 1447 5017 devenerit,
1471 4939 1779 5010 elevatur
1814 4942 1899 5010 ad
1929 4943 2363 5014 medietatem
2398 4952 2638 5037 poste-

1078 5046 1273 5115 rioris
1319 5047 1529 5139 partis
1572 5046 1880 5138 glacialis
1916 5068 2135 5141 usque
2163 5049 2251 5119 ad
2294 5050 2634 5142 majorem

1077 5152 1403 5224 circulum
1441 5156 1560 5248 qui
1599 5163 1701 5225 est
1747 5157 1817 5225 in
1860 5152 2134 5248 sphmra
2177 5156 2350 5246 ejus,
2394 5159 2510 5250 qui
2561 5160 2634 5230 in

1081 5261 1216 5331 duo
1244 5284 1441 5356 aequa
1467 5271 1650 5333 seca't
1676 5262 2063 5357 glacialem,
2097 5272 2165 5335 et
2206 5263 2457 5336 dicitur
2486 5269 2639 5339 cin-

1083 5366 1320 5462 gulum
1347 5368 1522 5460 eiust,
1556 5377 1622 5440 et
1652 5377 1817 5441 tunc
1843 5370 2060 5441 nutrit
2087 5391 2273 5442 eum.

1172 5475 1249 5546 ln
1279 5479 1602 5548 anteriori
1629 5486 1860 5550 autem
1890 5487 2082 5573 parte
2118 5478 2428 5572 glacialis
2464 5481 2638 5558 alius

2780 633 2914 704 Sed
2952 639 3112 729 quia
3151 642 3583 732 superfluitas
3623 639 3782 708 clari
3814 640 3994 707 clara
4015 649 4137 718 est,
4175 643 4327 709 ideo

2775 750 2838 810 et
2868 742 3262 816 hic·humor
3308 749 3529 817 clarus
3554 756 3677 817 est.
3736 748 4025 816 Ponitur
4098 756 4326 816 autem

2772 856 3071 920 anterius
3101 858 3172 922 in
3221 857 3421 924 oculo
3479 863 3635 924 anto
3693 855 4073 946 glacialem,
4167 856 4327 946 quia

2771 957 2879 1027 hic
2928 966 3289 1052 congruit:
3357 987 3514 1031 cum
3572 965 3756 1032 enim
3831 965 4324 1031 nutrimentum

2770 1069 2854 1134 sit
2917 1069 3255 1156 posterius
3320 1093 3557 1138 versus
3623 1071 3915 1139 frontem
3961 1093 4199 1137 sensus
4256 1079 4323 1137 et

2767 1176 3189 1251 nutrimenti,
3227 1178 3532 1265 oportuit
3568 1178 4105 1268 superfluitatem
4138 1179 4323 1266 ejus-

2768 1278 2921 1346 dem
2959 1282 3299 1368 posterius
3329 1305 3469 1350 non
3501 1306 3669 1362 esse,
3697 1308 3781 1352 ne
3823 1287 4318 1353 nutrimentum

2765 1387 3145 1476 impediret.
3191 1388 3346 1456 Alia
3402 1398 3629 1457 autem
3675 1414 3903 1469 causa,
3965 1393 4127 1482 quia
4187 1391 4321 1460 hoc

2760 1494 3052 1581 pertinet
3108 1496 3192 1564 ad
3267 1497 3849 1588 complementum
3894 1500 4145 1566 visus:
4210 1498 4322 1566 lu-

2761 1625 2918 1671 men
2958 1605 3143 1672 enim
3175 1605 3499 1675 dilatatur
3525 1608 3597 1674 in
3627 1606 3912 1674 humido
3970 1606 4179 1687 claro,
4251 1616 4320 1675 et

2758 1713 3038 1802 ponitur
3065 1712 3217 1782 ideo
3248 1722 3408 1782 ante
3435 1722 3514 1783 ut
3571 1714 3805 1781 lumen
3862 1713 4182 1782 dilatetur
4246 1717 4314 1781 in

2757 1821 2931 1909 iPSO‚
2973 1827 3042 1887 et
3096 1819 3270 1888 bene
3339 1822 3584 1889 referat
3625 1821 3884 1889 formas
3959 1820 4174 1898 visua,
4248 1831 4315 1889 et

2755 1927 3033 2015 insuper
3059 1928 3147 1993 sit
3181 1929 3248 1996 ei
3285 1931 3463 1997 sicut
3490 1928 3767 2020 clypeus
3808 1951 3893 1996 ex
3936 1936 4128 2019 parte
4187 1952 4316 1996 an-

2752 2037 2985 2103 teriori
3015 2037 3220 2115 oculi,
3254 2037 3329 2105 in
3367 2060 3503 2129 qua
3527 2038 3728 2128 plura
3759 2038 4068 2107 incidunt
4095 2062 4314 2108 nocu-

2735 2136 3007 2211 menta.

2838 2253 3155 2345 Amplius
3184 2254 3579 2324 extremitas
3625 2253 3820 2324 nervi
3868 2256 3988 2346 qui
4025 2261 4312 2324 vocatur

2748 2363 3012 2454 opticus
3074 2365 3218 2431 sive
3299 2363 3582 2443 υίςὶυιιε,
3661 2362 4177 2453 comprehendit
4242 2372 4310 2432 et

2746 2469 2999 2540 claudit
3041 2470 3345 2540 ‘vitreum
3428 2472 3768 2563 posterius
3825 2478 3891 2539 et
3947 2470 4303 2564 glacialem

2747 2578 3046 2646 anterius
3084 2599 3303 2669 usque
3341 2576 3430 2645 ad
3455 2578 3826 2646 terminum
3857 2580 3975 2670 qui
3998 2587 4099 2646 est
4129 2579 4307 2645 iuter

2744 2683 3097 2774 glacialem
3129 2692 3196 2752 et
3226 2682 3671 2775 albugineum
3708 2705 3724 2752 τ
3761 2692 3827 2752 et
3856 2687 4191 2752 terminus
4221 2684 4306 2751 ad

2745 2812 2949 2881 quem
2979 2792 3286 2882 pervenit
3315 2791 3577 2860 vitreus
3615 2790 3890 2868 humor,
3952 2799 4051 2858 est
4119 2790 4300 2881 apud

2742 2896 2946 2966 telam
2986 2919 3137 2990 quoe
3167 2897 3416 2967 dicitur
3443 2921 3702 2966 aranea
3730 2899 3876 2966 sive
3913 2909 4072 2975 rete,
4150 2921 4302 2988 qum

2741 3003 3262 3095 comprehendit
3335 3025 3496 3073 eum
3569 3006 3746 3073 sicut
3838 3015 3982 3073 rete
4034 3027 4303 3072 araneae

2742 3110 3258 3204 comprehendit
3303 3113 3771 3190 venationem,
3824 3118 3890 3179 et
3956 3111 4109 3179 ideo
4166 3134 4303 3178 vo-

2741 3227 2933 3289 catur
2959 3241 3219 3288 aranea
3257 3220 3519 3299 tunica,
3563 3228 3630 3287 et
3681 3219 3816 3287 alio
3874 3221 4155 3287 nomine
4208 3219 4308 3288 ‹li-

2741 3335 2917 3400 citur
2952 3331 3204 3400 retina.

2831 3440 3154 3509 lixiatius
3208 3447 3440 3507 autem
3491 3439 3799 3528 ejusdem
3866 3438 4299 3507 extremitate

2739 3551 3041 3619 nascitur
3066 3547 3202 3618 tela
3238 3547 3556 3640 quodam
3586 3547 3723 3617 alia
3750 3569 3907 3639 qum
3937 3548 4304 3638 distinguit

2738 3660 2918 3728 inter
2954 3657 3405 3728 secundinum
3465 3657 3835 3749 quamdam
3884 3656 4191 3748 glacialis
4231 3666 4303 3724 et

2739 3767 3100 3836 humorem
3131 3765 3604 3857 albugineum‚
3638 3776 3716 3834 ut
3744 3768 3923 3835 inter
3948 3764 4196 3833 subtile
4236 3770 4303 3832 et

2736 3875 3030 3966 spissum
3070 3874 3161 3940 sit
3214 3872 3476 3963 aliquid
3521 3894 3870 3964 separans),
3916 3894 4000 3939 ne
4053 3869 4303 3938 subtile

2737 3984 3023 4052 lte-datur
3049 4005 3087 4050 a
3117 3983 3369 4073 spisso,
3409 3991 3478 4050 et
3504 4004 3594 4050 ne
3641 3982 3961 4050 adveniat
3992 3981 4051 4047 ei
4084 4002 4305 4046 nocu-

2738 4097 3043 4160 mentum
3084 4088 3168 4157 de
3196 4088 3375 4158 facili
3395 4089 3482 4155 ab
3508 4088 3833 4158 anteriori
3864 4095 4055 4179 parte
4088 4087 4303 4176 ipsius

2738 4202 3102 4292 penetrans
3124 4195 3211 4264 ad
3248 4197 3477 4288 ipsum
3516 4218 3558 4263 a
3582 4196 3800 4265 retina
3857 4203 3925 4263 et
3990 4192 4304 4261 secundi-

2737 4327 2823 4376 na
2867 4329 2884 4376 :
2924 4313 2994 4374 et
3024 4305 3155 4374 hoc
3180 4312 3470 4374 vocatur
3505 4324 3544 4372 a
3609 4303 4024 4396 quibusdam
4085 4301 4291 4369 sectio

2735 4415 2982 4484 eunicae
3003 4412 3359 4504 ,tylae-iulis.
3407 4411 3490 4480 Et
3519 4410 3668 4480 haec
3713 4412 3853 4481 tela
3908 4411 4038 4478 tuit
4083 4406 4304 4476 subti-

2735 4525 2819 4594 lis
2862 4523 3242 4617 :quoniam
3270 4522 3329 4590 si
3366 4529 3544 4593 esset
3594 4521 3840 4614 spissa,
3890 4529 4078 4587 stans
4142 4523 4300 4584 ante

2733 4630 3089 4724 glacialem
3129 4629 3495 4722 impediret
3524 4629 3758 4698 lumen
3805 4627 4177 4697 adveniens
4216 4621 4303 4689 ad

2736 4744 2985 4834 ipsum.
3016 4736 3441 4810 Extremitas
3466 4746 3696 4809 autem
3716 4740 4027 4833 ejusdem
4066 4743 4308 4831 panni-

2735 4850 2867 4918 culi
2899 4846 3173 4918 subtilis
3211 4846 3540 4941 impletur
3574 4858 3644 4919 et
3679 4850 3938 4919 texitur
3972 4873 4057 4919 ex
4109 4852 4306 4919 venis

2735 4959 2908 5029 sicut
2945 4956 3320 5029 secundina
3348 4960 3692 5050 posterius
3735 4983 3752 5028 :
3795 4960 4124 5052 quoniam
4159 4960 4306 5050 ipsa

2738 5067 2895 5137 farcit
2928 5074 3287 5160 penetrare
3314 5066 3843 5136 nutrimentum.
3879 5067 4035 5136 Non
4067 5075 4302 5135 tamen

2738 5195 2978 5243 omnes
3022 5176 3251 5268 partes
3303 5171 3457 5263 ejus
3519 5180 3681 5242 sunt
3733 5182 4015 5266 propter
4078 5173 4309 5242 nutri-

2740 5279 2950 5349 menti
2978 5274 3374 5357 utilitatem,
3446 5276 3568 5348 sed
3619 5280 3963 5371 posterior
4024 5286 4302 5347 tantum

2742 5408 2895 5481 quae
2971 5405 3011 5453 a
3078 5382 3492 5477 quibusdam
3565 5395 3855 5457 vocatur
3904 5387 4301 5456 secundina.

2742 5489 2919 5561 Illud
2948 5496 3180 5559 autem
3200 5488 3389 5582 quod
3414 5487 3499 5560 de
3519 5491 3670 5583 ipsa
3694 5494 4061 5584 pertransit
4089 5512 4309 5582 usque

1090 5593 1190 5655 est
1210 5572 1466 5656 humor
1501 5587 1743 5657 similis
1774 5587 2078 5659 albuirini
2119 5589 2259 5656 ovi.
2314 5598 2376 5658 et
2409 5596 2642 5663 nomi·
2749 5598 2828 5664 ad
2863 5598 3230 5674 anteriora,
3265 5595 3678 5686 inspissatur
3724 5609 3786 5664 et
3858 5602 4306 5684 incrassatur.

1091 5703 1289 5763 natur
1351 5695 1791 5788 ulbuyincus,
1855 5709 1921 5767 et
1971 5707 2073 5767 est
2162 5699 2338 5768 sicut
2408 5724 2645 5797 super-

1090 5792 1312 5871 fluitas
1339 5824 1381 5872 a
1417 5801 1799 5875 substantia
1845 5799 2148 5895 glacialis
2198 5805 2644 5897 provenien3.'

2750 5714 2818 5774 et
2851 5705 3060 5775 habet
3086 5704 3392 5774 colorem
3422 5708 3768 5776 coelestem
3824 5711 4003 5776 iuter
4050 5706 4318 5773 albedi-

2749 5834 2907 5883 nem
2947 5817 3017 5882 et
3049 5808 3479 5904 nigredinem
3518 5813 3851 5894 medium,
3902 5822 3981 5884 ut
4023 5834 4319 5904 congre·-
