4919 6371
2022 480 2189 546 LIB.
2242 474 2338 540 VI
2386 471 2506 539 DE
2553 469 3144 556 ANIMAmBUS,
3194 477 3501 546 TRACT.
3558 477 3652 545 lIl

1175 656 1330 724 dam
1376 667 1604 725 tamen
1668 654 1871 720 etiam
1932 650 2003 715 in
2065 656 2394 714 autumno
2453 645 2722 733 imprae-

1171 773 1492 853 gnantur.
1550 760 1839 839 Quando
1881 766 2108 823 autem
2143 753 2448 844 plurimae
2487 773 2724 820 vacca-

1174 893 1326 936 rum
1355 871 1920 958 impraegnantur,
1974 869 2039 930 et
2096 885 2332 929 omnes
2390 857 2720 927 foecundae

1171 973 1424 1041 multos
1455 974 1731 1063 pariunt
1752 971 1975 1047 foetus,
2005 970 2237 1036 dicunt
2266 989 2410 1036 esse
2449 967 2722 1055 signum

1174 1079 1418 1147 hiemis
1483 1080 1726 1145 futurae
1782 1078 1978 1146 valde
2028 1077 2398 1168 pluviosae:
2459 1072 2723 1138 siccitas

1173 1188 1355 1255 enini
1451 1187 1766 1255 animalis
1831 1210 1970 1255 non
2048 1194 2185 1253 tam
2255 1177 2726 1250 universaliter

1171 1294 1547 1363 abundaret
1577 1294 1867 1362 humore
1908 1291 2221 1372 naturali,
2266 1288 2394 1354 nisi
2417 1285 2563 1373 jam
2596 1305 2726 1349 an-

1171 1403 1239 1469 ni
1274 1403 1769 1494 signiticatores
1805 1424 1930 1490 pro
1964 1399 2202 1487 majori
2242 1402 2429 1485 parte
2469 1399 2535 1460 et
2572 1414 2726 1458 ma-

1160 1509 1430 1598 joribus
1458 1508 1826 1576 virtutibus
1865 1505 1951 1573 ad
1978 1503 2337 1571 humorem
2370 1506 2724 1567 moverent

1170 1627 1236 1685 et
1275 1614 1713 1704 hujusmodi:
1757 1621 1822 1681 et
1850 1612 2053 1701 hujus
2084 1610 2574 1679 divinationem
2616 1605 2726 1673 di-

1169 1724 1256 1790 cit
1318 1719 1732 1789 Ptolemaeus
1787 1721 1855 1787 in
1901 1720 2279 1808 Cenliloqio
2328 1741 2368 1785 a
2406 1712 2721 1783 secundis

1171 1830 1380 1898 stellis
1406 1852 1552 1897 esse
1583 1839 1930 1920 acceptam
1973 1838 2039 1897 et
2066 1828 2512 1897 certissimam
2544 1844 2715 1889 esse.

1170 1938 1433 2005 Taurus
1465 1946 1692 2005 autem
1725 1944 1994 2004 maturo
2025 1937 2282 2002 semine
2314 1930 2549 2021 incipit
2584 1929 2722 1997 coi-

1173 2068 1244 2112 re
1281 2053 1437 2135 post
1465 2044 1639 2112 duos
1677 2066 1896 2111 annos
1930 2051 1996 2111 et
2041 2040 2350 2108 similiter
2377 2059 2606 2113 vacca,
2641 2044 2718 2103 ut

1155 2152 1500 2219 diximus:
1562 2162 1630 2220 et
1688 2160 1844 2219 ante
1911 2149 2042 2219 hoc
2082 2159 2349 2239 teinpus
2398 2154 2556 2215 sunt
2593 2144 2712 2212 filii

1152 2284 1394 2329 eorum
1433 2263 1626 2351 parvi
1668 2268 1736 2328 et
1767 2261 1962 2351 pauci
1996 2268 2062 2327 et
2090 2257 2369 2326 debiles,

1235 2368 1470 2459 Equus
1499 2377 1740 2435 autem
1800 2375 2132 2436 rectorem
2200 2387 2338 2432 non
2393 2362 2707 2439 sustinet,

1136 2476 1257 2545 sed
1294 2485 1449 2566 post
1494 2483 1636 2542 tres
1668 2497 1888 2543 annos
1919 2483 2186 2542 maturo
2236 2470 2497 2540 semine
2525 2469 2708 2537 coire

1136 2584 1423 2673 incipit:
1472 2582 1639 2650 etin
1678 2581 1809 2651 hac
1859 2590 2058 2651 aetate
2113 2581 2275 2648 boni
2345 2586 2543 2646 erunt
2582 2571 2710 2643 filii

1137 2696 1240 2762 sui
1272 2717 1546 2786 semper
1571 2716 1791 2785 usque
1823 2693 1908 2760 ad
1935 2693 2178 2783 viginti
2209 2711 2447 2757 annos,
2469 2687 2703 2777 Equus

1142 2811 1369 2870 autem
1409 2824 1706 2893 magnus
1737 2823 1943 2892 quem
1990 2799 2210 2889 johar
2244 2795 2531 2874 ArabeS,
2573 2816 2701 2861 nos

1145 2910 1580 2976 dextrarium
1647 2929 2003 2984 vocamuS,
2048 2906 2536 2996 i111praegnatur
2579 2924 2703 2992 per

1145 3014 1462 3083 undecim
1495 3036 1766 3081 menses
1798 3020 1863 3080 et
1904 3013 2079 3103 parit
2127 3013 2195 3078 in
2262 3008 2695 3077 duodecimo.

1149 3122 1384 3214 Equus
1423 3132 1653 3190 autem
1712 3120 1952 3212 implet
2017 3119 2370 3187 matricem
2409 3117 2701 3184 t'oeminae

1145 3255 1283 3299 non
1326 3230 1799 3300 determinatis
1850 3229 2116 3311 diebus,
2166 3226 2285 3295 sed
2335 3224 2703 3317 aliquando

1143 3339 1300 3408 facit
1337 3339 1468 3408 hoc
1510 3361 1675 3416 uno,
1748 3336 2117 3429 aliquando
2148 3343 2376 3403 autem
2407 3334 2702 3418 duobuS‚

1142 3456 1206 3514 et
1245 3445 1618 3537 aliquando
1662 3445 1905 3522 tribus,
1930 3455 2049 3512 aut
2078 3442 2407 3534 pluribus.
2451 3442 2705 3510 Asinus

1147 3563 1376 3623 autem
1449 3552 1731 3631 saliens,
1799 3551 2102 3621 velocius
2180 3550 2364 3641 ejicit
2433 3571 2707 3640 sperma

1141 3684 1352 3753 quam
1383 3682 1631 3752 equus.
1678 3659 1915 3728 Coitus
1952 3659 2156 3728 etiam
2199 3678 2534 3747 equorum
2563 3677 2704 3723 non

1142 3769 1323 3839 laedit
1353 3790 1590 3859 equas,
1622 3767 1800 3835 sicut
1827 3788 2069 3835 vaccas
2099 3764 2284 3832 laedit
2311 3765 2531 3833 coitus
2560 3772 2707 3832 tau-

1144 3900 1377 3946 rorum
1415 3898 1431 3944 :
1466 3875 1585 3944 sed
1616 3876 1778 3967 equi
1825 3882 1894 3943 et
1930 3896 2124 3965 equae
2176 3872 2332 3963 plus
2369 3870 2522 3940 aliis
2549 3873 2707 3940 ani-

1143 3983 1440 4052 malibus
1460 3990 1704 4074 praeter
1731 3979 2086 4049 hominem
2116 3978 2409 4069 diligunt
2444 3979 2703 4047 coitum

1137 4100 1424 4185 propter
1457 4090 1595 4160 cibi
1627 4089 2144 4165 abundantiam,
2179 4095 2245 4157 et
2274 4086 2703 4179 complexio·

1137 4202 1244 4270 nis
1273 4199 1573 4269 calorem
1615 4207 1681 4267 et
1722 4196 2129 4266 humorem:
2188 4205 2256 4266 et
2310 4196 2492 4265 coire
2524 4196 2701 4265 inci-

1133 4310 1324 4400 pient
1360 4306 1518 4397 equi
1541 4306 1835 4396 juvenes
1878 4313 2036 4372 ante
2065 4314 2335 4395 tempus
2372 4303 2701 4372 determi-

1136 4424 1398 4493 natum,
1487 4414 1544 4481 si
1632 4411 1998 4481 habuerint
2081 4412 2314 4480 cibum
2406 4410 2666 4480 bonum

1139 4524 1374 4617 Equus
1412 4525 1620 4591 etiam
1644 4523 1715 4589 in
1737 4522 1980 4610 maJori
2019 4530 2208 4612 parte
2247 4518 2452 4588 habet
2480 4542 2697 4589 unum

1137 4634 1377 4702 l'oetum
1413 4653 1428 4698 :
1510 4628 1881 4720 aliquando
1937 4637 2167 4698 tamen
2232 4635 2511 4718 generat
2578 4635 2697 4695 aut

1136 4741 1310 4809 duos
1347 4759 1589 4829 equos,
1624 4746 1742 4806 aut
1772 4737 1946 4805 duos
1977 4734 2225 4805 mulos.
2271 4734 2355 4802 Et
2384 4736 2593 4803 etiam
2612 4733 2697 4802 de

1137 4844 1672 4940 proprietatibus
1709 4868 1904 4936 equae
1943 4852 2068 4922 est,
2106 4852 2178 4912 ut
2208 4842 2369 4911 dicit
2397 4843 2699 4913 Avicen-

1140 4981 1252 5036 na,
1286 4955 1457 5048 pede
1524 4963 1643 5023 aut
1682 4977 1856 5022 coxa
1886 4951 2387 5045 aliquantulum
2427 4952 2700 5022 recalci-

1136 5073 1338 5141 trare,
1382 5060 1660 5154 quando
1709 5068 1811 5129 est
1843 5062 1913 5128 in
1951 5058 2287 5128 desiderio
2325 5060 2569 5137 coitus,
2632 5067 2699 5129 et

1137 5171 1251 5240 illa
1298 5168 1764 5237 calcitratione
1820 5167 2035 5258 aperit
2083 5165 2363 5234 vulvam
2414 5174 2479 5235 et
2519 5168 2699 5258 capit

1132 5286 1414 5348 ventum
1462 5274 1984 5345 meridionalem
2043 5283 2160 5343 aut
2207 5276 2701 5366 septentriona-

1135 5385 1269 5454 lem
1302 5387 1478 5453 intra
1519 5392 1820 5460 uterum,
1892 5389 1959 5450 et
2018 5380 2389 5449 delectatur
2435 5380 2505 5447 in
2580 5381 2696 5450 illo

1137 5491 1292 5560 l'orti
1325 5488 1801 5569 delectatione,
1848 5490 1940 5558 ita
1970 5486 2154 5579 quod
2200 5485 2539 5555 veridicus
2587 5511 2701 5557 se-

1143 5621 1276 5667 nex
1314 5598 1386 5665 in
1425 5606 1607 5665 terra
1672 5619 1823 5687 quae
1863 5595 2110 5665 dicitur
2162 5593 2450 5662 Arabica
2480 5595 2702 5664 Deul-

1148 5709 1331 5799 tusa,
1375 5727 1526 5796 quae
1570 5713 1673 5773 est
1714 5704 1939 5774 insula
2003 5702 2340 5796 quaedam,
2399 5705 2701 5771 narravit

1148 5815 1516 5884 Avieennae
1554 5812 1742 5903 quod
1769 5836 1947 5904 equa
1985 5811 2274 5881 Arabica
2320 5808 2413 5878 ibi
2462 5832 2701 5881 conce-

4265 485 4387 552 361

2826 653 2944 732 pto
2975 656 3206 723 vento,
3242 671 3376 715 non
3419 652 3703 717 cessavit
3747 676 4018 721 currere
4085 679 4170 722 ex
4208 656 4391 723 desi-

2828 751 3015 820 derio
3048 755 3265 825 coitus
3303 756 3517 823 donec
3547 763 3859 846 pervenit
3885 762 3971 828 ad
4009 763 4179 833 fines
4207 766 4388 833 insu-

2828 859 2934 937 lae,
2991 869 3057 927 et
3096 870 3257 929 tunc
3309 876 3694 933 cucurrerat
3740 890 3864 956 per
3931 880 4085 937 octo
4125 873 4377 942 leucaS.

2829 967 3009 1036 Dicit
3037 973 3242 1037 etiam
3272 972 3647 1058 Avioenna,
3684 978 3871 1067 quod
3910 1001 4241 1069 equarum
4271 981 4386 1048 lu-

2830 1078 3027 1146 xuria
3067 1081 3421 1161 minuitur,
3468 1087 3740 1174 quando
3782 1088 4244 1177 praeciduntur
4292 1091 4389 1158 eis

2830 1187 3080 1277 capilli,
3114 1193 3309 1280 quasi
3348 1201 3575 1259 motus
3633 1195 4040 1284 capillorum
4073 1198 4142 1265 in
4172 1199 4389 1266 cauda

2831 1302 2896 1361 et
2917 1295 3102 1384 jubis
3129 1298 3330 1366 faciat
3358 1322 3472 1367 eas
3504 1300 3735 1369 ludere
3766 1312 3834 1369 et
3862 1302 4216 1372 luxuriari.
4240 1305 4384 1396 Ego

2831 1412 3060 1470 autem
3124 1404 3264 1472 vidi
3312 1407 3669 1474 mulierem
3726 1408 4164 1479 libidinosam
4235 1437 4384 1504 quae

2831 1509 2999 1577 mihi
3031 1533 3146 1578 ore
3185 1535 3309 1580 suo
3332 1513 3528 1593 dixit,
3567 1517 3748 1605 quod
3779 1519 4096 1586 similiter
4124 1543 4195 1587 se
4220 1545 4384 1588 ven-

2828 1621 2900 1683 to
2940 1616 3270 1699 exhibuit,
3327 1631 3393 1688 et
3439 1623 3734 1689 multum
3793 1624 4256 1694 delectabatur
4310 1630 4381 1695 in

2830 1727 3136 1813 concepti
3167 1734 3376 1793 ventu
3406 1728 3584 1795 intra
3622 1738 3897 1797 uterum
3930 1754 4155 1799 suum.

3353 2702 3648 2770 CAPUT
3701 2703 3816 2769 ΙΙΙ.

2811 3455 2907 3520 Et
2943 3463 3041 3519 est
3086 3476 3417 3521 ntcnussto
3469 3454 3835 3522 declarans
3900 3478 4183 3524 causam
4223 3480 4375 3525 om-

2901 3559 3097 3627 nium
3127 3559 3604 3629 diversitatum
3635 3584 3790 3652 quae
3833 3573 3997 3629 sunt
4051 3563 4123 3630 in
4169 3587 4374 3654 qene-

2900 3666 3287 3734 rationibus
3386 3668 3808 3735 animalium
3831 3704 3858 3726 ο
3892 3670 4370 3760 praeinducto-

2901 3797 3082 3841 rum.

2897 4616 3004 4685 Ad
3032 4616 3342 4685 omnium
3382 4623 3615 4683 autem
3664 4614 4203 4707 pra-habitorum
4269 4617 4370 4684 in·

2808 4724 3256 4816 telligentiam
3313 4723 3642 4792 faciemus
3692 4722 3801 4790 hic
3851 4724 4366 4815 inquisitionem

2808 4833 2890 4902 de
2929 4833 3319 4902 diversitate
3375 4833 3902 4924 generationum
3961 4832 4365 4900 animalium

2806 4940 3408 5034 proeinductorum.

2898 5049 3208 5119 Dicimus
3236 5056 3494 5127 autem,
3519 5046 3706 5138 quod
3736 5045 4099 5116 diversitas
4128 5046 4374 5137 praein-

2811 5159 3013 5228 ducta
3032 5166 3135 5227 est
3162 5158 3516 5226 ovantium
3557 5165 3621 5224 et
3652 5179 3793 5225 nnn
3826 5157 4185 5223 ovantium
4217 5179 4368 5246 qum

2809 5266 2940 5335 sibi
2978 5265 3228 5333 similia
3265 5286 3349 5333 ex
3414 5272 3609 5332 utero
3666 5271 4022 5355 generant.
4077 5261 4370 5331 Ovantia

2812 5381 3043 5441 autem
3072 5371 3384 5463 quaedam
3415 5378 3576 5437 sunt
3613 5394 3695 5436 ex
3725 5378 3923 5437 utero
3963 5369 4239 5437 ovantia
4306 5376 4371 5437 et

2811 5482 2882 5549 in
2938 5488 3130 5547 utero
3186 5500 3318 5547 ova
3383 5476 3883 5568 concipientia:
3927 5484 3993 5544 et
4052 5474 4372 5567 qua-dam

2810 5602 2972 5662 sunt
3008 5593 3078 5660 in
3107 5601 3303 5659 utero
3360 5590 3639 5682 quidem
3693 5612 3824 5657 ova
3891 5589 4367 5680 concipientia‚

2811 5700 2931 5770 sed
2969 5701 3267 5770 exterius
3296 5696 3619 5766 animalia
3648 5695 3780 5765 sibi
3808 5695 4065 5765 similia
4091 5696 4372 5786 parien-

2811 5810 2930 5878 tia.
