4919 6371
1916 476 2082 542 Lm.
2136 473 2230 540 IV
2279 473 2396 541 DE
2445 470 3029 551 ANJMALmUS,
3079 473 3384 540 TRACT.
3440 473 3466 539 1

1100 649 1371 718 suo,Et
1422 670 1561 714 una
1629 646 1906 736 quidem
1974 647 2326 716 diversitas
2390 656 2661 737 sumpta

1101 758 1171 822 in
1210 751 1541 821 membris
1594 773 1747 841 quae
1797 761 1956 820 sunt
2014 754 2335 822 interiora
2372 753 2444 819 in
2495 773 2663 818 con-

1101 861 1269 943 chis,
1304 868 1406 926 est
1438 859 1626 949 quod
1656 862 1970 951 quaedam
2002 870 2161 930 sunt
2189 871 2407 930 ostrea
2439 858 2662 946 majo-

1100 993 1175 1039 ra
1213 977 1280 1036 et
1309 968 1798 1039 manifestioris
1827 971 2064 1063 figura}
2100 994 2115 1040 ε
2174 970 2482 1062 quaedam
2536 989 2664 1033 au-

1097 1086 1235 1145 tem
1270 1076 1515 1144 latiora
1554 1086 1618 1145 et
1652 1078 2015 1147 latentiora
2061 1078 2379 1145 habentia
2454 1096 2662 1164 orga-

1099 1207 1214 1251 na.

1185 1292 1434 1362 Adhuc
1501 1303 1734 1362 autem
1829 1293 2145 1383 quaedam
2211 1299 2372 1358 sunt
2444 1290 2663 1358 carnis

1101 1400 1313 1481 durae,
1359 1411 1428 1470 et
1458 1402 1772 1493 quaedam
1821 1410 1982 1469 sunt
2057 1401 2288 1468 mollia
2346 1402 2413 1467 in
2469 1423 2664 1468 carne

1102 1532 1248 1587 sua,
1284 1517 1350 1576 et
1382 1508 1620 1575 multis
1652 1507 1876 1575 modis
1906 1508 2056 1575 aliis
2101 1508 2660 1576 diversificantur.

1105 1614 1359 1683 Omnes
1438 1616 1623 1683 enim
1684 1617 1795 1683 isti
1874 1617 2061 1684 modi
2117 1616 2229 1707 qui
2295 1616 2667 1683 enumerati

1103 1730 1285 1807 sunt,
1317 1721 1573 1790 habent
1605 1724 1886 1815 quidem
1946 1723 2254 1803 interius,
2307 1723 2422 1790 ubi
2502 1746 2671 1789 con-

1103 1829 1303 1898 cham
1332 1838 1653 1922 tangunt,
1689 1854 1964 1899 carnem
1988 1831 2254 1909 duram,
2285 1839 2349 1898 et
2373 1830 2668 1897 maxime

1106 1940 1172 2004 in
1196 1939 1475 2021 orificiis
1506 1940 1650 2006 suis
1672 1938 1922 2029 quibus
1943 1947 2225 2006 sumunt
2246 1938 2471 2006 cibum
2505 1960 2519 2004 ε
2556 1939 2674 2004 secl

1105 2049 1175 2115 in
1216 2050 1496 2115 oriticiis
1529 2048 1700 2115 dura
1733 2071 1891 2115 caro
1924 2056 2025 2115 est
2067 2049 2333 2115 modica
2367 2049 2676 2139 frequen·

1107 2166 1231 2237 ter,
1266 2165 1333 2223 et
1367 2156 1433 2222 in
1462 2158 1699 2246 paucis
1731 2165 1832 2224 est
1864 2156 2078 2223 multa
2125 2180 2140 2223 :
2196 2165 2261 2223 et
2317 2158 2383 2223 iu
2452 2157 2675 2224 medio

1109 2248 1288 2332 illius
1319 2265 1545 2331 earnis
1587 2264 1774 2331 durae
1806 2272 1907 2331 est
1955 2273 2156 2354 caput
2217 2264 2551 2334 animalis,
2614 2274 2677 2332 et

1107 2374 1241 2441 duo
1273 2396 1536 2441 cornua
1613 2396 1818 2464 super
1884 2383 2110 2462 caput,
2182 2376 2347 2440 sicut
2400 2382 2676 2463 apparet

1109 2483 1173 2547 in
1207 2480 1572 2556 testudine,
1611 2489 1677 2548 et
1712 2479 2082 2571 aliquando
2123 2481 2488 2549 extrahunt
2560 2505 2679 2549 ca-

1105 2597 1220 2679 put
1257 2596 1527 2666 atesta‚
1583 2596 1649 2655 et
1716 2587 2070 2655 retrahunt
2132 2589 2352 2678 ipsum
2406 2588 2677 2679 quamdo

1107 2698 1373 2765 timent.
1412 2697 1745 2775 Quaedam
1788 2706 2015 2764 autem
2051 2697 2492 2765 inveniuntur
2530 2721 2677 2787 qum

1108 2805 1342 2871 dentes
1385 2803 1638 2870 hahent
1683 2805 1918 2884 inore,
1972 2805 2142 2873 sieut
2178 2803 2241 2870 id
2311 2805 2496 2895 quod
2553 2828 2681 2869 vn-

1107 2922 1298 2979 ratur
1344 2912 1634 2981 hallem.
1709 2910 1841 2979 hnc
1901 2910 2085 2979 enim
2167 2911 2368 2980 habet
2446 2913 2678 2980 dentes

1110 3044 1355 3111 parvos
1394 3019 1595 3087 valde
1638 3028 1878 3087 acutos
1913 3020 1979 3086 in
2012 3043 2129 3087 ore
2161 3044 2311 3086 suo.
2350 3021 2677 3098 Quaedam

1108 3139 1336 3198 autem
1379 3128 1635 3196 habent
1687 3129 2152 3198 additamenta
2222 3130 2676 3220 prominentia

1110 3239 1279 3305 sicut
1310 3235 1489 3303 labia
1521 3236 1867 3326 quaedam,
1913 3246 1979 3303 et
2054 3237 2391 3326 accipiunt
2451 3237 2675 3304 cibum

1110 3368 1229 3434 per
1276 3345 1442 3411 illa:
1498 3352 1564 3411 et
1613 3346 1869 3411 rreatio
1947 3345 2222 3412 illorum
2292 3353 2389 3411 est
2440 3345 2679 3410 similis

1109 3455 1436 3522 creatiimi
1489 3454 1767 3544 linguae,
1832 3458 1992 3546 quia
2058 3466 2298 3543 gustus
2367 3455 2678 3523 animalis

1110 3585 1461 3653 respersus
1519 3571 1624 3631 est
1690 3563 1761 3630 in
1822 3562 2306 3632 additamentis
2369 3564 2550 3631 illis:
2612 3572 2679 3630 et

1112 3670 1277 3739 illud
1309 3669 1594 3762 quidem
1626 3670 2019 3740 membrum
2058 3695 2376 3764 expresse
2409 3673 2680 3740 inveni·

1114 3789 1222 3846 tur
1252 3778 1321 3845 in
1352 3802 1435 3847 eo
1460 3779 1730 3848 marino
1763 3779 1950 3871 quod
1987 3790 2089 3849 est
2114 3781 2182 3849 in
2221 3803 2358 3849 una
2389 3778 2671 3857 concha,

1115 3888 1285 3955 sicut
1317 3885 1616 3963 testudo,
1662 3895 1726 3956 et
1751 3886 1816 3953 id
1858 3886 2041 3978 quod
2070 3896 2354 3955 vocatur
2380 3888 2671 3971 karol-vs,

1114 4003 1174 4061 vt
1210 3993 1273 4060 id
1307 3994 1492 4085 quod
1533 4004 1824 4061 vocatur
1851 3996 2139 4074 kun-alm,
2185 3994 2427 4062 habent
2473 3997 2674 4061 etiam

1113 4102 1501 4169 membrum
1536 4102 1669 4171 tale
1700 4102 2256 4183 additamentale,
2298 4111 2359 4169 et
2400 4112 2498 4170 est
2550 4103 2680 4169 du-

1111 4232 1260 4276 rum
1302 4210 1477 4276 sicut
1554 4209 2099 4277 additamentum
2157 4209 2339 4301 quud
2397 4218 2678 4275 vocatur

1110 4327 1410 4383 rostrum
1487 4339 1737 4383 musca*
1797 4315 2105 4385 bestialis
2188 4318 2331 4384 sive
2388 4339 2666 4384 canum:

1115 4423 1338 4494 ethoc
1391 4425 1675 4516 quidam
1724 4434 1972 4494 vocant
2021 4426 2353 4503 calceum,
2413 4433 2476 4493 et
2533 4426 2679 4516 qui-

1116 4534 1271 4601 dam
1302 4542 1553 4602 vocant
1586 4534 1935 4604 aculeum.
1963 4534 2063 4603 Ex
2094 4536 2224 4605 hoc
2256 4536 2436 4603 enim
2463 4544 2676 4603 rostro

1116 4664 1347 4710 musca
1390 4641 1690 4733 perforat
1742 4646 2007 4713 corium
2065 4644 2436 4713 bestiarum
2505 4667 2679 4734 qua-

1116 4747 1525 4838 drupedum.
1569 4748 2056 4819 Additamenta
2117 4750 2322 4840 hujus
2368 4748 2680 4819 animalis

1115 4858 1358 4925 marini
1408 4868 1569 4927 sunt
1624 4859 1903 4930 fortiora
1970 4884 2177 4952 quam
2237 4880 2674 4930 muscarum:

1115 4973 1179 5034 et
1217 4965 1371 5034 ideo
1401 4965 1778 5058 aliquando
1837 4992 1995 5037 cum
2037 4971 2135 5037 eis
2172 4967 2516 5060 perforant
2573 4976 2680 5036 te-

1119 5081 1256 5140 stas
1287 5073 1583 5143 aliorum
1623 5085 2011 5145 ostreorum
2051 5086 2120 5146 et
2155 5085 2489 5166 exsugunt
2549 5074 2683 5143 hu-

1117 5180 1461 5251 miditates
1513 5205 1781 5253 eorum.

1202 5299 1372 5369 Post
1419 5310 1653 5371 autem
1709 5302 1779 5371 in
1826 5301 2081 5373 talibus
2128 5300 2538 5373 animalibus
2583 5309 2685 5370 est

1117 5418 1378 5489 venter,
1426 5413 1496 5480 in
1526 5435 1668 5504 quo
1698 5411 2035 5503 colligunt
2089 5412 2319 5481 cibum
2376 5419 2443 5482 et
2489 5411 2684 5502 dige-

1119 5524 1276 5584 runt
1304 5516 1536 5585 cibum
1575 5540 1592 5589 ε
1626 5526 1694 5586 et
1726 5519 1794 5586 in
1838 5517 2147 5610 quolibet
2185 5516 2434 5588 horum
2473 5541 2684 5610 geue-

1120 5645 1270 5694 rum
1311 5634 1412 5696 est
1461 5626 1765 5697 vesicula
1809 5626 2101 5720 papalis,
2151 5628 2326 5698 sieut
2367 5635 2469 5697 est
2510 5649 2684 5718 papa

1117 5735 1376 5814 avium,
1419 5734 1493 5804 in
1524 5756 1663 5827 qua
1705 5732 2045 5805 mollescit
2094 5734 2288 5805 cibus
2343 5742 2680 5826 sumptus,

1115 5848 1180 5909 et
1218 5841 1345 5911 sub
1394 5854 1634 5915 ventre
1695 5843 1982 5912 interius
2041 5846 2111 5914 in
2184 5866 2470 5937 corpore
2527 5849 2684 5912 sunt

4194 470 4322 535 275

2769 641 3074 709 membra
3155 644 3306 710 alba
3390 642 3581 721 dura,
3652 665 3803 731 quae
3860 639 4322 708 mamillarum

2767 751 2957 820 conis
2996 759 3154 818 sunt
3183 752 3428 819 similia
3477 751 3675 829 facta,
3745 759 3813 818 et
3879 750 4326 817 inveniuntur

2771 859 3075 926 membra
3104 859 3218 927 illa
3258 861 3324 926 in
3352 860 3570 949 specie
3606 855 3962 934 malachie,
4009 879 4161 947 quae
4222 867 4323 924 est

2768 968 2953 1059 sepia
3010 991 3024 1035 ε
3068 968 3185 1035 sed
3232 969 3299 1035 in
3350 967 3553 1036 modo
3593 966 3861 1057 generis
3919 973 4110 1032 testoe
4141 965 4325 1031 durae

2770 1088 2927 1144 sunt
2957 1075 3100 1145 haec
3138 1076 3442 1145 membra
3501 1076 3717 1167 magis
3768 1074 3939 1141 dura
3996 1096 4206 1164 quam
4254 1073 4325 1138 in

2771 1184 2979 1275 sepia.
3025 1184 3190 1253 Post
3216 1183 3549 1252 orificium
3580 1190 3807 1250 autem
3839 1177 4177 1248 stomachi
4228 1179 4329 1246 in-

2771 1293 2974 1360 ferius
3031 1295 3172 1360 sive
3220 1301 3372 1382 post
3420 1299 3728 1359 ventrem
3776 1298 3878 1357 est
3937 1287 4326 1354 membrum

2775 1400 3155 1468 intestinale
3189 1400 3369 1490 quod
3410 1399 3496 1467 ad
3561 1398 3899 1465 orificium
3958 1396 4328 1464 continua-

2777 1518 2906 1587 tur,
2951 1517 3016 1576 et
3076 1517 3176 1576 est
3230 1509 3535 1600 planum,
3600 1531 3738 1576 non
3794 1505 4211 1583 involutum,
4262 1511 4331 1570 et

2775 1616 3018 1684 durum
3060 1615 3367 1707 longum,
3404 1614 3816 1706 protendens
3848 1636 3920 1680 se
3971 1635 4187 1702 usque
4246 1609 4331 1677 ad

2776 1727 3054 1795 inferius
3084 1727 3408 1817 eorporis,
3446 1726 3560 1792 ubi
3590 1732 3689 1792 est
3712 1724 3934 1790 exitus
3975 1720 4337 1811 superflui·

2779 1846 3020 1905 tatum.
3063 1837 3307 1904 Totum
3341 1844 3568 1902 autem
3601 1833 3786 1926 quod
3824 1833 4156 1912 diximuS,
4192 1853 4338 1898 ma·

2781 1946 3097 2014 nifestum
3127 1954 3225 2013 est
3257 1945 3322 2011 in
3353 1943 3629 2011 animali
3669 1942 3914 2032 agresti
3952 1938 4138 2029 quod
4178 1938 4337 2005 dici·

2783 2062 2891 2120 tur
2945 2054 3249 2140 kyrolree,
3293 2061 3357 2119 et
3395 2060 3493 2118 est
3533 2052 3790 2141 species
3840 2046 4159 2139 quaedam
4227 2055 4337 2113 te-

2783 2160 3094 2239 studiniS,
3130 2161 3197 2227 in
3230 2159 3474 2251 quibus
3506 2167 3657 2249 post
3696 2157 4034 2225 orificium
4067 2163 4335 2221 stoma-

2783 2268 2891 2337 chi
2943 2269 3218 2336 inferius
3265 2279 3364 2336 est
3413 2268 3833 2344 intestinum,
3869 2272 3932 2332 et
4003 2262 4171 2330 illud
4237 2271 4336 2330 est

2784 2377 3063 2468 planum
3112 2386 3467 2446 extensum
3521 2376 3591 2442 in
3639 2375 3924 2465 longum
3985 2394 4204 2461 usque
4252 2370 4338 2436 ad

2784 2487 3008 2557 locum
3041 2488 3262 2557 exitus
3289 2486 3855 2578 superfluitatum.
3911 2481 4339 2569 Principium

2784 2606 3011 2664 autem
3068 2595 3272 2684 hujus
3346 2592 3644 2661 intestini
3712 2600 3778 2658 et
3845 2590 4042 2679 origo
4112 2595 4214 2654 est
4260 2607 4346 2653 ex

2784 2711 2970 2794 parte
3003 2702 3289 2770 membri
3324 2699 3611 2769 involuti
3642 2697 3825 2789 quod
3869 2697 4099 2763 tiraece
4153 2717 4350 2760 mar-

2784 2836 2904 2878 con
2949 2810 3216 2887 dieitur,
3298 2818 3361 2875 et
3413 2807 3539 2876 hoc
3591 2815 3693 2874 est
3751 2806 3972 2893 majus
4038 2800 4347 2868 membro

2784 2920 2939 2988 isto.
2984 2919 3260 2987 Marron
3290 2926 3517 2985 autem
3552 2917 3619 2983 in
3663 2912 3989 2983 omnibus
4022 2910 4350 2979 animali-

2785 3026 2909 3093 bus
2949 3027 3178 3094 testeis
3205 3035 3487 3094 vocatur
3529 3035 3750 3091 center
3787 3021 3896 3090 vel
3964 3041 4201 3087 saccus
4232 3043 4346 3086 re—

2782 3135 3038 3226 cipiens
3066 3136 3623 3228 superfluitatem.
3688 3131 4068 3223 l‘ostquam
4108 3133 4340 3196 autem

2783 3245 3200 3314 descenderit
3228 3243 3355 3312 hoe
3389 3242 3772 3312 membrum
3810 3238 4198 3309 intestiuale
4230 3239 4343 3306 in·-

2783 3356 2986 3424 serius
3018 3358 3084 3423 in
3116 3380 3385 3447 corpus,
3434 3356 3799 3422 reflectitur
3872 3350 4191 3441 superius
4256 3347 4342 3414 ad

2783 3473 3042 3556 partem
3100 3465 3518 3556 superiorem
3593 3462 3924 3552 corporis,
4004 3458 4124 3525 ubi
4184 3480 4344 3524 caro

2782 3582 2877 3640 est
2919 3572 3087 3640 dura
3117 3596 3321 3665 quam
3351 3571 3649 3639 diximus
3680 3569 4097 3636 formatione
4164 3564 4351 3655 capi·

2781 3682 2867 3750 tis
2904 3681 2974 3748 in
3012 3705 3083 3748 se
3111 3680 3484 3759 continere,
3521 3688 3585 3747 vt
3637 3675 3729 3743 ibi
3766 3676 4099 3745 reflexum
4178 3695 4348 3763 pro-

2784 3791 2965 3856 venit
3037 3812 3243 3880 prope
3339 3794 3564 3879 caput,
3635 3794 3699 3853 et
3797 3782 4050 3850 ibidem
4138 3777 4346 3846 habet

2782 3919 2989 3965 anum
3021 3918 3224 3985 supra
3256 3905 3451 3984 eaput
3514 3916 3740 3968 suum,
3777 3888 3892 3958 ubi
3958 3897 4060 3956 est
4120 3888 4348 3955 exitus

2781 4007 3321 4098 superfluitatum
3360 4026 3374 4070 :
3408 4014 3470 4071 et
3505 4002 3630 4070 hoc
3675 4001 4015 4093 pra-cipue
4083 4018 4344 4066 conve-

2781 4115 2877 4182 nit
2908 4114 3094 4181 ouini
3125 4113 3356 4204 generi
3422 4110 3818 4179 hirii-iorum
3877 4107 4334 4176 marinorum.

2870 4221 2945 4289 ln
2988 4221 3094 4291 his
3123 4219 3531 4289 animalibus
3577 4216 3927 4286 invenitur
3972 4215 4178 4284 etiam
4226 4213 4338 4280 via

2782 4330 3089 4420 quoedam
3121 4329 3372 4397 canalis
3402 4327 3609 4417 longa
3646 4325 3824 4402 alba,
3887 4324 4086 4413 cujus
4151 4319 4343 4389 color

2781 4447 2880 4506 est
2918 4437 3090 4505 sicut
3117 4436 3306 4505 color
3349 4436 3641 4504 duorum
3685 4431 4159 4501 membrorum
4191 4450 4344 4519 quae

2780 4545 3102 4624 diximus,
3169 4543 3419 4612 scilicet
3467 4539 3830 4618 stomachi,
3874 4547 3943 4607 et
3979 4537 4286 4607 intestini
4323 4551 4339 4604 2

2782 4664 2848 4723 et
2869 4652 3011 4722 hoec
3040 4652 3150 4721 via
3177 4661 3276 4722 est
3306 4651 3497 4744 quasi
3528 4657 3845 4719 contexta
3879 4647 3949 4716 in
3980 4668 4119 4714 una
4152 4653 4344 4735 parte

2783 4786 2936 4831 cum
2968 4759 3321 4829 stomacho
3352 4782 3433 4828 ex
3464 4767 3650 4851 parts·
3688 4755 3974 4835 ventris,
4008 4754 4185 4822 sicut
4243 4758 4346 4818 est

2782 4871 3010 4939 videre
3050 4867 3425 4938 inanimali
3467 4866 3648 4961 quod
3681 4865 3931 4933 dieitur
3975 4858 4338 4939 ltalaealom,

2783 4979 2947 5048 etin
2988 4976 3103 5046 illo
3151 4977 3460 5047 membro
3517 4985 3618 5045 est
3656 4972 4087 5045 annulositas
4144 4992 4343 5062 qua:-

2783 5087 2966 5167 dam,
2983 5089 3156 5156 sicut
3172 5084 3708 5156 estanuulositas
3729 5104 4022 5151 ovorum
4045 5077 4336 5148 karabo.

2784 5193 2925 5264 Nec
2954 5201 3056 5262 est
3082 5192 3436 5262 diversitas
3466 5193 3535 5259 in
3574 5190 3738 5270 alio,
3772 5187 3903 5257 nisi
3964 5185 4152 5278 quod
4199 5182 4345 5253 haeo

2786 5310 2885 5373 est
2922 5301 3101 5382 alba,
3144 5310 3207 5370 et
3235 5302 3345 5370 illa
3379 5309 3480 5370 est
3521 5298 3756 5380 rubea,
3799 5297 3970 5366 etin
4028 5297 4159 5365 ista
4234 5295 4351 5362 via

2787 5433 2924 5480 non
2963 5417 3061 5477 est
3093 5408 3338 5500 aliquis
3376 5407 3597 5477 exitus
3643 5402 4173 5497 superfluitatis,
4234 5399 4354 5470 sed

2787 5516 3158 5587 involvitur
3182 5516 3296 5585 via
3325 5516 3452 5584 ista
3479 5514 3550 5583 in
3581 5512 3843 5594 subtili,
3877 5519 3944 5580 et
3985 5511 4060 5581 in
4119 5517 4356 5579 extre-

2787 5648 2901 5695 mo
2950 5625 3387 5695 continuatur
3440 5621 3789 5701 intestino,
3851 5626 3920 5688 et
3986 5641 4117 5710 per
4183 5612 4351 5684 illud

2786 5734 3035 5805 emittit
3073 5757 3203 5806 ova
3233 5758 3382 5818 aua,
3424 5741 3490 5801 et
3563 5739 3718 5823 post
3771 5729 4176 5799 intestinum
4236 5723 4351 5791 in·-

2787 5844 3157 5913 veniuntur
3184 5840 3493 5935 quaedam
3537 5835 3846 5904 membra
3880 5834 4077 5925 nigra
4108 5852 4348 5921 aspera
