4919 6371
1840 471 2017 542 LIB.
2074 472 2135 542 X
2189 472 2313 544 DE
2362 474 2978 569 ANIMALIBUS,
3032 478 3365 606 TRACT3
3417 480 3481 549 II

4198 480 4336 553 549

1973 1518 2195 1633 'm
2225 1519 2999 1640 ACTATUS
3143 1526 3268 1636 ΙΙ

2042 2138 2194 2238 De
2241 2141 2572 2240 causis
2618 2143 3214 2248 sterilitatis,

1484 3921 1795 3999 CAPUT
1843 3921 1899 3993 1.

887 4713 997 4783 De
1050 4714 1292 4784 causis
1343 4714 1761 4786 sterilitatis
1816 4738 1907 4786 eet
1921 4726 2137 4811 parte
2190 4716 2332 4787 viri
2378 4728 2506 4788 aut

976 4822 1333 4905 mulieris,
1386 4835 1521 4895 aut
1588 4826 1965 4922 utriusque
2024 4829 2366 4925 sumptis,
2428 4830 2503 4900 in

975 4961 1119 5032 quo
1149 4948 1254 5009 est
1277 4939 1503 5010 etiam
1543 4939 1634 5011 de
1676 4941 1905 5036 siquis
1930 4941 2360 5014 sterilitatis.

964 5831 1135 5905 naeo
1155 5832 1447 5930 quidem
1479 5859 1521 5907 a
1558 5835 1914 5932 prioribus
1943 5836 2196 5909 tradita
2216 5847 2383 5912 sunt
2408 5841 2495 5914 de

874 5944 1410 6041 impedimentis
1457 5950 1969 6044 generationis.
2030 5949 2495 6027 Resumentes

876 6061 1097 6159 igitur
1134 6083 1179 6132 a
1216 6062 1571 6160 principio
1602 6069 1980 6162 tangemus
2007 6088 2257 6142 causas
2285 6068 2496 6140 steri-

2652 3019 2892 3110 litatis,
2959 3049 3138 3121 quas
3170 3036 3318 3099 tam
3389 3051 3524 3099 nos
3583 3053 3802 3124 quam
3835 3033 3954 3105 alii
3991 3040 4286 3132 quidam

2654 3136 2877 3207 nostri
2912 3142 3256 3236 temporis
3295 3163 3422 3235 per
3462 3152 3759 3237 experta
3817 3155 3889 3219 et
3942 3152 4295 3226 rationem

2646 3248 3076 3324 invenerunt
3112 3276 3129 3324 :
3174 3253 3517 3325 volumus
3574 3259 3768 3329 enim
3811 3273 4136 3339 nostram
4169 3269 4296 3341 do-

2645 3362 2948 3436 ctrinam
3008 3390 3162 3439 esse
3222 3367 3518 3453 bonam,
3584 3378 3653 3441 et
3714 3385 4068 3468 quantum
4137 3381 4292 3455 sieri

2639 3483 2877 3568 potest
2915 3479 3416 3553 sufficientem.

2730 3589 3055 3665 Dicimus
3096 3595 3337 3690 igitur,
3367 3597 3565 3692 quod
3605 3622 3771 3673 cum
3805 3615 4091 3680 constat
4121 3633 4287 3683 ma-

2634 3704 2884 3776 tricem
2914 3729 3069 3778 esse
3102 3732 3364 3806 corpus
3382 3711 4078 3807 complexionatum,
4116 3747 4282 3796 om-

2527 3877 2533 3883 .
2635 3840 2764 3888 nes
2805 3818 2871 3890 ei
2922 3820 3255 3893 accidunt
3307 3824 3771 3920 aegritudines
3827 3835 4285 3931 complexio-

2632 3928 2855 4014 naleS‚
2898 3940 2972 4004 et
3011 3932 3307 4030 insuper
3337 3937 3811 4012 inveniuntur
3850 3942 3922 4014 in
3959 3968 4044 4018 ea
4072 3950 4279 4046 aegri-

2628 4043 2912 4117 tudines
2972 4049 3553 4123 instrumentales
3607 4077 3696 4125 ex
3746 4056 3888 4128 situ
3923 4070 3993 4132 et
4047 4063 4276 4160 ligura

2548 4225 2561 4236 ,
2626 4181 2756 4229 sua
2785 4160 2900 4231 vel
2949 4164 3346 4258 quantitate
3402 4167 3859 4243 accidentes:
3907 4184 3978 4248 et
4005 4188 4268 4273 praeter

2627 4267 2849 4341 dictas
2880 4272 3211 4346 accidunt
3242 4277 3310 4347 ei
3339 4278 3805 4372 aegritudines
3845 4307 4274 4362 communes

2625 4404 2714 4452 ex
2754 4381 2914 4455 aliis
2944 4385 3289 4459 membris
3320 4388 3458 4460 sibi
3498 4396 4214 4474 communicantibus
4251 4427 4268 4475 ε

2623 4503 2691 4566 et
2711 4506 2971 4593 proeter
3009 4499 3160 4572 haec
3208 4504 3455 4574 omnia
3495 4506 3830 4581 accidunt
3860 4513 3930 4585 ei
3965 4517 4269 4611 aegritu-

2620 4609 2822 4682 dines
2863 4637 3024 4708 quae
3063 4624 3415 4690 vocantur
3449 4620 3924 4713 aeqritudines
3977 4627 4265 4725 imprae-

2613 4723 2989 4814 quationis
3024 4748 3041 4794 ε
3078 4727 3182 4797 sic
3221 4735 3299 4798 ut
3332 4739 3456 4800 aut
3515 4753 3664 4803 non
3717 4732 4260 4834 impraegnetur,

2618 4841 2741 4903 aut
2771 4833 2829 4903 si
2872 4833 3416 4932 impraegnatur,
3461 4841 3657 4935 quod
3706 4842 4043 4919 abortum
4074 4854 4263 4945 pati-

2616 4954 2735 5018 tur
2777 4969 2793 5016 ε
2832 4955 2958 5019 aut
2987 4950 3047 5020 si
3079 4973 3227 5023 non
3265 4953 3537 5047 patitur
3593 4952 3956 5043 abortum,
4015 4970 4258 5037 tamen

2616 5058 2696 5129 lit
2735 5056 3045 5132 difficilis
3105 5071 3380 5158 partus,
3425 5073 3496 5136 et
3538 5067 3664 5138 vix
3693 5070 4146 5165 separabitur
4171 5076 4261 5148 ab

2617 5170 2772 5268 ipsa
2797 5174 3034 5259 foetus,
3072 5178 3243 5273 quia
3283 5178 3466 5252 forte
3500 5184 3808 5254 moritur
3847 5185 4036 5258 intra
4065 5212 4251 5263 eam.

2711 5287 2980 5360 Fra-ter
3042 5293 3289 5363 omnia
3347 5302 3590 5365 autem
3652 5294 3804 5370 haeo
3847 5322 4010 5394 quae
4079 5305 4263 5376 aoei-

2612 5398 2789 5471 dunt
2846 5404 2912 5472 ei
2960 5404 3422 5498 {egritudines
3457 5408 3808 5479 menstrui
3840 5409 4255 5495 ssuxus.aut

2611 5513 2738 5595 sie,
2774 5521 2899 5585 aut
2935 5537 3085 5586 non
3124 5514 3390 5588 habeat
3419 5540 3530 5601 ea,
3583 5527 3710 5590 aut
3749 5530 3832 5593 ut
3871 5545 4102 5618 pauca
4130 5529 4253 5598 ni-

2609 5624 2748 5697 mis
2777 5624 3063 5710 habeat,
3099 5635 3224 5698 aut
3251 5626 3740 5703 abundantius
3781 5655 3999 5728 quam
4030 5657 4255 5730 opor-

2609 5744 2713 5807 tet
2744 5759 2761 5806 :
2798 5746 2921 5809 aut
2951 5737 3012 5808 si
3052 5736 3232 5808 nihil
3263 5736 3530 5811 horum
3563 5748 3694 5823 est,
3748 5751 3828 5814 ut
3857 5741 4120 5816 habeat
4149 5748 4254 5818 in·

2610 5848 2935 5922 ordinate
2955 5851 3029 5922 in
3046 5850 3496 5946 temporibus
3518 5854 3810 5948 quando
3831 5880 3980 5929 non
4011 5856 4244 5930 debet.

2606 5959 3019 6057 Aliquando
3049 5963 3266 6035 etiam
3297 5986 3465 6034 suas
3497 5967 3843 6041 membris
3873 5968 4033 6042 aliis
4054 5993 4250 6042 oom-

2608 6075 2930 6147 munioat
3000 6073 3451 6149 infirmitates
3528 6077 3681 6150 sive
3752 6079 4214 6176 aegritudines
