4919 6371
2003 452 2175 522 LIB.
2229 451 2358 517 Vll
2407 450 2526 516 DE
2573 448 3162 529 ANlMALIBUS‚
3214 453 3522 524 TRACT.
3576 456 3604 520 I

1183 623 1660 714 Impinguatur
1690 623 1896 689 etiam
1936 622 2105 688 cibis
2144 620 2457 687 dulcibus
2489 626 2552 685 et
2580 618 2747 684 sicu-

1186 731 1312 797 bus
1356 731 1570 820 passis
1604 737 1670 797 et
1701 732 1888 795 vino.
1927 727 2201 794 Cornua
2240 736 2469 794 autem
2527 747 2746 792 vaccae

1182 861 1334 904 cera
1366 837 1688 904 calefacta
1729 837 1798 900 in
1839 857 2116 902 omnem
2158 845 2421 924 partem
2472 835 2749 901 ssectun-

1182 953 1292 1011 tur
1327 969 1342 1012 :
1379 954 1442 1012 et
1481 947 1538 1010 si
1568 945 1944 1033 inungatur
1982 966 2189 1012 vacca
2228 967 2406 1023 cera,
2469 943 2645 1020 oleo,
2680 951 2746 1009 et

1181 1052 1354 1140 pice,
1397 1059 1751 1140 unguento
1775 1054 2188 1141 composito,
2213 1051 2398 1118 valet
2419 1051 2479 1118 ei
2512 1056 2744 1117 contra

1178 1156 1431 1244 pedum
1473 1155 1806 1234 dolorem,
1856 1166 1921 1225 et
1971 1165 2209 1226 contra
2257 1164 2742 1224 nocumentum

1185 1265 1367 1353 quod
1425 1264 1842 1334 contrahunt
1908 1269 1977 1333 in
2067 1265 2355 1355 pedibus
2425 1266 2496 1331 in
2560 1262 2736 1328 nive.

1174 1372 1379 1440 Tauri
1429 1375 1633 1442 etiam
1713 1397 1853 1441 non
1941 1372 2368 1450 ementulati,
2448 1368 2741 1437 multum

1175 1481 1721 1571 impinguantur,
1753 1482 1808 1547 si
1832 1481 2145 1570 pluribus
2167 1483 2366 1548 annis
2394 1501 2743 1547 remanse-

1178 1589 1313 1655 rint
1340 1589 1527 1655 coitu
1569 1610 1584 1652 ε
1623 1594 1689 1654 et
1729 1587 1798 1653 in
1826 1596 2003 1655 terra
2042 1590 2351 1679 „lus-esras
2408 1587 2582 1654 dicta
2623 1609 2739 1652 cu-

1177 1693 1485 1761 stodiunt
1524 1702 1759 1762 tauros
1790 1718 2042 1762 novem
2084 1696 2283 1762 anuis
2340 1717 2424 1762 ne
2473 1700 2734 1770 coeant,

1173 1809 1240 1868 et
1276 1810 1609 1868 vocantur
1658 1801 1727 1868 in
1761 1801 1876 1869 illa
1914 1810 2094 1870 terra
2126 1800 2296 1869 tales
2326 1801 2501 1868 tauri
2560 1801 2740 1890 affo-

1172 1932 1429 1987 corom,
1478 1918 1545 1977 et
1585 1933 1726 1978 non
1759 1910 2037 1979 student
2101 1910 2188 1978 ad
2245 1909 2418 1995 lla-c,
2479 1909 2610 1976 nisi
2666 1916 2735 1974 ut

1169 2026 1498 2096 crescant,
1545 2027 1610 2085 et
1648 2027 2069 2109 congregant
2097 2019 2164 2086 in
2205 2041 2420 2086 unum
2459 2039 2735 2108 gregem

1172 2124 1339 2194 tales
1370 2133 1603 2192 tauros
1646 2124 2211 2216 quadringent05‚
2257 2132 2323 2193 et
2365 2126 2474 2192 isti
2511 2125 2735 2192 vivere

1172 2254 1310 2299 non
1342 2239 1630 2322 possunt
1666 2232 1733 2298 in
1774 2231 1907 2299 alia
1966 2239 2147 2300 terra
2192 2254 2208 2299 ε
2291 2230 2486 2298 multi
2553 2231 2735 2297 euim

1172 2339 1579 2408 studuerunt
1618 2349 1694 2406 ut
1732 2350 2037 2408 crearent
2073 2363 2187 2408 eos
2221 2342 2289 2408 in
2339 2340 2470 2407 alia
2535 2349 2732 2417 terra,

1177 2456 1242 2515 et
1273 2471 1411 2515 non
1451 2457 1788 2537 poterant.

1270 2557 1512 2647 Equus
1544 2567 1773 2625 autem
1817 2566 1881 2626 et
1915 2558 2142 2626 mulus
2175 2568 2242 2628 et
2277 2561 2508 2626 asinus
2548 2581 2736 2626 com-

1172 2665 1382 2732 edunt
1457 2690 1698 2757 grana,
1740 2675 1832 2733 ·et
1896 2677 2272 2758 pascuntur
2339 2667 2592 2744 herbis,
2673 2677 2733 2732 et

1167 2775 1687 2863 impinguantur
1716 2799 1919 2865 aqua,
1957 2778 2294 2866 przecipue
2328 2776 2395 2841 in
2466 2799 2598 2865 quo
2630 2801 2738 2840 co·

1163 2890 1402 2948 ctaest
1443 2891 1710 2949 tortura
1755 2904 1768 2947 ε
1822 2892 1889 2949 et
1959 2883 2234 2973 quando
2301 2883 2452 2974 plus
2511 2882 2737 2950 mulus

1164 2998 1346 3076 potat
1396 3012 1478 3055 ex
1522 3012 1729 3079 aqua,
1769 2998 1960 3058 tanto
1995 2991 2188 3060 cibus
2254 2992 2410 3082 plus
2475 2991 2735 3081 prolicit

1167 3097 1226 3164 ei
1273 3119 1287 3162 :
1333 3103 1397 3162 et
1455 3105 1694 3187 gazata
1745 3097 1899 3163 facit
1953 3099 2128 3189 pilos
2186 3122 2423 3166 eorum
2467 3097 2732 3174 molles,

1168 3213 1229 3270 et
1277 3205 1576 3272 maxime
1608 3205 1662 3271 si
1697 3205 1967 3273 suerunt
2002 3207 2301 3275 hemina·
2347 3208 2737 3297 impingua-

1170 3322 1277 3380 tae.
1315 3311 1556 3381 Vacca·
1592 3321 1820 3381 autem
1855 3313 2142 3405 diligant
2181 3339 2432 3407 aquam
2508 3314 2732 3381 hibere

1168 3422 1448 3505 clai-aim,
1483 3446 1703 3513 equus
1733 3446 1898 3491 vero
1938 3424 2162 3515 diligit
2210 3424 2441 3494 bibere
2519 3424 2737 3492 turbi-

1165 3528 1348 3609 dam,
1383 3530 1559 3597 sicut
1589 3538 1657 3597 et
1721 3531 2077 3600 camelus:
2151 3542 2220 3601 et
2285 3534 2438 3602 idco
2495 3522 2732 3601 cameli

1164 3659 1301 3703 non
1342 3635 1584 3702 bibunt
1645 3660 1899 3728 aquam
1968 3639 2299 3720 fluminis,
2361 3640 2489 3709 uisi
2547 3642 2733 3731 prius

1164 3742 1437 3811 turbent
1486 3766 1642 3811 eam
1688 3765 1703 3810 ε
1782 3754 1845 3812 et
1915 3746 2157 3815 cameli
2206 3749 2561 3838 patiuntur
2606 3746 2736 3815 ali-

1166 3851 1444 3941 quando
1483 3851 1668 3918 sitim
1701 3875 1882 3943 aqua
1911 3851 2087 3922 forte
2130 3878 2251 3946 per
2290 3855 2524 3923 decem
2563 3855 2727 3930 dies,

1164 3970 1231 4029 et
1270 3969 1427 4051 post
1459 3960 1702 4029 hibunt
1737 3962 2058 4032 multum.

1257 4069 1556 4162 Elephas
1596 4081 1828 4141 autem
1888 4075 2189 4143 comedit
2242 4097 2378 4142 una
2420 4076 2566 4142 vice
2617 4098 2736 4141 no-

1169 4206 1326 4251 vem
1360 4183 1791 4251 medicininos
1817 4193 1884 4252 et
1917 4186 2362 4264 medorum-ar,
2398 4209 2548 4276 qua·
2580 4191 2735 4251 suut

1171 4291 1449 4359 nomina
1510 4316 1990 4362 mensurarum
2093 4295 2545 4386 quarumdam
2583 4318 2599 4362 :
2670 4303 2735 4362 et

1171 4419 1308 4463 nou
1337 4404 1563 4486 potest
1595 4396 1957 4466 comedere
1989 4398 2143 4488 plus
2192 4423 2328 4467 una
2359 4400 2539 4467 wice
2583 4422 2599 4465 ε
2671 4409 2729 4467 et

1167 4511 1324 4569 suut
1357 4505 1550 4593 quasi
1601 4506 1878 4572 sextarii
1959 4504 2194 4573 hordei
2255 4514 2373 4574 aut
2437 4529 2670 4573 avenae
2715 4527 2730 4572 ε

1165 4617 1228 4675 et
1256 4611 1464 4677 etiam
1496 4610 1627 4678 ista
1669 4634 1994 4679 mensura
2051 4622 2153 4681 est
2209 4614 2269 4681 ei
2330 4613 2731 4704 periculosa,

1165 4718 1220 4782 si
1251 4741 1431 4807 saepe
1460 4719 1764 4787 cumn-dit
1791 4743 1944 4788 eam
1979 4743 1995 4787 ε
2032 4720 2149 4788 sed
2184 4720 2252 4788 in
2294 4722 2535 4810 majori
2577 4745 2739 4812 par-

1163 4837 1229 4897 te
1304 4830 1605 4897 comedit
1683 4853 1806 4897 sex
1867 4828 1977 4896 vel
2044 4839 2308 4921 septem
2389 4839 2731 4898 metretas.

1166 4937 1478 5004 Comedit
1511 4945 1742 5003 autem
1775 4937 2149 5029 aliquando
2198 4938 2500 5028 quinque
2541 4937 2738 5004 alka-

1165 5051 1332 5122 tam‚
1377 5042 1564 5134 quod
1595 5051 1694 5109 est
1729 5066 2051 5111 mensura
2091 5052 2420 5130 metretae,
2463 5053 2525 5112 et
2567 5045 2736 5112 forte

1168 5174 1323 5218 cum
1357 5149 1489 5219 hoc
1518 5174 1638 5219 sex
1679 5152 1977 5220 meurim
2027 5162 2093 5221 et
2160 5153 2539 5233 cocoleom,
2608 5152 2738 5221 hoc·

1167 5268 1293 5339 est,
1328 5267 1668 5350 quantum
1746 5258 2082 5328 ambabus
2149 5262 2469 5330 manilius
2533 5260 2736 5329 simul

1166 5367 1316 5455 capi
1347 5373 1598 5455 potest,
1636 5374 1710 5432 ut
1740 5366 1973 5434 dicunt
2031 5368 2312 5459 quidam
2348 5392 2364 5439 ε
2436 5380 2499 5438 et
2568 5369 2737 5439 forte

1140 5470 1338 5541 ‚bibit
1375 5470 1656 5563 elephas
1705 5474 1791 5541 da
1859 5496 2039 5566 aqua
2101 5477 2313 5545 semel
2381 5477 2615 5548 decem
2673 5487 2738 5546 et

1143 5588 1464 5670 quatuor
1494 5579 1944 5664 machaudos,
1995 5581 2128 5653 hoc
2184 5594 2310 5664 est,
2371 5587 2738 5678 amphoras

1146 5691 1234 5770 ‚in
1268 5711 1504 5769 mane,
1539 5697 1607 5757 et
1635 5699 1790 5780 post
1831 5693 2187 5762 meridiem
2219 5694 2388 5762 bibit
2444 5695 2740 5786 ampho-

1147 5816 1276 5861 ras
1301 5800 1488 5861 octo.
1522 5792 1765 5862 Plures
1800 5804 2032 5866 autem
2061 5799 2305 5869 cameli
2355 5800 2597 5870 vivunt
2628 5801 2744 5868 tri·

4278 460 4399 528 381

2853 617 3041 705 ginta
3071 619 3265 686 annis
3296 628 3361 687 et
3399 622 3713 712 ampliuS‚
3749 635 3813 691 et
3862 628 4033 696 sorte
4082 630 4250 697 vivit
4289 629 4409 696 ali-

2853 727 3003 816 quis
3034 736 3305 796 centum
3355 732 3572 796 annis,
3644 729 3936 821 Elephas
3995 746 4221 804 autem
4282 737 4408 805 du-

2850 837 3061 903 centis
3117 838 3311 904 annis
3350 841 3576 906 vivere
3628 839 4041 929 perhibetur.
4095 844 4180 910 Et
4247 849 4406 935 qui-

2850 944 3005 1010 dam
3035 948 3240 1012 etiam
3269 948 3524 1027 dicunt,
3561 950 3743 1039 quod
3789 952 3957 1018 vivit
3990 954 4183 1020 annis
4260 963 4400 1022 tre-

2848 1054 3083 1118 centiS.

2938 1156 3116 1225 Oves
3147 1167 3374 1227 autem
3414 1169 3480 1229 et
3518 1184 3734 1251 capra}
3804 1165 4174 1233 comedunt
4239 1167 4404 1236 her-

2845 1263 2966 1330 bas
3001 1288 3015 1331 ε
3051 1273 3118 1333 et
3156 1289 3322 1334 oves
3353 1270 3623 1358 quidem
3654 1281 4026 1361 pascuntur
4056 1298 4196 1343 non
4227 1277 4403 1344 mul·

2846 1379 2991 1439 tum
3032 1373 3481 1445 discurrentes
3516 1401 3553 1444 a
3584 1378 3746 1446 locis
3785 1404 4239 1470 pascuorum:
4296 1408 4406 1452 ca-

2845 1501 2982 1567 prce
3005 1489 3234 1548 autem
3265 1482 3644 1551 discurrunt
3675 1485 3969 1554 multum
4003 1487 4136 1556 late
4176 1489 4245 1556 in
4284 1513 4403 1579 pa-

2845 1589 3049 1667 scuis,
3076 1598 3143 1657 et
3174 1593 3512 1681 accipiunt
3541 1595 4003 1662 extremitates
4029 1595 4398 1665 herbarum

2845 1694 3367 1763 etat-bustarum
3408 1697 3475 1764 in
3527 1701 3795 1788 pascuis
3852 1709 4144 1768 tantum.
4218 1701 4396 1772 Oves

2846 1808 3074 1868 autem
3140 1804 3653 1895 impinguantur
3733 1805 4030 1876 bibendo
4116 1833 4391 1901 aquam,

2844 1915 2911 1974 et
2966 1931 3301 1999 aquosum
3368 1911 3674 1980 faciendo
3743 1916 4240 1984 nutrimentum
4280 1940 4295 1984 ε
4333 1925 4399 1984 et

2842 2024 3117 2107 propter
3134 2017 3265 2085 hoc
3281 2019 3552 2108 quando
3572 2021 3999 2111 impinguare
4021 2046 4134 2091 eas
4155 2023 4397 2092 volunt

2842 2131 3175 2212 pastoreS,
3210 2124 3371 2193 dant
3401 2127 3498 2194 eis
3530 2128 3596 2193 in
3636 2127 4055 2218 quibuslibet
4095 2131 4399 2221 quinque

2842 2229 3081 2300 diebus
3107 2257 3320 2301 unum
3351 2234 3828 2314 amandun-om,
3876 2235 4005 2304 hoc
4071 2246 4198 2321 est,
4261 2262 4400 2305 me-

2841 2349 3084 2408 tretam
3125 2341 3284 2408 salis
3319 2363 3334 2407 ε
3372 2351 3436 2409 et
3476 2366 3557 2408 ex
3589 2341 3716 2410 hoc
3746 2353 3946 2410 eruut
3970 2342 4118 2433 plus
4164 2367 4391 2412 sanae:

2840 2457 3115 2539 propter
3144 2449 3327 2539 quod
3357 2450 3559 2517 etiam
3590 2473 3745 2517 cum
3796 2451 3937 2518 suis
3977 2452 4144 2518 cibis
4183 2452 4398 2522 salem

2840 2556 3237 2635 admiscent,
3273 2566 3337 2624 et
3368 2580 3450 2624 ex
3489 2557 3625 2625 sale
3702 2559 4036 2627 excitatur
4066 2562 4162 2628 eis
4203 2562 4393 2628 sitis:

2842 2674 2903 2732 et
2946 2674 3104 2732 tunc
3137 2666 3291 2756 plus
3351 2675 3607 2756 potant,
3672 2677 3730 2734 et
3786 2668 4081 2758 amplius
4150 2671 4405 2759 impiu-

2840 2783 3160 2861 guantur.
3196 2773 3272 2840 ln
3323 2783 3546 2842 nostra
3612 2784 3837 2843 autem
3910 2784 4087 2842 terra
4165 2787 4400 2844 contra

2840 2882 3095 2949 ventris
3124 2881 3536 2950 solutionem
3570 2882 3732 2950 daut
3772 2883 3871 2949 sal
3909 2906 3922 2949 :
3991 2892 4054 2951 et
4111 2886 4396 2951 excitata

2840 2991 2947 3056 siti
2979 2990 3137 3057 daut
3170 2992 3266 3059 eis
3306 2992 3539 3058 vinum
3575 2991 3881 3058 rubeum.
3935 2991 4003 3058 ln
4065 3001 4398 3060 autumno

2839 3104 3064 3164 autem
3134 3097 3380 3164 dautur
3437 3098 3531 3164 eis
3621 3098 3987 3165 cucurbita»
4050 3098 4135 3165 ad
4202 3099 4395 3168 lactis

2838 3204 3348 3273 abimdautiam.
3430 3206 3625 3296 Capri
3731 3214 3958 3273 autem
4026 3216 4394 3299 postquam

2835 3316 3006 3384 moti
3065 3324 3222 3383 sunt
3280 3322 3429 3404 post
3476 3314 3853 3394 meridiem,
3929 3317 4081 3406 plus
4162 3324 4397 3407 potant

2838 3425 2919 3492 de
2988 3448 3186 3516 aqua.
3249 3421 3536 3503 Quando
3590 3432 3815 3490 autem
3901 3424 3998 3491 eis
4046 3424 4142 3490 sal
4200 3426 4401 3493 datur

2839 3542 2992 3601 ante
3035 3541 3333 3624 partum,
3393 3530 3682 3600 multum
3734 3533 3997 3600 fluxum
4039 3533 4228 3601 lactis
4265 3533 4395 3601 ha-

2837 3639 3092 3709 bebunt
3163 3666 3198 3708 a
3278 3638 3692 3708 mammillis,
3772 3638 3952 3708 Oves
4009 3650 4236 3708 autem
4268 3641 4394 3709 im·

2836 3751 3256 3841 pinguantur
3341 3748 3656 3817 lenticula
3737 3757 3801 3816 et
3885 3748 4075 3840 palea
4153 3773 4388 3819 avena·

2835 3880 2992 3925 cum
3060 3856 3199 3924 sale
3234 3878 3250 3924 ε
3322 3863 3388 3924 et
3449 3854 3504 3922 si
3570 3878 3735 3922 oves
3812 3854 4196 3923 abstineant
4270 3880 4393 3947 per

2837 3973 2973 4031 tres
3027 3965 3196 4042 dies,
3256 3973 3321 4030 et
3377 3972 3608 4053 postea
3677 3962 4010 4040 cibemur,
4098 3963 4391 4032 multum

2838 4071 3447 4163 impingualmntur
3505 4094 3522 4138 :
3609 4071 3763 4162 quia
3857 4070 4047 4139 calor
4145 4072 4214 4138 in
4299 4072 4396 4139 eis

2838 4180 3063 4248 lentus
3093 4177 3361 4246 acuitur
3415 4176 3847 4254 abstinentia,
3891 4186 3956 4245 et
3986 4186 4144 4245 tunc
4175 4176 4393 4244 abun·

2838 4287 3111 4355 dantius
3166 4286 3497 4354 convertit
3558 4293 4104 4354 nutrimentum:
4167 4285 4394 4355 ethoc

2837 4391 3154 4484 generale
3186 4402 3285 4460 est
3326 4392 3393 4460 in
3425 4391 3744 4460 omnibus
3774 4390 4038 4483 frigidis
4078 4402 4140 4459 et
4174 4390 4401 4460 humi·

2840 4502 2944 4569 dis
2974 4500 3411 4581 aiiiinalibuS,
3453 4501 3619 4568 sicut
3664 4510 3764 4569 est
3796 4524 4069 4590 porcus,
4104 4509 4166 4569 et
4201 4502 4397 4568 simi-

2841 4610 2953 4678 lia.
2989 4610 3155 4678 litia
3175 4615 3404 4677 aestate
3436 4607 3606 4677 valet
3640 4608 3887 4677 ovibus
3925 4633 4102 4701 aqua
4130 4619 4400 4700 septen·

2843 4717 3151 4786 trioualis
3189 4715 3458 4807 frigida,
3491 4715 3653 4785 etin
3684 4724 4019 4785 autumno
4079 4716 4401 4785 meridio-

2844 4825 3017 4894 nalis
3044 4825 3296 4916 tepida,
3339 4833 3403 4892 et
3433 4826 3624 4915 juvat
3666 4848 3779 4894 eas
3827 4824 3982 4917 plus
4038 4835 4276 4917 pastus
4330 4826 4398 4892 in

2842 4935 2975 5002 tine
3006 4933 3138 5001 diei
3162 4942 3226 5001 et
3259 4942 3486 5001 motus
3536 4958 3656 5025 per
3720 4934 3962 5001 itinera
4004 4942 4070 5001 et
4136 4934 4398 5001 exerci-

2842 5043 3011 5108 tium
3044 5040 3495 5119 moderatum,
3548 5039 3727 5131 quod
3793 5040 4038 5109 excitat
4097 5038 4396 5108 calorem

2842 5159 2905 5218 et
2937 5172 3075 5217 non
3113 5148 3454 5218 consumit
3511 5145 3898 5215 humorem.
3970 5145 4400 5215 immodera-

2844 5268 2949 5326 tus
2969 5269 3196 5327 autem
3247 5264 3473 5324 motus
3512 5265 3571 5322 et
3623 5255 3817 5323 labor
3880 5256 4063 5345 cogit
4114 5255 4199 5323 ad
4243 5278 4400 5323 ma-

2840 5371 3038 5437 ciem.
3083 5368 3399 5436 Pastores
3465 5375 3691 5434 autem
3748 5375 4174 5458 cognoscunt
4234 5388 4400 5433 oves

2842 5501 2993 5568 qum
3035 5484 3319 5568 possunt
3349 5473 3487 5565 pati
3534 5471 3832 5543 hiemem
3867 5498 3883 5542 ε
3920 5474 4249 5565 quoniam
4290 5496 4401 5540 su·

2842 5608 2962 5676 per
2989 5583 3319 5677 quasdam
3350 5582 3692 5650 invenitur
3718 5582 4000 5675 glacies,
4061 5590 4130 5651 et
4192 5602 4400 5671 super

2841 5691 3172 5783 quasdam
3200 5710 3379 5757 non:
3423 5698 3488 5757 et
3526 5712 3677 5780 quae
3718 5691 3896 5757 inter
3932 5712 4096 5757 oves
4145 5694 4245 5755 est
4273 5685 4399 5753 de-

2839 5799 3020 5879 bilis,
3071 5820 3212 5866 non
3247 5803 3470 5887 potest
3507 5819 3589 5864 ex
3627 5820 3698 5866 se
3729 5806 4048 5866 excutere
4077 5794 4391 5886 glaciem.
