4919 6371
590 370 714 439 196

583 565 664 609 ex
697 543 1047 608 nativitate
1079 560 1203 604 sua
1245 538 1478 609 latent.
1537 541 1867 609 Similiter
1906 550 2139 607 autem

583 659 737 716 ante
777 658 1045 737 tempus
1111 650 1676 718 coitus'testiculi
1721 653 1953 716 avium
1985 656 2138 713 sunt

582 757 774 845 parvi
815 754 1124 837 latenteS‚
1185 758 1256 823 in
1298 766 1603 846 tempore
1644 765 1871 823 autem
1921 756 2140 822 coitus

587 861 1131 951 magnificantur.
1185 862 1335 929 Hoc
1387 870 1618 928 autem
1657 863 1996 952 praecipue
2027 885 2141 952 ap-

589 978 780 1059 paret
853 971 922 1036 in
988 968 1393 1046 turturibuS,
1462 978 1531 1036 et
1583 969 2010 1059 perdicibus:
2074 977 2139 1037 et

584 1073 731 1143 haec
771 1084 872 1144 est
909 1098 1141 1153 causa,
1185 1075 1370 1164 quod
1420 1076 1618 1142 multi
1673 1077 1932 1166 opinati
1981 1083 2139 1143 sunt

583 1192 877 1249 turtures
909 1189 974 1248 et
994 1180 1302 1271 perdices
1331 1192 1399 1251 et
1424 1184 1753 1273 quasdam
1785 1184 1950 1250 alias
1980 1205 2137 1250 aves

580 1285 929 1355 testiculos
961 1289 1031 1353 in
1087 1286 1335 1379 hyeme
1374 1312 1515 1356 non
1546 1287 1820 1356 habere.

671 1392 987 1483 Amplius
1039 1403 1267 1463 autem
1321 1395 1613 1462 testiculi
1684 1396 2136 1485 quorumdam

583 1501 983 1570 animalium
1023 1505 1307 1572 interius
1356 1511 1518 1569 sunt
1583 1504 1902 1594 applicati
1957 1503 2137 1595 apud

581 1620 888 1679 ventrem
926 1634 1154 1689 suum,
1197 1612 1372 1678 sicut
1410 1610 1738 1701 delphini.
1788 1612 2138 1691 Quorum-

584 1718 741 1786 dam
779 1729 1006 1786 autem
1044 1718 1338 1787 testiculi
1369 1729 1530 1788 sunt
1568 1729 1760 1788 extra
1793 1721 1861 1787 in
1892 1720 2134 1788 ultimo

582 1826 838 1892 ventris
865 1826 996 1904 sui,
1030 1833 1098 1893 et
1144 1827 1213 1893 in
1261 1826 1412 1893 aliis
1451 1836 1612 1894 sunt
1648 1827 1877 1919 aliquo
1928 1827 2135 1896 modo

583 1932 789 2000 simili
830 1933 1164 2001 dictorum
1203 1935 1607 2003 animalium
1663 1938 2023 2026 compositi
2070 1946 2136 2004 et

582 2043 812 2108 situati
838 2063 854 2108 :
883 2065 1011 2110 nec
1052 2049 1155 2109 est
1207 2043 1387 2110 inter
1440 2066 1559 2111 eos
1588 2043 1969 2124 diversitas,
2004 2045 2132 2114 nisi

580 2149 739 2239 quia
793 2147 1084 2216 testiculi
1139 2149 1600 2238 quorumdam
1659 2160 1817 2218 sunt
1883 2152 2134 2243 promi·

577 2266 814 2324 nentes
841 2279 963 2346 per
999 2280 1070 2324 se
1102 2258 1295 2348 quasi
1335 2257 1661 2342 distincti,
1712 2268 1774 2327 et
1808 2282 2132 2351 quorum-

576 2363 733 2431 dam
784 2363 1186 2432 animalium
1226 2366 1522 2433 testiculi
1588 2374 1747 2435 sunt
1812 2368 1881 2434 in
1942 2373 2129 2437 corio

583 2471 1014 2560 cooperiente
1045 2494 1191 2540 eos.
1222 2471 1310 2540 Et
1355 2474 1733 2541 secundum
1765 2473 1948 2544 hunc
1977 2500 2131 2545 mo-

578 2579 741 2647 dum
782 2587 884 2647 est
937 2579 1293 2670 dispositio
1351 2582 1822 2651 testiculorum
1866 2586 1933 2652 in
1975 2609 2131 2654 om-

575 2688 776 2756 nibus
807 2687 1217 2757 animalibus
1242 2690 1738 2781 gressibilibus,
1776 2692 1899 2759 sibi
1944 2695 2123 2760 simi·

573 2795 636 2863 le
675 2796 1198 2886 generantibus:
1241 2804 1309 2865 et
1340 2797 1424 2864 ab
1465 2799 1714 2866 arteria
1738 2822 1889 2890 quae
1918 2823 2128 2868 voca-

572 2910 682 2969 tur
735 2902 919 2968 orlln‘
969 2901 1456 2970 descendentes
1505 2913 1756 2972 exeunt
1799 2904 1947 2973 duae
1998 2907 2124 2974 vim

571 3009 865 3077 duorum
934 3033 1288 3079 ramorum
1346 3012 1655 3101 ejusdem
1711 3016 1997 3092 arteriae,
2058 3024 2121 3082 et

569 3120 979 3209 perveniunt
1017 3118 1101 3187 ad
1141 3128 1528 3189 extremum
1557 3122 1912 3214 utriusque
1937 3124 2122 3193 testi-

564 3225 899 3303 culorum,
951 3236 1300 3316 portantes
1340 3229 1439 3296 eis
1490 3229 1819 3297 virtutum
1870 3231 2117 3309 cordis,

564 3341 628 3399 et
666 3334 970 3423 spiritus.
1013 3341 1080 3402 et
1135 3334 1374 3402 vitam.
1438 3336 1498 3401 A
1555 3335 1835 3404 renibus
1891 3346 2120 3407 autem

1580 369 1664 438 D.
1716 370 1916 438 ALB.
1971 370 2187 438 MAG.

2244 369 2451 436 ORD.
2506 369 2804 436 PRAEI).

2255 545 2408 603 tunt
2439 560 2679 605 semen
2711 541 2780 604 in
2830 539 3135 605 canalem
3182 540 3417 604 urinae.
3456 538 3533 604 ln
3582 537 3809 604 radice

2249 653 2478 712 autem
2516 645 2727 735 virgae
2750 645 3138 711 vicinantur
3157 643 3432 734 quidem
3467 653 3531 711 et
3554 646 3805 710 intrant

2245 754 2314 819 in
2347 754 2804 820 substantiam
2843 755 3080 842 virgae,
3105 761 3173 819 et
3202 752 3553 819 inflatione
3594 754 3807 842 virgae

2244 863 2795 949 comprimuntur
2824 861 2909 927 ad
2931 861 3440 948 expressionem
3494 881 3806 949 sperma-

2243 972 2328 1036 tis
2360 969 2546 1058 quod
2584 977 2991 1058 conceptum
3023 979 3126 1036 est
3166 971 3234 1035 in
3266 970 3455 1058 ipsis.
3503 969 3641 1035 111ae
3685 991 3803 1035 au-

2243 1083 2378 1142 tem
2418 1076 2567 1143 duae
2602 1078 2731 1143 vioe
2763 1098 2911 1167 quoe
2942 1078 3039 1143 sic
3070 1076 3569 1166 protenduntur
3616 1099 3655 1142 a
3706 1084 3801 1142 te-

2243 1182 2499 1249 sticulis
2532 1183 2598 1249 in
2629 1183 3076 1250 substantiam
3117 1184 3354 1273 virgae,
3388 1185 3800 1272 cooperiun-

2241 1297 2350 1354 tur
2396 1288 2532 1356 tela
2560 1312 2697 1357 una
2748 1288 3168 1380 panniculari
3211 1297 3277 1356 et
3324 1289 3735 1379 colligantur
3779 1313 3794 1356 :

2242 1404 2309 1462 et
2345 1395 2497 1463 ideo
2542 1395 2788 1484 aliquis
2841 1396 3179 1484 aspiciens
3237 1404 3304 1462 et
3359 1418 3498 1461 non
3556 1396 3804 1462 distin-

2240 1526 2456 1595 guens
2505 1527 2618 1572 eas
2647 1503 3005 1580 subtiliter,
3052 1504 3229 1572 forte
3260 1505 3654 1595 opinabitur
3688 1527 3801 1572 eas

2241 1633 2447 1677 unam
2480 1620 2548 1677 et
2576 1611 2884 1679 eamdem
2928 1633 3074 1679 esse
3131 1613 3343 1688 viam,
3378 1612 3509 1678 nisi
3561 1611 3799 1678 distin-

2239 1726 2401 1808 guat
2457 1718 2792 1787 divisione
2840 1719 3073 1786 subtili
3133 1722 3309 1786 inter
3364 1742 3501 1787 eas.
3531 1719 3609 1785 ln
3642 1720 3788 1786 istis

2239 1834 2465 1892 autem
2498 1825 2763 1893 duabus
2800 1827 2930 1893 viis
2970 1848 3122 1916 quae
3151 1826 3247 1893 sic
3288 1833 3541 1894 exeunt
3600 1849 3641 1893 a
3687 1834 3801 1893 te-

2239 1931 2521 2014 sticuliS,
2554 1934 2782 2000 minor
2809 1942 2910 2001 est
2947 1932 3320 2000 humiditas
3376 1955 3528 2022 quae
3585 1954 3797 2001 voca-

2238 2048 2349 2108 tur
2373 2041 2753 2124 seminalis,
2787 2064 2992 2133 quam
3013 2041 3099 2108 sit
3129 2039 3499 2108 humiditas
3520 2042 3796 2131 sangui·

2238 2148 2342 2215 nis
2396 2148 2561 2217 clari
2617 2158 2683 2217 et
2729 2148 3019 2227 subtilis,
3057 2172 3207 2239 quae
3256 2150 3394 2217 exit
3446 2147 3531 2215 ab
3579 2147 3790 2227 orthi,

2237 2279 2386 2347 quae
2416 2265 2522 2325 est
2558 2255 2928 2325 humiditas
2976 2257 3480 2325 nutrimentalis
3520 2266 3585 2324 et
3633 2280 3796 2325 con·

2234 2366 2464 2433 tinua:
2507 2388 2590 2434 eo
2621 2367 2804 2457 quod
2834 2366 3050 2434 multo
3074 2367 3302 2433 minus
3326 2388 3540 2433 unum
3571 2366 3798 2456 quod-

2234 2495 2365 2564 que
2393 2472 2527 2542 hoc
2563 2475 2756 2565 ponit
2795 2475 2864 2542 in
2894 2477 3154 2542 semine
3182 2498 3398 2566 quam
3462 2475 3530 2541 in
3583 2473 3799 2541 nutri-

2235 2589 2490 2649 mento.
2523 2582 2599 2650 ln
2630 2583 2760 2651 viis
2789 2605 2954 2651 vero
2998 2584 3151 2650 istis
3204 2605 3355 2673 quae
3411 2583 3508 2650 sic
3561 2604 3797 2673 proce·

2232 2688 2397 2756 dunt
2430 2689 2516 2756 ad
2555 2690 2850 2782 virgam,
2888 2691 3235 2757 invenitur
3276 2688 3652 2757 humiditas
3697 2688 3792 2755 al-

2229 2795 2316 2862 ba
2359 2795 2731 2864 seminalis.
2784 2796 2937 2866 Una
2984 2805 3212 2864 autem
3255 2800 3364 2864 via
3404 2797 3609 2864 etiam
3651 2796 3791 2862 exit

2228 2927 2265 2970 a
2306 2905 2531 2972 vesica
2563 2926 2685 2995 per
2714 2903 2965 2972 collum
3001 2904 3172 2992 ejus,
3207 2903 3390 2994 quod
3434 2904 3502 2969 in
3562 2902 3786 2970 radice

2226 3014 2436 3105 virgae
2479 3016 2974 3104 incorporatur,
3008 3021 3073 3080 et
3114 3012 3418 3103 procedit
3464 3011 3549 3079 ad
3587 3032 3787 3100 supe·

2229 3125 2476 3192 riorem
2508 3131 2767 3215 partem
2805 3122 3043 3214 virgae,
3088 3130 3153 3190 et
3194 3119 3529 3212 perillam
3569 3118 3786 3187 effun-

2225 3229 2407 3297 ditur
2464 3230 2685 3297 urina.
2747 3229 2888 3296 Nos
2948 3229 3133 3296 enim
3200 3229 3269 3294 in
3316 3226 3787 3317 superioribus

2225 3336 2657 3406 ostendimus
2679 3344 2816 3403 tres
2833 3336 2982 3402 vias
3020 3356 3192 3402 esse.

566 3449 815 3507 exeunt
840 3439 977 3508 duo
1018 3439 1388 3532 aliquando
1421 3445 1594 3511 rami
1624 3444 1980 3533 cujusdam
2008 3469 2122 3516 ve·
2308 3445 2610 3525 Quando
2668 3443 3166 3513 abscinduntur
3220 3442 3540 3520 testiculi,
3616 3451 3783 3511 tunc

571 3570 675 3614 me
707 3570 858 3638 qum
885 3554 1044 3615 sunt
1062 3548 1191 3616 viae
1220 3548 1602 3641 sanguinis,
1627 3559 1694 3618 et
1721 3561 1878 3620 sunt
1899 3553 2119 3645 plena»
2222 3551 2720 3622 contrahuntur
2776 3552 2905 3620 viae
2969 3551 3103 3620 inae
3168 3573 3319 3644 quae
3374 3551 3666 3620 veniunt
3693 3575 3777 3620 ex

567 3656 926 3746 sanguine,
955 3662 1025 3723 et
1050 3663 1325 3746 portant
1367 3656 1467 3725 eis
1494 3658 2016 3740 nutrimentum,
2050 3671 2119 3731 et
2220 3661 2571 3739 testiculis,
2605 3684 2727 3753 per
2750 3683 2922 3752 quas
2961 3667 3067 3728 est
3116 3659 3341 3728 exitus
3381 3659 3769 3749 spermatis.

567 3783 801 3829 semen
841 3761 1020 3852 quod
1068 3763 1136 3829 in
1193 3763 1359 3853 ipsis
1405 3762 1689 3833 albescit
1757 3767 2108 3836 testiculis.
2216 3766 2358 3834 Aut
2413 3767 2619 3835 etiam
2683 3766 2738 3834 si
2796 3765 2971 3833 torte
3024 3763 3535 3833 contundantur
3573 3763 3774 3832 testi-

564 3869 706 3937 Viae
743 3878 973 3938 autem
1003 3893 1154 3962 quae
1190 3879 1444 3940 exeunt
1473 3894 1561 3941 ex
1608 3872 1786 3943 orthi
1828 3874 2114 3946 dfflcen-
2214 3873 2348 3943 culi
2383 3873 2783 3944 animalium
2817 3874 3092 3966 quando
3121 3874 3314 3965 parvi
3355 3881 3515 3941 sunt
3554 3874 3624 3940 in
3646 3873 3768 3961 ju-

557 3978 1030 4055 dente‚carent
1080 3983 1414 4073 sanguine
1476 3983 1837 4054 sutticienti
1870 3987 1955 4055 ad
1988 4011 2110 4056 nu·
2208 3990 2518 4059 ventute,
2559 3990 2723 4049 tunc
2761 3983 2969 4049 etiam
2999 3981 3131 4048 viae
3172 3979 3304 4049 311ae
3333 3979 3764 4048 concludun-

554 4085 951 4154 trimentum
988 4109 1004 4154 :
1036 4109 1280 4178 parum
1319 4088 1502 4156 enim
1547 4088 1800 4161 babent
1837 4093 2106 4163 subtilis
2208 4100 2343 4159 tur.
2408 4089 2796 4182 Aliquando
2845 4099 3075 4157 autem
3106 4090 3440 4180 contingit
3474 4088 3606 4157 bor
3644 4112 3766 4181 per

549 4192 925 4284 sanguinis,
967 4202 1030 4262 et
1063 4194 1358 4263 multum
1395 4193 1480 4263 de
1524 4200 1767 4289 spiritu
1797 4202 1914 4292 qui
1944 4203 2105 4292 pul·
2204 4198 2836 4268 ementulationem.
2913 4198 3070 4265 Jam
3139 4207 3367 4266 autem
3428 4198 3766 4290 contingit

547 4301 750 4368 satin
781 4301 968 4391 ipsis.
2201 4305 2481 4373 castrari
2548 4312 2848 4380 taurum,
2882 4313 2950 4372 et
3007 4302 3237 4372 subito
3266 4311 3423 4393 post
3462 4306 3662 4395 quasi
3693 4304 3763 4372 in

634 4405 773 4474 Illis
810 4416 1042 4477 autem
1085 4409 1220 4477 viis
1264 4410 1366 4479 sic
1403 4411 1726 4482 derivatis
1771 4415 1840 4481 in
1906 4420 2100 4486 testi·
2199 4411 2438 4482 eadem
2478 4410 2648 4481 hora
2684 4435 2841 4481 cum
2896 4433 3105 4480 vacca
3142 4411 3376 4487 coivit,
3419 4419 3488 4479 et
3551 4433 3760 4481 vacca

540 4512 763 4590 culos,
799 4516 940 4583 exit
978 4516 1183 4585 etiam
1215 4515 1304 4586 ab
1332 4541 1475 4586 uno
1516 4530 1824 4590 extremo
1850 4524 2098 4593 utrius·
2200 4523 2284 4589 ab
2314 4544 2396 4590 eo
2425 4521 2737 4612 concepit
2762 4530 2829 4590 et
2850 4522 3136 4612 peperit.
3190 4519 3487 4600 Quidam
3519 4528 3753 4589 autem

542 4644 673 4714 que
729 4623 1023 4692 testiculi
1090 4625 1203 4693 via
1249 4649 1445 4696 vena:
1497 4651 1649 4720 quae
1705 4638 1806 4699 est
1874 4635 2096 4724 magis
2194 4628 2513 4698 sacerdos
2542 4627 2939 4719 inpartibus
2969 4627 3354 4696 Brabantiae
3379 4625 3757 4717 deprehen·

538 4731 750 4818 spissa
809 4740 869 4797 et
946 4741 1245 4812 tumens,
1287 4745 1568 4828 propter
1613 4761 1844 4807 semen
1907 4741 1973 4806 in
2014 4765 2088 4809 ea
2192 4761 2307 4805 sus
2381 4744 2484 4804 est
2548 4759 2704 4803 cum
2770 4734 3037 4803 ‹luiabus
3107 4736 3341 4802 vitatis
3419 4734 3755 4802 uxoribus

539 4853 967 4929 conceptum,
1003 4864 1212 4931 quam
1281 4842 1369 4911 sit
1394 4844 1507 4911 via
1537 4846 1819 4914 veniens
1857 4851 1942 4915 :ul
1984 4862 2089 4917 te-
2191 4845 2686 4914 ementulatus:
2720 4856 2957 4936 postea
2984 4867 3143 4913 cum
3176 4852 3464 4934 utraque
3503 4864 3755 4910 concu-

536 4945 858 5014 sticulos:
900 4957 1002 5017 est
1029 4950 1204 5017 sicut
1241 4950 1328 5018 sit
1365 4972 1657 5020 nervosa
1680 4955 1900 5045 magis
1919 4958 2090 5048 spis·
2188 4956 2335 5023 buit
2379 4961 2446 5023 et
2491 4954 2563 5023 in
2601 4964 2994 5045 utramque,
3054 4955 3233 5023 sicut
3288 4953 3451 5045 ipsae
3509 4950 3753 5021 mulie·

531 5077 632 5138 sa,
672 5063 747 5123 ut
784 5056 1126 5126 diximus:
1161 5067 1225 5128 et
1265 5066 1422 5151 post
1448 5059 1710 5128 exitum
1743 5072 1933 5131 ortus
1977 5067 2079 5134 sui
2187 5088 2293 5133 res
2330 5063 2677 5147 dixerunt,
2719 5085 2956 5132 semen
2986 5064 3211 5132 coitus
3240 5061 3550 5153 projecit.
3594 5059 3749 5129 lloc

527 5159 600 5227 in
656 5183 797 5231 uno
852 5165 1070 5256 capite
1135 5163 1327 5258 globi
1372 5164 1779 5235 testicularis
1823 5167 1898 5237 m
1937 5178 2084 5238 tor·
2183 5180 2413 5240 autem
2442 5169 2746 5262 profecto
2783 5169 3015 5239 evenit
3039 5192 3123 5238 ex
3155 5167 3290 5237 hoc
3315 5177 3455 5237 tam
3486 5169 3557 5236 in
3587 5175 3749 5236 tau-

532 5276 730 5338 tuosa
770 5272 1129 5343 revolvens
1155 5298 1228 5343 se
1255 5274 1438 5343 circa
1483 5273 1897 5356 testiculum,
1949 5276 2082 5346 do·
2183 5302 2258 5347 ro
2316 5300 2525 5371 quam
2576 5278 2647 5347 in
2695 5276 2973 5357 clerico,
3017 5278 3202 5369 quod
3222 5277 3370 5367 jam
3409 5299 3451 5344 a
3515 5272 3742 5366 globis

523 5397 653 5443 nec
676 5378 866 5446 venit
914 5380 998 5448 ad
1047 5380 1212 5450 illud
1243 5389 1449 5474 eaput
1495 5380 1924 5452 testiculizet
1977 5386 2079 5453 si·
2179 5386 2456 5454 testium
2516 5391 2936 5454 maturatum
2991 5407 3231 5454 semen
3262 5381 3564 5450 intusum
3595 5389 3742 5450 erat

530 5482 789 5554 militer
813 5487 892 5555 fit
921 5489 990 5557 in
1028 5490 1332 5560 secundo
1373 5489 1688 5560 testiculo
1733 5513 1751 5559 :
1801 5501 1868 5560 et
1914 5503 2074 5562 tune
2178 5494 2528 5564 canalibus
2557 5494 2920 5585 praedictis,
2957 5496 3259 5586 quisunt
3291 5493 3467 5560 inter
3493 5490 3739 5584 globos

519 5590 740 5661 ambae
805 5596 1231 5687 egredientes
1280 5597 1366 5666 de
1396 5597 1727 5674 testiculis
1782 5622 2077 5670 concur-
2173 5613 2243 5672 et
2269 5603 2481 5694 virgae
2517 5607 2761 5691 caput:
2806 5609 2879 5670 et
2906 5600 3040 5672 boc
3077 5622 3314 5671 semen
3340 5607 3584 5691 postea
3614 5619 3738 5690 per

517 5708 677 5769 runt
712 5702 934 5773 amba:
973 5704 1126 5774 duaa
1163 5706 1234 5773 in
1264 5705 1482 5796 capite
1512 5705 1725 5798 virgae
1751 5715 1818 5776 et
1862 5709 2071 5779 emit·
2173 5712 2428 5781 coitum
2455 5707 2694 5789 exivit,
2729 5716 2797 5776 et
2843 5708 3019 5779 t'acta
3046 5714 3149 5778 est
3202 5710 3494 5778 materia
3555 5727 3730 5775 con-
