4919 6371
1895 465 2065 535 LIB.
2119 466 2246 533 Vll
2296 466 2416 532 DE
2465 463 3052 544 ANIMALIBUS,
3102 466 3415 533 TRACT.
3470 466 3532 533 11

1132 642 1459 732 parvulus
1490 638 1711 714 valde,
1749 639 1865 727 qui
1899 660 2129 705 morsu
2181 661 2303 706 suo
2346 638 2555 704 inficit
2619 644 2682 700 et

1131 750 1449 816 interficit
1489 744 1801 812 homines
1847 766 1862 810 :
1910 751 1975 811 et
2022 743 2229 812 fertur
2278 743 2459 835 quod
2516 763 2682 807 con-

1129 868 1230 926 tra
1261 876 1566 923 morsum
1610 852 1756 939 ejus
1788 876 1926 920 non
1977 852 2158 921 valet
2211 851 2490 942 aliquid,
2554 849 2679 913 nisi

1125 964 1295 1052 lapis
1318 962 1435 1051 qui
1465 960 1790 1049 accipitur
1814 959 1883 1025 in
1923 959 2413 1051 antiquissimis
2445 973 2679 1044 regum

1124 1066 1513 1157 sepulturiS,
1586 1065 1700 1154 qui
1767 1064 1899 1133 sibi
1967 1065 2235 1132 imbibit
2299 1061 2675 1127 balsamum

1125 1195 1280 1240 cum
1313 1170 1600 1239 humore
1626 1193 1899 1265 egresso
1928 1171 2011 1239 de
2050 1190 2332 1258 corpore
2381 1162 2628 1231 mortui
2658 1184 2671 1227 :

1127 1280 1234 1347 hic
1276 1288 1587 1371 aceeptus
1620 1288 1686 1347 et
1732 1302 1922 1345 rasus
1965 1279 2034 1344 in
2076 1278 2236 1342 vino
2287 1280 2352 1341 et
2397 1272 2466 1338 in
2514 1279 2676 1360 potu

1127 1390 1347 1467 datuS,
1395 1389 1642 1457 dicitur
1677 1387 1807 1454 hoc
1849 1408 2193 1453 venenum
2245 1382 2670 1471 restringere.

1129 1497 1212 1563 Et
1246 1498 1315 1562 in
1348 1493 1758 1585 quibusdam
1798 1491 1964 1559 locis
2004 1488 2214 1557 Italiae
2253 1495 2352 1556 est
2400 1486 2675 1578 quidam

1124 1624 1400 1691 serpens
1450 1605 1730 1666 vocatus
1771 1595 2233 1675 astoloboron,
2266 1595 2459 1683 cujus
2491 1615 2677 1660 mor-

1126 1734 1240 1779 sus
1280 1719 1382 1778 est
1412 1708 1745 1777 mortalis.
1793 1706 2215 1775 Generaliter
2242 1713 2470 1772 autem
2488 1725 2677 1769 mor-

1123 1840 1238 1885 sus
1269 1817 1581 1883 omnium
1614 1814 2019 1882 animalium
2051 1812 2447 1880 habentium
2478 1831 2677 1877 vene-

1126 1948 1316 2001 num,
1354 1931 1454 1991 est
1509 1921 1931 2014 periculosus
1986 1919 2225 1988 valde:
2270 1926 2337 1986 et
2381 1918 2674 1984 maxime

1125 2032 1180 2098 si
1211 2053 1552 2098 venenosa
1583 2028 1945 2097 comedant
1973 2049 2044 2096 se
2075 2026 2161 2094 ad
2191 2025 2506 2104 invicem,
2541 2026 2675 2090 sie-

1123 2147 1199 2206 ut
1226 2138 1520 2207 comedit
1563 2137 1766 2204 draco
1824 2135 2273 2226 scorpionem.
2320 2132 2376 2200 E
2441 2140 2674 2201 contra

1125 2256 1350 2313 autem
1384 2243 1599 2311 saliva
1628 2242 1928 2310 hominis
1948 2242 2167 2331 jejuni
2199 2240 2314 2332 qui
2344 2239 2456 2307 diu
2490 2239 2673 2327 jeju-

1124 2353 1309 2420 navit
1366 2361 1425 2418 rt
1507 2354 1572 2418 in
1632 2349 2036 2442 praecedenti
2101 2371 2253 2415 sero
2321 2344 2666 2423 abstinuit,

1121 2460 1572 2528 contrariatur
1590 2458 1911 2526 omnibus
1930 2456 2313 2526 venenosis.

1212 2570 1565 2637 lnvenitur
1585 2577 1813 2636 autem
1836 2576 2025 2658 tyrus
2045 2567 2189 2634 sive
2218 2586 2495 2655 serpens
2517 2563 2671 2652 qui-

1121 2679 1302 2752 dam.
1339 2701 1543 2769 quem
1576 2676 1793 2744 (iraeci
1817 2676 2123 2744 alkineni
2146 2674 2400 2754 dieunt,
2440 2672 2667 2739 Latine

1121 2795 1351 2852 autem
1390 2784 1669 2874 qnidam
1726 2790 1973 2850 vocant
2033 2805 2191 2848 eum
2246 2779 2663 2855 basiliscum,

1122 2891 1229 2958 alii
1264 2893 1490 2958 verius
1515 2899 1763 2957 vocant
1794 2912 1950 2956 eum
1983 2887 2328 2976 requlum,
2364 2909 2444 2951 eo
2486 2883 2668 2974 quod

1121 3007 1216 3063 est
1253 3020 1366 3063 rex
1416 2996 1857 3086 serpentium,
1911 3015 2115 3086 quem
2164 2993 2275 3060 alii
2325 3000 2667 3081 serpentes

1122 3107 1325 3172 etiam
1361 3105 1589 3196 rnagni
1624 3104 1913 3195 fugiunt,
1951 3125 2106 3169 rum
2138 3109 2363 3168 tamen
2399 3101 2465 3166 in
2513 3097 2668 3165 lon-

1122 3213 1427 3303 gitudine
1469 3235 1606 3279 non
1646 3209 1926 3279 excedat
1964 3207 2294 3286 cubitum,
2327 3214 2393 3274 et
2423 3214 2519 3273 est
2560 3205 2667 3296 pi·-

1120 3325 1302 3392 losus
1332 3324 1401 3390 in
1443 3328 1585 3389 toto
1624 3342 1950 3411 corpore:
1986 3326 2053 3387 et
2090 3316 2363 3410 quando
2405 3315 2665 3383 mordet

1119 3430 1394 3523 aliquod
1426 3429 1680 3497 animal
1711 3426 1820 3496 vel
1850 3426 2231 3505 hominem,
2263 3426 2396 3494 cito
2440 3432 2661 3515 putre·

1119 3541 1286 3609 liunt
1325 3563 1406 3609 ea
1429 3563 1581 3631 qua·
1612 3540 2050 3606 circumstant
2080 3558 2388 3605 morsum
2437 3557 2522 3603 ex
2549 3556 2666 3602 ca-

1120 3649 1258 3717 lore
1296 3650 1567 3715 veneni.
1607 3645 1939 3714 Similiter
1966 3654 2195 3714 autem
2237 3647 2304 3712 in
2338 3641 2527 3711 ludia
2567 3642 2664 3708 iu-

1120 3758 1388 3825 venitur
1415 3755 1693 3847 quidam
1733 3776 1984 3845 parvus
2030 3761 2248 3844 tyruS,
2297 3774 2500 3843 quem
2546 3773 2665 3817 vo-

1117 3873 1268 3933 cant
1329 3863 1779 3931 basilis-cum:
1843 3869 1909 3930 et
1962 3884 2234 3929 morsus
2290 3857 2493 3949 hujus
2565 3865 2665 3925 est

1115 3972 1285 4040 adeo
1315 3972 1508 4039 fortis
1536 3980 1602 4039 et
1642 3969 1838 4038 calidi
1871 3971 2145 4048 veneni,
2189 3966 2373 4060 quod
2431 3973 2663 4034 contra

1118 4080 1338 4170 ipsum
1380 4101 1515 4145 non
1548 4077 1894 4144 invenitur
1922 4074 2278 4143 medicina.

1211 4186 1579 4255 Sciendum
1645 4186 1854 4260 enim,
1925 4182 2109 4275 quod
2158 4180 2502 4273 quoddam
2566 4188 2665 4247 est

1117 4318 1458 4365 venenum
1490 4293 1813 4372 calidum,
1846 4301 1912 4362 et
1941 4291 2285 4384 quoddam
2317 4288 2660 4382 frigidum.

1122 4402 1200 4471 lit
1240 4403 1407 4470 illud
1429 4402 1704 4493 quidem
1735 4400 1919 4494 quod
1948 4408 2047 4468 est
2095 4396 2420 4476 calidum,
2474 4396 2662 4487 quasi

1116 4508 1583 4579 rmnburendo
1618 4506 1955 4583 interficit,
2010 4515 2077 4575 et
2106 4507 2240 4575 cito
2271 4505 2463 4597 quasi
2495 4504 2668 4570 adu-

1120 4628 1299 4685 stum
1333 4616 1548 4684 reddit
1579 4617 1805 4684 locum
1838 4636 2131 4681 morsus.
2171 4611 2517 4702 Frigidum
2548 4633 2667 4677 au-

1123 4737 1260 4794 tem
1320 4723 1633 4792 interficit
1695 4745 1814 4791 cor
1860 4720 2336 4811 infrigidaudO,
2395 4717 2666 4810 quando

1019 4877 1028 4886 ,
1127 4832 1607 4927 vaporabiliter
1625 4831 1707 4899 ad
1739 4853 1857 4900 cor
1885 4828 2308 4898 diffunditur.

1217 4940 1455 5009 Adhuc
1483 4949 1712 5007 autem
1744 4961 1883 5005 non
1913 4944 2180 5028 oportet
2222 4936 2452 5014 latere,
2488 4933 2670 5026 quod

1130 5062 1316 5144 tyrus
1346 5048 1524 5140 apud
1566 5069 1691 5114 nos
1721 5054 1823 5113 est
1851 5067 2131 5138 serpens
2158 5043 2438 5137 quidam
2475 5053 2672 5111 ante-

1126 5162 1300 5227 riora
1335 5158 1440 5225 sui
1470 5153 1775 5246 corporis
1815 5153 2109 5244 erigens,
2153 5153 2235 5219 ‹le
2275 5174 2410 5243 quo
2469 5172 2667 5242 supra

1121 5265 1460 5332 diximus:
1496 5270 1562 5328 et
1601 5259 1682 5328 de
1722 5257 2041 5326 carnibus
2066 5257 2214 5347 ejus
2250 5257 2573 5348 recipitur
2600 5255 2667 5322 in

1121 5370 1616 5461 compositione
1694 5366 1994 5459 tyriaca‘.
2066 5365 2193 5433 llic
2248 5371 2474 5432 autem
2532 5386 2669 5432 non

1124 5481 1381 5546 utimur
1408 5476 1504 5543 sic
1533 5484 1716 5565 tyro,
1748 5472 1866 5541 sed
1905 5493 2029 5562 pro
2061 5493 2307 5561 genere
2346 5471 2672 5561 serpentis

1125 5585 1308 5680 quod
1346 5583 1574 5652 subse
1616 5581 1865 5650 multas
1920 5579 2222 5650 continet
2260 5579 2540 5669 species,
2589 5580 2674 5646 si-

1125 5719 1209 5764 ve
1240 5692 1534 5762 calidum
1564 5687 1858 5758 habeant
1896 5709 2264 5763 venenum,
2312 5686 2456 5754 sive
2493 5686 2676 5775 frigi·

1130 5801 1319 5869 dum.
2063 5813 2073 5823 ·

4209 468 4343 535 405

2881 634 3056 700 Sunt
3087 645 3319 701 autem
3351 635 3574 702 adhuc
3641 647 4014 726 serpenteS,
4080 638 4195 727 qui
4256 636 4355 702 di-

2788 749 3040 827 cuntur·
3057 741 3243 826 flatu
3270 741 3657 819 adurenteS,
3685 766 3763 809 eo
3797 744 3979 831 quod
4000 767 4349 812 venenum

2786 866 3023 910 eorum
3073 846 3561 934 vaporabiliter
3609 857 3674 914 et
3712 849 4155 937 spiritualiter
4224 850 4346 918 ali·

2786 950 3058 1038 quando
3126 974 3248 1041 per
3313 976 3638 1045 vaporem
3715 958 3852 1022 oris
3912 955 4342 1023 diffunditur.

2784 1056 3172 1148 Aliquando
3213 1071 3446 1130 autem
3476 1064 3559 1130 ab
3617 1064 3832 1130 oculis
3867 1063 4174 1154 procedit
4203 1065 4350 1155 spi-

2786 1166 2952 1232 ritus
2986 1168 3433 1257 pernecabilis
3462 1171 3532 1237 in
3571 1193 3650 1236 ea
3681 1193 3832 1260 quoe
3872 1171 4058 1238 videt
4089 1195 4125 1238 e
4171 1172 4348 1238 vici-

2782 1299 2898 1356 ne,
2924 1280 3096 1344 sieut
3128 1277 3345 1345 nubes
3376 1281 3755 1369 sanguinea
3784 1279 3867 1345 al)
3901 1278 4116 1346 oculis
4147 1302 4351 1346 men-

2782 1396 3058 1454 struatae
3101 1388 3317 1454 effluit
3349 1389 3415 1455 in
3453 1387 3806 1477 speculum
3852 1410 3866 1454 :
3931 1396 3998 1455 et
4054 1387 4188 1456 hoe
4239 1396 4350 1456 at-

2782 1493 3101 1561 tribuitur
3145 1493 3487 1562 basilisco.
3532 1493 3826 1573 Quidam
3869 1496 4077 1563 etiam
4134 1517 4349 1562 voca-

2780 1610 2894 1668 tur
2922 1600 3179 1692 dipsaS,
3225 1601 3411 1692 quod
3441 1602 3923 1692 interpretatur
3958 1600 4206 1681 situla,
4232 1624 4346 1669 cu-

2772 1708 2886 1795 jus
2933 1729 3279 1774 venenum
3319 1708 3548 1775 statim
3617 1709 3915 1775 exsiccat
3969 1707 4337 1776 humorem

2781 1817 2897 1906 qui
2939 1824 3039 1882 est
3094 1816 3162 1881 in
3202 1837 3486 1905 corpore
3527 1816 3710 1906 quod
3767 1815 4064 1898 mordet,
4125 1824 4191 1882 et
4243 1815 4344 1882 si-

2779 1922 3008 1990 tiendo
3049 1933 3118 1990 et
3153 1920 3451 1990 bibendo
3500 1924 3812 1989 moritur.
3848 1923 3969 1990 Est
4007 1931 4236 1990 autem
4268 1923 4341 1988 in

2780 2030 3099 2097 omnibus
3129 2028 3236 2096 his
3279 2037 3465 2096 totus
3497 2030 3745 2097 humor
3783 2029 4112 2097 naturalis
4142 2053 4345 2096 vene-

2778 2165 2971 2219 num,
3015 2150 3081 2208 et
3111 2149 3211 2208 est
3241 2139 3542 2208 fortioris
3575 2142 3862 2207 actionis
3892 2137 4192 2207 calidum
4231 2137 4340 2206 vel

2778 2245 3102 2337 frigidum
3158 2247 3433 2324 veneni,
3479 2270 3682 2336 quam
3744 2247 3829 2312 sit
3888 2244 4187 2313 calidum
4227 2244 4336 2313 vel

2776 2350 3137 2419 humidum
3188 2349 3298 2418 vel
3338 2351 3662 2442 frigidum
3694 2351 3800 2418 vel
3833 2352 4090 2418 siccum
4122 2350 4336 2441 ipsius

2777 2458 3094 2527 clementi
3134 2457 3508 2547 simplicis:
3571 2459 3764 2546 cujus
3806 2457 3873 2523 iu
3924 2455 4338 2524 antehabitis

2776 2566 2965 2633 libris
3003 2589 3042 2633 a
3069 2563 3267 2632 nobis
3298 2565 3641 2655 assignata
3680 2573 3782 2632 est
3812 2565 4009 2631 ratio,
4049 2563 4340 2654 l‘ropter

2773 2674 3069 2743 similem
3113 2675 3317 2741 etiam
3377 2674 3710 2740 rationem
3752 2683 3850 2741 est
3895 2675 4340 2741 contrarietas

2775 2782 3086 2850 humoris
3117 2780 3421 2848 hominis
3452 2782 3536 2848 ad
3561 2783 3705 2871 ipsa
3735 2804 4103 2849 venenosa.

2866 2889 3002 2957 Sed
3040 2888 3121 2955 de
3165 2887 3592 2954 mirabilibus
3639 2911 3789 2978 qum
3839 2889 3986 2954 visa
4043 2895 4203 2954 sunt
4264 2889 4332 2954 in

2772 2996 3043 3072 talibus,
3089 3002 3189 3061 est
3225 3017 3437 3060 unum
3470 2994 3652 3083 qnod
3696 2994 3895 3060 refert
3928 2992 4331 3062 Aristoteles

2771 3106 2840 3171 in
2874 3103 3046 3170 libro
3077 3101 3159 3169 de
3192 3103 3549 3191 Ιέιῃὶηιίηο
3597 3101 4063 3179 dominorum,
4125 3125 4329 3193 quem

2770 3212 3038 3303 scripsit
3094 3208 3176 3278 ad
3226 3209 3720 3287 Alexandrum,
3793 3210 3979 3300 quod
4019 3209 4336 3277 videlieet

2769 3317 2997 3410 puella
3065 3319 3272 3384 missa
3341 3316 3466 3384 l’uit
3520 3316 3934 3387 Alexandro.
3979 3340 4064 3382 rx
4139 3317 4335 3406 cujus

2771 3449 3003 3494 morsu
3072 3422 3543 3492 moriebantur
3610 3422 3926 3491 homines
4003 3424 4179 3491 sieut
4245 3448 4329 3491 ex

2770 3557 3003 3602 morsu
3044 3532 3515 3623 serpentium:
3585 3540 3651 3599 et
3719 3530 3970 3599 humor
4025 3529 4329 3598 salivalis

2770 3643 2839 3709 in
2871 3642 3017 3731 ipsa
3044 3639 3170 3707 fuit
3217 3661 3588 3706 venenum.
3626 3637 3710 3707 lit
3738 3637 4156 3730 possibilitas
4192 3636 4329 3706 hu-

2762 3752 2877 3841 jus
2914 3747 3243 3840 probatur
3271 3771 3356 3815 ex
3389 3746 3520 3815 hoc
3549 3747 3731 3838 quod
3764 3750 4015 3838 sagitta
4044 3747 4330 3815 intincta

2771 3856 2839 3922 in
2898 3852 3185 3920 salivam
3245 3849 3549 3919 hominis
3598 3852 3817 3941 jejuni
3886 3852 4329 3929 intoxicatur,

2771 3962 3044 4056 quando
3084 3961 3398 4029 vulnerat
3429 3960 3665 4031 alium.
3709 3961 3785 4028 131
3819 3961 4004 4051 quod
4062 3961 4337 4028 unicui-

2772 4093 2905 4162 que
2943 4068 3161 4137 saliva
3194 4070 3471 4159 propria
3500 4076 3602 4135 est
3632 4068 4063 4136 medicamen
4096 4075 4335 4136 eontra

2770 4200 3142 4253 venenum,
3175 4184 3243 4243 et
3272 4172 3386 4242 alii
3429 4197 3566 4242 non
3597 4183 3699 4242 est
3728 4174 4072 4253 salutaris,
4107 4182 4175 4242 et
4205 4175 4337 4242 for-

2771 4294 2837 4355 te
2881 4294 2980 4352 est
3008 4284 3137 4351 sibi
3170 4305 3539 4352 venenosa.
3577 4282 3822 4351 Narrat
3868 4291 4097 4351 autem
4167 4284 4338 4350 Avi-

2772 4414 3012 4466 cenna.
3101 4389 3288 4481 quod
3373 4390 3441 4457 in
3522 4398 3700 4457 terra
3779 4389 4110 4481 Nassatye
4213 4389 4333 4457 tuit

2775 4499 2983 4567 homo
3023 4495 3448 4586 temporibus
3487 4496 3655 4578 suis,
3716 4497 3832 4585 qui
3895 4497 4169 4586 quoties
4208 4519 4339 4563 vo-

2773 4607 2923 4685 luit,
2958 4603 3445 4697 paralyticabat
3511 4625 3758 4693 corpus
3814 4626 4045 4682 suum,
4090 4612 4157 4671 et
4190 4628 4339 4672 rur·

2772 4738 2924 4782 sum
2956 4711 3230 4804 quando
3269 4710 3517 4788 voluit,
3554 4709 3970 4778 sanabatur:
4022 4719 4087 4779 et
4118 4735 4334 4779 vene-

2776 4844 2942 4889 nosa
2999 4817 3373 4911 pungentia
3417 4814 3633 4885 cauda
3690 4815 3798 4884 vel
3856 4815 4118 4908 lingua,
4162 4819 4335 4886 sicut

2773 4930 3069 5020 scorpio,
3104 4927 3213 4996 vel
3245 4949 3518 5005 aranea,
3564 4925 3915 5016 fugiebant
3955 4950 4143 5006 eum,
4204 4928 4331 4995 uisi

2777 5037 3069 5107 multum
3137 5036 3445 5105 lacessita
3486 5044 3548 5102 et
3604 5043 3973 5126 provocata
4022 5036 4331 5126 abipso:

2777 5154 2843 5215 et
2882 5147 3112 5215 statim
3145 5153 3221 5214 ut
3248 5153 3683 5236 pupugerunt
3720 5167 3906 5227 eum,
3943 5144 4342 5213 morieban-

2778 5264 2890 5321 tur
2907 5273 3253 5322 venenosa
3284 5248 3440 5318 illa:
3486 5258 3552 5317 et
3584 5249 3727 5340 ipse
3769 5248 3980 5317 lnomo
4014 5254 4341 5322 remansit

2778 5361 3069 5431 illaesus:
3105 5368 3172 5428 et
3210 5381 3488 5448 serpens
3527 5356 3806 5448 quidam
3866 5382 4161 5450 magnus
4200 5383 4343 5428 mo·

2777 5468 3030 5536 mordit
3059 5490 3245 5544 eum,
3280 5474 3345 5533 et
3376 5466 3603 5533 statim
3656 5475 3968 5535 mortuus
4026 5467 4152 5535 fuit
4196 5492 4345 5537 ser-

2779 5598 2988 5669 pens:
3025 5583 3092 5644 et
3128 5597 3475 5644 venenum
3515 5578 3849 5665 serpentis
3890 5598 4030 5643 non
4073 5576 4345 5644 induxit

2782 5686 2850 5752 in
2879 5684 3055 5763 vire,
3097 5682 3230 5751 nisi
3268 5680 3644 5750 effimeram
3692 5680 3989 5750 duorum
4042 5682 4333 5751 dierum.

2782 5794 3051 5863 Etcum
3091 5793 3177 5862 ad
3242 5799 3494 5861 terram
3552 5791 3740 5860 illam
3799 5793 4020 5883 gratia
4064 5791 4342 5860 videndi
