4919 6371
1944 399 2115 467 LIB.
2166 396 2294 462 VII
2340 393 2461 459 DE
2507 391 3098 474 ANIMALIBUS,
3148 395 3459 467 TRACT.
3512 396 3578 464 ΙΙ

1125 591 1279 637 cum
1346 570 1497 637 oleo
1547 580 1616 637 et
1671 589 1850 657 aqua
1905 565 2147 642 calida,
2193 571 2257 630 et
2303 563 2668 630 curabitur.

1126 674 1415 755 Quando
1448 677 1757 744 dolorem
1787 673 2046 761 patitur
2083 670 2523 761 spatularum,
2549 693 2679 760 pof-

1077 784 1311 851 'nitur
1363 800 1567 873 super
1626 778 1938 870 scapulas
1997 779 2143 867 ejus
2195 801 2351 848 caro
2400 779 2678 869 porcina

1124 901 1370 972 assata,
1425 901 1492 959 et
1557 888 1927 958 curabitur.
1991 888 2221 979 Aliqui
2290 888 2472 957 enim
2550 886 2679 953 elc-

1122 1000 1484 1091 phantium
1517 1005 1760 1089 potant
1790 997 2119 1075 oleum,et
2152 997 2516 1089 aliquando
2539 1017 2678 1062 non

1119 1115 1358 1197 potant
1435 1108 1685 1196 ipsum.
1754 1104 2044 1186 Quando
2126 1113 2350 1173 autem
2434 1107 2675 1192 potant

1123 1212 1379 1291 oleum,
1424 1213 1480 1280 si
1506 1214 1575 1280 in
1596 1236 1838 1282 eorum
1868 1222 2106 1282 ventre
2123 1219 2222 1279 est
2250 1211 2531 1286 ferrum,
2566 1229 2679 1273 ex-

1126 1319 1416 1387 trahitur
1454 1342 1574 1410 per
1604 1319 1859 1388 oleum.
1904 1317 2198 1408 Elephas
2238 1318 2442 1383 etiam
2510 1311 2679 1379 bibit

1120 1427 1386 1505 vinum,
1421 1434 1487 1494 et
1516 1424 1789 1516 quando
1820 1431 2055 1514 potare
2077 1445 2215 1489 non
2245 1420 2680 1511 potest,acci-

1118 1534 1317 1623 piunt
1350 1530 1723 1599 medicinas
1755 1536 1822 1597 et
1863 1529 2250 1620 decoquunt
2289 1551 2445 1596 cum
2497 1525 2675 1603 oleo,

1121 1647 1189 1708 et
1216 1639 1380 1706 dant
1436 1638 1622 1705 illam
1684 1637 2154 1706 decoctionem
2208 1634 2679 1726 elephantibus

1122 1746 1207 1816 ad
1235 1746 1640 1837 potandum,
1688 1755 1755 1816 et
1795 1754 1957 1815 tunc
1997 1753 2341 1815 curantur.

1211 1856 1373 1924 Haec
1394 1856 1604 1948 igitur
1624 1857 1704 1925 de
1733 1856 2138 1924 animalium
2161 1851 2680 1946 quadrupedum

1123 1963 1636 2033 infirmitatibus
1665 1965 1844 2033 dicta
1883 1971 2043 2032 sunt
2083 1963 2150 2029 in
2182 1961 2558 2029 communi.

1668 3022 1776 3090 CA
1790 3022 1962 3090 t‘t’T
2011 3021 2129 3088 111.

1116 3795 1222 3862 De
1259 3793 1692 3886 profectibus
1744 3804 1812 3862 et
1876 3794 2254 3885 defectibus
2308 3794 2685 3863 ameteloso-

1587 3925 1745 3969 rmn
1777 3902 2218 3971 animalium.

1210 4775 1551 4843 Animalia
1588 4784 1811 4841 antem
1848 4775 2158 4841 annnlosi
2194 4778 2497 4867 corporis
2528 4777 2686 4866 pin-

1120 4892 1452 4973 guescunt
1498 4884 1565 4947 in
1630 4892 1933 4972 tempore
2003 4907 2144 4948 sua·
2194 4883 2677 4972 generationis,

1121 4988 1396 5082 quando
1448 4991 1672 5081 ipsum
1722 4997 1994 5081 tempus
2023 4990 2436 5059 conveniens
2479 4989 2677 5059 fuerit

1121 5093 1495 5163 secundum
1525 5094 1861 5186 principia
1898 5096 2057 5164 vitae
2087 5118 2323 5163 corum
2364 5117 2513 5187 quae
2558 5119 2684 5163 na-

1120 5209 1428 5270 scuntur.
1458 5200 1759 5293 Tempus
1797 5210 2029 5270 autem
2057 5202 2518 5293 generationis
2573 5209 2684 5270 ta-

1119 5306 1290 5374 lium
1329 5314 1433 5375 est
1496 5316 1768 5398 tempus
1824 5329 2141 5389 vernum,
2192 5307 2373 5399 quod
2428 5329 2685 5376 conve-

1118 5415 1314 5483 niens
1378 5438 1525 5484 essc
1601 5415 1852 5485 dicitur
1927 5416 2203 5508 quando
2274 5424 2517 5485 natura
2616 5426 2682 5485 et

1120 5520 1364 5590 ellectu
1388 5530 1489 5591 est
1518 5523 1821 5592 calidum
1842 5533 1909 5592 et
1933 5521 2294 5593 humidum
2322 5548 2337 5592 ε
2368 5523 2473 5593 1·ae
2498 5525 2681 5594 enim

1121 5627 1274 5696 duae
1305 5628 1667 5720 qualitates
1697 5639 1858 5698 sunt
1890 5631 2046 5698 vitae
2097 5634 2449 5723 principia.
2499 5631 2685 5700 Cali-

1125 5735 1289 5803 dum
1345 5738 1533 5804 enim
1582 5760 1871 5824 movens
1935 5738 2231 5830 perforat
2288 5737 2674 5819 humidum,

1414 5886 1470 5929 u

4215 403 4339 471 401

2791 563 2976 653 quod
3012 566 3433 656 perforatum
3482 569 3894 651 circumstat,
3940 580 4007 641 et
4051 574 4350 641 circum-

2791 671 3032 738 stando
3073 673 3323 762 figurat
3363 674 3697 743 annulum
3733 700 3747 743 ε
3794 687 3859 747 et
3917 680 4012 747 sic
4069 702 4345 777 genera-

2791 787 2902 845 tur
2940 779 3196 846 animal
3225 782 3664 850 annulosum.

2883 882 3059 951 Sunt
3104 894 3334 953 autem
3392 887 3473 955 de
3524 912 3808 957 numero
3853 878 4344 963 annulosorum

2791 1012 2974 1078 apeS,
3011 1013 3164 1081 quae
3193 994 3413 1084 magis
3453 1005 3612 1064 sunt
3655 998 3855 1066 utiles
3903 999 4338 1069 hominibus:

2793 1104 2858 1162 et
2887 1095 3256 1187 aliquando
3288 1111 3700 1192 generantur
3728 1106 3906 1175 inter
3960 1130 4071 1175 eas
4111 1108 4180 1175 in
4226 1131 4346 1182 ca·-.

2798 1206 2889 1272 sis
2953 1215 3021 1275 et
3074 1209 3258 1277 vasis
3311 1234 3581 1280 vermes
3620 1222 3940 1282 nocentes
3971 1215 4235 1305 apibuS‚
4279 1225 4345 1285 et

2792 1321 3111 1403 sugentes
3170 1339 3310 1396 eaS,
3354 1326 3420 1385 et
3477 1317 3613 1384 mel
3670 1330 4205 1412 corrumpentes.
4241 1322 4345 1390 Ex

2787 1421 3138 1490 vermibus
3187 1430 3417 1490 autem
3466 1424 3602 1492 illis
3630 1447 3786 1494 cum
3818 1430 4178 1511 creverint,
4221 1452 4345 1521 ge-

2792 1537 3118 1596 nerantur
3174 1551 3463 1601 araneae.
3499 1532 3587 1601 Et
3641 1531 3846 1622 hujus
3903 1537 4175 1627 signum
4214 1544 4341 1616 est,

2791 1635 2975 1727 quod
3022 1638 3092 1702 in
3151 1640 3467 1706 examine
3518 1649 3838 1732 corrupto
3905 1643 4350 1712 inveniuntur

2791 1742 2933 1809 nidi
2990 1750 3056 1811 et
3121 1743 3272 1812 telae
3317 1767 3747 1814 aranearum.
3790 1747 4061 1817 Aranea
4118 1758 4348 1819 autem

2790 1847 2906 1916 illa
2962 1849 3252 1919 Arabice
3315 1852 3623 1941 selideon
3685 1864 4018 1924 vocatur:
4064 1856 4346 1947 quidam

2788 1965 3020 2028 tamen
3069 1969 3320 2029 vocant
3358 1984 3510 2030 eam
3555 1967 3921 2054 serzyzem.
3993 1965 4117 2034 11ae
4166 1965 4350 2034 enim

2791 2070 2859 2134 in
2916 2068 3235 2137 domibus
3281 2094 3488 2161 apum
3529 2072 3783 2140 faciunt
3823 2081 4185 2142 texturam.
4229 2074 4351 2142 Est

2792 2183 3021 2243 autem
3069 2176 3141 2243 in
3189 2177 3364 2245 casis
3404 2200 3610 2269 apum
3665 2182 3869 2248 etiam
3919 2181 4106 2250 aliud
4163 2181 4349 2273 quod

2789 2292 3073 2353 vocatur
3128 2286 3471 2376 akykolon
3512 2287 3767 2369 Graece,
3826 2297 3893 2357 et
3947 2298 4050 2358 est
4092 2288 4346 2364 animal

2790 2392 3045 2460 alatum
3077 2395 3264 2485 quod
3291 2395 3480 2463 volat
3509 2397 3688 2465 circa
3708 2396 3939 2466 lumen
3968 2398 4344 2467 immittens

2789 2521 2860 2566 se
2889 2497 3152 2569 lumini.
3202 2500 3350 2570 Hoc
3388 2510 3616 2569 autem
3649 2503 3903 2571 animal
3968 2527 4091 2595 per
4152 2505 4348 2596 spiri·

2788 2613 2936 2671 tum
2978 2603 3241 2672 alarum
3273 2615 3340 2676 et
3370 2615 3636 2675 motum
3658 2609 3962 2699 corporis
3991 2610 4341 2701 pulverem

2790 2723 2854 2782 et
2884 2723 3133 2783 terram
3163 2715 3379 2806 injicit
3418 2719 3595 2786 inter
3621 2719 3813 2786 favos
3842 2727 3907 2787 et
3939 2721 4150 2789 inlicit
4199 2742 4341 2788 eos.

2787 2823 2971 2914 Apes
2999 2847 3163 2891 vero
3204 2847 3343 2892 non
3371 2834 3688 2916 pungunt
3715 2826 3983 2916 ipsum:
4021 2836 4088 2898 et
4128 2850 4355 2920 quan-

2787 2930 2874 2998 do
2930 2932 3463 3023 sutl'umigantur
3525 2936 3865 3015 examina,
3928 2936 4153 3005 evolat
4210 2963 4355 3008 mo·

2791 3039 3120 3108 rientibus
3150 3038 3391 3130 apibus
3422 3027 3506 3110 ex
3537 3042 3751 3111 fumo.

2877 3149 3039 3218 Ilaec
3075 3156 3305 3218 autem
3364 3150 3501 3221 duo
3556 3152 3877 3221 animalia
3933 3164 4349 3247 generantur

2790 3279 2875 3325 cx
2903 3280 3075 3326 certe
3107 3258 3488 3349 putredine.
3522 3258 3608 3328 Et
3637 3260 3803 3329 illud
3843 3262 4119 3354 quidem
4159 3265 4342 3356 quod

2795 3372 3079 3432 vocatur
3116 3389 3398 3447 aranea,
3443 3369 3742 3456 primum
3773 3375 3876 3437 est
3902 3391 4190 3459 parvum
4220 3394 4346 3440 vo-

2790 3470 2957 3538 locis
2999 3479 3254 3558 motus,
3294 3472 3469 3541 sicut
3513 3473 3867 3542 vermiculi
3899 3478 4016 3567 qui
4050 3500 4347 3566 qusanes

2787 3586 3147 3665 vocantur,
3182 3587 3249 3647 et
3275 3587 3513 3669 postea
3549 3581 3787 3648 crescit
3830 3589 3896 3649 et
3946 3581 4235 3651 efficitur
4281 3583 4352 3652 in

2792 3708 3054 3755 araneae
3111 3689 3514 3779 quantitate.
3581 3686 3729 3779 Ego
3760 3697 3989 3780 autem
4032 3690 4346 3780 probavi,

2792 3792 2978 3886 quod
3006 3815 3093 3869 ex
3127 3794 3486 3885 putredine
3511 3817 3680 3864 cerae
3717 3796 4021 3865 nascitur
4040 3798 4341 3868 liniendo

2793 3899 3041 3967 multas
3069 3923 3241 3969 cerae
3265 3900 3629 3991 particulas
3651 3902 3719 3970 in
3759 3902 4060 3994 quodam
4091 3927 4288 3972 muro
4319 3929 4335 3973 :

2792 4030 2944 4098 quae
3001 4030 3157 4076 cum
3206 4010 3502 4077 stetisset
3556 4032 3772 4100 usque
3833 4009 3919 4078 ad
3967 4012 4172 4079 tinem
4212 4036 4342 4081 au-

2789 4116 2998 4206 gusti,
3053 4117 3120 4184 in
3178 4116 3278 4184 eis
3330 4115 3561 4185 inveni
3608 4116 3902 4208 amplius
3929 4140 4137 4210 quam
4183 4142 4343 4189 cen·

2791 4231 2937 4291 tum
2968 4223 3384 4293 vermiculos
3420 4224 3615 4303 tales,
3650 4233 3716 4293 et
3754 4225 4230 4295 nutriebantur
4258 4226 4341 4297 de

2789 4354 2942 4399 cera
2985 4332 3278 4400 residua.
3335 4333 3729 4401 Secundum
3787 4342 4016 4402 autem
4081 4334 4335 4404 animal

2793 4441 3095 4508 nascitur
3156 4440 3362 4509 etiam
3437 4463 3522 4509 cx
3597 4464 3765 4509 ceroe
3814 4442 4176 4532 putredine
4224 4443 4345 4512 ali·

2796 4547 3207 4638 quantulum
3274 4546 3582 4616 humida.
3644 4547 3727 4617 Et
3784 4549 4009 4640 primo
4046 4551 4341 4620 estsicut

2795 4656 3212 4725 vermiculus
3241 4657 3356 4748 qui
3389 4656 3616 4725 teredo
3642 4667 3969 4726 vocatur:
4013 4666 4079 4726 et
4100 4667 4337 4750 postca

2790 4773 3164 4834 nascuntur
3202 4766 3263 4834 ei
3302 4764 3453 4850 alze,
3487 4774 3551 4833 et
3581 4766 3807 4834 volat:
3842 4775 3908 4835 et
3954 4765 4181 4837 locum
4237 4770 4345 4837 cui

2790 4873 3061 4952 insidet,
3119 4875 3342 4966 primo
3389 4875 3600 4943 inlicit
3648 4874 3803 4943 albo
3835 4876 4139 4967 pulvere,
4172 4877 4348 4945 sicut

2787 4981 2875 5049 sit
2903 5005 3253 5073 respersus
3285 4981 3554 5050 modica
3590 4982 3848 5051 farina:
3882 4991 3948 5052 et
3979 4982 4091 5053 ille
4120 4983 4347 5076 pulvis

2788 5098 3004 5161 estex
3045 5091 3347 5161 terrestri
3403 5113 3581 5171 cera,
3619 5099 3686 5160 et
3733 5089 4062 5182 paulatim
4109 5094 4349 5161 crescit

2786 5197 2897 5267 ille
2927 5197 3179 5290 pulvis,
3223 5198 3317 5267 ita
3344 5198 3531 5291 quod
3560 5198 3769 5268 inficit
3797 5198 3990 5266 favos
4026 5207 4095 5268 et
4129 5197 4351 5269 reddit

2785 5328 2904 5374 cos
2926 5306 3202 5375 inutiles
3228 5305 3494 5397 apibus.

2873 5413 3121 5484 Adhuc
3149 5422 3383 5483 autem
3422 5434 3584 5504 apes
3615 5412 4050 5481 infirmantur
4079 5421 4352 5505 tempo-

2788 5548 2860 5592 re
2908 5546 3044 5615 quo
3089 5522 3292 5591 ssores
3350 5522 3708 5614 papaveris
3769 5521 4065 5590 multum
4126 5529 4357 5590 tume-

2789 5639 2984 5701 scunt
3012 5656 3028 5701 :
3064 5630 3227 5723 quia
3262 5629 3393 5697 boc
3423 5627 3499 5697 fit
3525 5652 3612 5697 ex
3641 5628 4047 5698 ventositate
4071 5651 4355 5721 genera-

2788 5747 2859 5807 ta
2897 5738 2965 5806 in
2996 5737 3162 5830 ipsis
3207 5759 3291 5805 ex
3338 5736 3637 5806 siccitate
3685 5736 4036 5827 temporis.
4073 5735 4222 5804 lloc
4250 5743 4353 5804 est

3994 5872 4065 5926 26
