4919 6371
590 423 717 491 348

590 595 837 684 quibus
883 601 983 661 est
1039 614 1257 681 pauca
1304 614 1503 681 aqua,
1558 603 1624 660 et
1688 595 2020 684 praeeipuc
2073 594 2140 659 in

588 701 754 766 locis
785 700 853 764 in
886 698 1133 788 quibus
1190 709 1346 766 sunt
1394 701 1651 770 radices
1681 703 1972 781 silicum,
2024 709 2139 768 aut

589 805 876 869 aliarum
907 803 1256 884 arborum,
1293 815 1410 875 aut
1439 830 1830 876 cannarum.

674 909 917 978 Adhuc
972 921 1201 980 autem
1242 914 1458 1004 pisces
1513 918 1746 1009 magni
1792 918 1968 984 coire
2025 916 2136 981 vi-

588 1016 834 1085 dentur
897 1026 964 1088 et
1008 1021 1382 1090 confricant
1435 1046 1506 1091 se
1552 1024 1637 1090 ad
1702 1029 2006 1088 ventrem
2063 1021 2129 1085 in

586 1123 737 1192 loco
768 1126 886 1216 qui
917 1126 1287 1197 umbilicus
1316 1130 1567 1196 ventris
1594 1135 1898 1202 vocatur,
1943 1133 2010 1192 et
2037 1132 2137 1192 est

578 1232 776 1320 juxta
815 1255 1023 1300 anum
1070 1257 1087 1301 :
1130 1257 1251 1325 per
1278 1235 1453 1301 hanc
1480 1242 1747 1300 tantum
1776 1232 1958 1298 viam
1990 1252 2136 1297 mas

588 1342 768 1430 ejicit
823 1364 1115 1431 sperma,
1170 1349 1236 1408 et
1307 1341 1585 1409 soemina
1641 1341 1817 1430 ejicit
1875 1362 2026 1417 ονε,
2072 1346 2137 1406 et

587 1449 822 1515 omnia
877 1470 1007 1514 ova
1046 1470 1198 1538 quae
1255 1449 1389 1515 cito
1449 1456 1821 1540 tanguntur
1858 1471 1894 1514 a
1944 1471 2137 1537 sper-

586 1563 791 1632 mate,
853 1563 1182 1645 apparent
1229 1558 1449 1647 magis
1505 1557 1660 1625 alba
1709 1565 1863 1647 post
1918 1579 2133 1623 unum

584 1653 788 1730 diem,
826 1661 892 1721 et
922 1663 1077 1745 post
1105 1657 1454 1724 modicum
1493 1666 1762 1748 tempus
1809 1663 2135 1747 apparent

583 1761 651 1826 in
684 1760 778 1828 eis
809 1761 989 1829 oculi
1020 1763 1309 1852 piscium
1353 1787 1369 1831 ε
1415 1772 1483 1831 et
1511 1763 1642 1831 hoc
1681 1763 1817 1831 sere
1856 1783 2132 1852 genera-

584 1866 644 1936 le
684 1876 786 1936 est
831 1869 902 1935 in
933 1869 1254 1937 omnibus
1302 1871 1621 1961 piscibus.
1668 1871 1965 1960 Apparet
2002 1890 2131 1935 au-

585 1983 719 2043 tem
777 1975 949 2044 sorte
989 1976 1168 2044 idem
1228 1985 1293 2045 et
1350 1980 1421 2045 in
1478 1977 1629 2044 aliis
1693 1975 2125 2052 animalibuS,

582 2104 875 2172 quorum
905 2083 1111 2151 etiam
1151 2083 1329 2151 oculi
1362 2086 1428 2150 in
1457 2084 1862 2151 formatione
1893 2104 2128 2150 eorum

580 2212 663 2256 ex
693 2189 953 2258 semine
983 2200 1308 2280 apparent
1340 2191 1472 2259 cito
1509 2193 1766 2283 magni.
1810 2189 1978 2258 Cum
2010 2211 2132 2257 au-

581 2305 716 2364 tem
743 2306 1050 2366 crescunt
1081 2298 1249 2389 pulli
1271 2299 1586 2390 piscium,
1630 2300 1904 2388 ejiciunt
1935 2321 2018 2366 ex
2056 2321 2126 2365 se

578 2404 826 2495 pellem
858 2408 972 2474 ovi
1002 2427 1154 2496 quae
1182 2416 1325 2474 erat
1353 2429 1477 2498 pro
1515 2415 1685 2475 testa
1716 2429 1866 2499 quae
1903 2406 2129 2474 conti-

580 2513 781 2581 nebat
815 2522 1033 2582 totum
1076 2537 1313 2594 ovum,
1367 2524 1433 2583 et
1462 2516 1717 2608 piscem
1766 2513 2124 2606 parvulum

581 2620 1090 2712 incompletum.
1134 2622 1213 2691 In
1252 2624 1583 2714 principio
1627 2631 1853 2691 autem
1903 2645 2128 2712 quan-

578 2730 665 2797 do
714 2752 982 2819 sperma
1040 2733 1246 2798 maris
1293 2734 1509 2822 tangit
1556 2755 1789 2808 ovum,
1835 2731 1991 2799 facit
2030 2732 2125 2821 ip-

578 2858 731 2903 sum
772 2834 977 2904 molle
1017 2846 1079 2905 et
1108 2838 1481 2905 viscosum.
1521 2838 1594 2906 ln
1626 2837 1739 2906 tali
1784 2839 1966 2904 enim
1993 2837 2126 2905 dis-

575 2945 913 3036 positione
975 2945 1418 3015 inveniuntur
1481 2947 1823 3016 adhaerere
1879 2945 2125 3013 radici-

578 3052 701 3118 bus
744 3053 1093 3133 arborum,
1147 3054 1324 3122 inter
1361 3078 1530 3147 quas
1590 3054 1959 3145 pallificant
1994 3075 2010 3120 ε
2054 3062 2120 3122 et

568 3184 715 3230 mas
746 3162 1020 3253 quidem
1060 3172 1292 3233 manet
1330 3164 1446 3233 diu
1477 3167 1548 3234 in
1576 3164 1728 3233 loco
1761 3164 1874 3233 ubi
1906 3163 2121 3232 soemi-

567 3291 656 3337 na
685 3272 918 3339 ovavit
949 3270 1164 3339 multa
1192 3294 1322 3340 ova
1359 3295 1374 3339 ε
1413 3272 1530 3340 sed
1559 3271 1838 3339 foemina
1890 3272 2118 3339 minus

565 3375 648 3444 de
715 3377 813 3444 eis
876 3377 1167 3446 sollicita
1241 3387 1531 3469 vagatur
1572 3401 1589 3447 ε
1633 3387 1704 3447 et
1777 3379 2116 3447 masculus

567 3484 843 3576 quidem
892 3485 1094 3577 piscis
1132 3483 1249 3576 qui
1296 3485 1574 3575 qumon
1624 3494 1931 3566 vocatur,
1976 3508 2118 3553 ma-

563 3601 679 3661 net
715 3613 921 3682 super
947 3613 1080 3659 ova
1135 3613 1290 3683 quae
1337 3614 1605 3683 sperma
1646 3614 1847 3660 suum
1895 3591 2115 3683 tetigit

563 3697 1013 3790 quadraginta
1054 3706 1169 3765 aut
1212 3696 1384 3767 sorte
1431 3698 1925 3790 quinquaginta
1967 3697 2117 3766 dic*

561 3806 712 3885 bus,
737 3828 820 3873 eo
851 3805 1035 3897 quod
1074 3826 1206 3872 ονε
1244 3804 1358 3872 illa
1404 3827 1544 3874 non
1591 3806 1725 3875 cito
1772 3804 2116 3896 complen-

559 3922 695 3991 tur,
738 3934 960 4004 neque
987 3933 1071 3979 ea
1098 3910 1422 3979 animalia
1460 3934 1615 4003 quae
1646 3911 1818 3979 fiunt
1857 3935 1941 3980 ex
1971 3910 2113 3979 suis

563 4029 736 4106 ovis,
779 4027 914 4097 cito
956 4024 1464 4095 convalescunt.
1502 4026 1685 4095 ldem
1724 4035 1953 4094 autem
2008 4025 2111 4094 di·

559 4136 736 4204 citur
771 4134 988 4204 facere
1019 4135 1222 4226 piscis
1272 4158 1479 4227 quem
1523 4134 1859 4203 kal-omme
1900 4136 2109 4203 Graeci

560 4242 840 4335 quidam
881 4250 1327 4310 vocaverunt.

648 4348 893 4418 Adhuc
939 4358 1171 4417 autem
1228 4349 1447 4441 pisces
1482 4349 1785 4440 generati
1823 4372 1906 4416 ex
1964 4349 2112 4418 ovis

559 4459 849 4550 piscium
877 4458 1249 4549 parvorum
1275 4466 1588 4527 crescunt
1614 4460 1684 4526 in
1725 4456 1939 4525 tribus
1975 4457 2115 4526 die-

564 4567 713 4643 bus,
745 4575 814 4635 et
841 4587 974 4633 ova
1000 4588 1241 4633 eorum
1283 4588 1432 4656 quae
1462 4572 1836 4656 tanguntur
1870 4589 1909 4631 a
1942 4565 2112 4632 mul-

560 4685 632 4745 to
660 4683 1000 4766 spermate
1029 4682 1540 4751 convertuntur,
1583 4681 1652 4742 et
1697 4681 2005 4742 crescunt
2041 4675 2109 4742 in

558 4805 699 4852 uno
755 4782 864 4850 die
899 4789 1018 4852 :et
1060 4780 1332 4859 dicitur,
1387 4780 1571 4872 quod
1620 4783 1959 4871 quantitas
1995 4781 2106 4848 ονὶ

558 4892 705 4981 ejus
759 4889 946 4982 quod
996 4887 1366 4981 yolamum
1414 4896 1722 4966 vocatur,
1783 4896 1885 4956 est
1938 4888 2108 4955 sicut

558 4999 900 5089 quantitas
945 4995 1226 5065 seminis
1279 4995 1472 5063 ortibi
1522 4991 1708 5086 quod
1771 5001 1871 5062 est
1937 4993 2108 5063 sicut

555 5107 757 5175 vicia.
811 5104 1068 5175 Eadem
1120 5113 1350 5172 autem
1416 5110 1518 5171 est
1589 5102 1929 5192 quantitas
1993 5101 2106 5169 ovi

554 5212 818 5282 kokom
869 5222 938 5284 et
974 5211 1216 5281 similis
1262 5209 1418 5279 sibi.
1456 5209 1539 5278 Et
1566 5207 1804 5277 hallim
1834 5208 2107 5299 quidem

553 5321 879 5413 pulliticat
907 5345 1146 5391 omnes
1185 5320 1409 5412 pullos
1446 5343 1608 5386 suos
1646 5318 1717 5384 iu
1746 5317 1898 5385 loco
1939 5317 2111 5385 mul-

553 5437 642 5497 1ae
668 5449 892 5519 aqum,
925 5438 992 5495 et
1019 5425 1231 5496 trahit
1255 5426 1482 5519 pullos
1510 5448 1672 5494 suos
1702 5430 1856 5515 post
1881 5446 1954 5490 se
1984 5424 2110 5492 sic·

553 5542 630 5602 ut
656 5555 961 5626 gregem.
995 5530 1216 5623 Cylon
1254 5540 1484 5601 autem
1533 5528 1857 5624 pullilicat
1897 5551 2106 5619 prope

554 5643 775 5735 ripam
831 5638 1063 5718 maris,
1122 5638 1242 5706 ubi
1312 5638 1556 5731 planus
1619 5648 1722 5706 est
1775 5635 1966 5705 locus
2020 5635 2105 5704 ad

553 5773 758 5841 quem
797 5769 1066 5838 semper
1107 5752 1335 5836 potest
1404 5754 1754 5838 percutere
1794 5752 2038 5814 ventus
2080 5764 2096 5809 ε

1582 422 1666 489 D.
1719 422 1916 489 ALB.
1972 418 2186 488 MAG.

2242 417 2446 488 ORD.
2504 420 2798 489 PRAED.

2246 600 2312 659 et
2341 591 2472 660 hoc
2501 593 2753 660 animal
2792 597 2994 662 etiam
3036 592 3349 659 discurrit
3380 614 3537 658 cum
3579 615 3792 680 gene-

2246 700 2506 767 ratione
2535 723 2658 768 sua
2686 723 2875 768 more
2907 701 3155 791 gregis.
3201 699 3614 767 Kokoneom
3665 722 3796 766 au-

2244 813 2379 873 tem
2410 813 2478 872 et
2505 806 2796 873 belenim
2826 807 3083 875 vadunt
3112 815 3419 896 tempore
3450 828 3591 873 suae
3632 805 3793 895 pul-

2243 912 2625 979 lificationis
2657 914 2742 980 ad
2770 916 2918 982 loca
2963 936 3195 1005 paucae
3243 935 3461 1003 aquae,
3508 922 3575 981 et
3611 936 3790 1004 saepe

2242 1018 2558 1084 videntur
2621 1028 3108 1111 consequentes
3174 1035 3383 1088 unam
3442 1019 3794 1088 soeminam

2241 1122 2559 1191 tredecim
2587 1124 2695 1192 vel
2752 1126 3264 1217 quatuordecim
3317 1150 3566 1209 mareS,
3623 1127 3796 1194 sicut

2240 1228 2493 1298 faciunt
2555 1253 2753 1299 canes
2817 1242 2970 1322 post
3036 1254 3246 1299 unam
3321 1234 3618 1300 catulam
3664 1256 3678 1300 :
3724 1242 3789 1301 et

2240 1337 2512 1426 quando
2541 1337 2815 1405 foemina
2845 1338 3040 1427 ejecit
3069 1361 3202 1406 ονε
3230 1362 3378 1418 sua,
3414 1349 3482 1407 et
3511 1341 3794 1407 reverti-

2241 1453 2348 1512 tur
2376 1445 2461 1514 ad
2490 1445 2714 1515 locum
2746 1449 2992 1537 quietis
3032 1471 3200 1527 suae,
3233 1457 3615 1539 sequuntur
3653 1470 3799 1515 ma·

2239 1579 2344 1624 res
2391 1578 2547 1635 ονε,
2601 1566 2666 1624 et
2712 1558 2988 1646 ejiciunt
3028 1565 3368 1648 spermata
3415 1579 3543 1625 sua
3589 1581 3796 1649 super

2238 1687 2339 1732 ea.
2374 1663 2595 1753 Major
2631 1674 2858 1733 autem
2905 1688 3061 1756 pars
3112 1689 3402 1733 ovorum
3434 1665 3644 1755 hujus
3682 1667 3794 1757 pi-

2235 1770 2365 1837 scis
2394 1768 2779 1849 damnatur,
2815 1793 2896 1839 eo
2944 1772 3130 1863 quod
3170 1772 3448 1841 l'oemina
3474 1780 3639 1840 ovat
3666 1795 3793 1840 νε-

2234 1876 2484 1968 gand0‚
2520 1887 2586 1946 et
2615 1901 2748 1946 ova
2775 1901 2924 1970 quae
2963 1889 3214 1947 exeunt
3242 1880 3310 1948 in
3341 1881 3603 1970 impetu
3633 1902 3786 1948 cur·

2232 2008 2348 2054 sus
2384 2010 2603 2078 aquae,
2638 1987 3072 2066 damnantur,
3118 1989 3250 2056 nisi
3279 1986 3527 2056 cadant
3558 1989 3628 2055 in
3657 1986 3789 2055 ali-

2233 2116 2435 2183 quam
2478 2093 2829 2161 materiam
2881 2093 3110 2162 herbae
3138 2092 3245 2162 vel
3279 2094 3585 2162 radicum
3622 2093 3786 2161 reti-

2231 2208 2504 2268 nentem
2552 2222 2654 2276 ea,
2697 2199 2914 2268 donec
2950 2199 3428 2291 compleantur
3476 2221 3791 2289 sperma-

2229 2307 2409 2376 tibus
2448 2307 2929 2376 masculorum.
2965 2305 3221 2375 Omnes
3251 2316 3479 2375 autem
3513 2329 3776 2376 mascu-

2228 2416 2274 2484 li
2340 2417 2625 2506 piscium
2674 2439 2907 2484 semen
2972 2414 3222 2484 habere
3272 2418 3532 2485 inventi
3587 2424 3771 2494 sunt,

2224 2528 2469 2610 praeter
2504 2520 2813 2611 quaedam
2850 2543 3101 2611 genera
3138 2542 3290 2612 quae
3325 2519 3640 2589 leohaton
3667 2518 3779 2587 di·

2223 2635 2490 2704 cuntur,
2532 2626 2616 2694 de
2653 2625 2900 2717 quibus
2929 2649 3135 2717 supra
3165 2627 3449 2695 fecimus
3491 2627 3780 2695 mentio·

2223 2756 2404 2811 nem,
2441 2736 2509 2801 iu
2556 2732 2802 2824 quibus
2840 2756 2964 2801 nec
3000 2755 3153 2809 ονε,
3193 2756 3320 2801 nec
3367 2757 3638 2824 sperma
3680 2735 3778 2800 in-

2222 2841 2491 2907 venitur
2522 2863 2537 2907 2
2574 2848 2638 2908 et
2667 2839 2750 2907 de
2787 2839 2932 2908 istis
2961 2838 3325 2930 generibus
3355 2848 3459 2908 est
3498 2838 3776 2930 anguil-

2219 2945 2308 3013 la.
2353 2944 2427 3014 ld
2494 2954 2721 3015 autem
2759 2969 2977 3037 genus
3017 2946 3201 3037 quod
3247 2955 3597 3013 castoream
3638 2967 3774 3012 νο-

2219 3063 2430 3130 catur,
2456 3054 2752 3122 ascendit
2782 3076 2823 3121 a
2852 3056 3020 3122 mari
3052 3053 3137 3121 ad
3167 3055 3452 3121 ssuvium
3486 3061 3551 3122 et
3581 3053 3772 3143 palu-

2220 3160 2335 3229 des
2373 3162 2516 3230 sive
2546 3161 2845 3240 lacunas,
2877 3160 3149 3252 quando
3178 3159 3326 3229 vult
3365 3159 3762 3251 pulliticare.

2218 3267 2469 3336 llalom
2506 3276 2733 3336 autem
2762 3266 2920 3335 facit
2945 3289 2982 3335 e
3010 3289 3365 3336 converso.

2307 3387 2600 3469 Quidam
2629 3397 2858 3457 autem
2888 3390 3105 3480 pisces
3131 3397 3548 3482 generantur
3575 3413 3660 3456 ex
3693 3390 3770 3457 li·

2217 3496 2314 3564 mi
2359 3495 2714 3586 putredine
2770 3502 2836 3565 et
2872 3517 3232 3564 arenarum
3270 3496 3419 3563 sine
3467 3496 3656 3564 coitu
3700 3501 3769 3562 et

2218 3603 2464 3682 ovis,et
2489 3604 2825 3694 praecipue
2855 3603 2923 3672 in
2960 3600 3115 3671 loco
3143 3602 3260 3694 qui
3300 3610 3590 3671 vocatur
3632 3602 3772 3672 Ca-

2216 3710 2490 3778 m'deon.
2532 3708 2666 3777 Iste
2715 3710 2898 3777 enim
2937 3708 3128 3777 locus
3146 3707 3469 3777 desiccari
3520 3707 3768 3777 dicitur

2217 3818 2288 3885 in
2316 3825 2469 3884 ortu
2508 3814 2735 3895 Canis,
2768 3824 2834 3884 et
2871 3822 3031 3883 tunc
3067 3823 3398 3907 purgatur
3426 3836 3468 3883 a
3497 3813 3667 3882 limo
3695 3821 3763 3882 et

2217 3921 2595 4015 putredine,
2642 3921 2732 3989 ita
2779 3919 2965 4014 quod
3011 3918 3179 3989 nihil
3229 3927 3537 3988 remanet
3579 3921 3651 3987 in
3683 3943 3766 3987 eo

2217 4029 2301 4099 de
2327 4032 2479 4097 ovis
2521 4028 2803 4119 piscium
2853 4029 3375 4119 preteritorum.
3420 4027 3594 4094 Cum
3637 4049 3769 4094 au-

2214 4144 2352 4205 tem
2398 4134 2575 4204 circa
2627 4131 2922 4202 hiemem
2982 4132 3342 4201 revertitur
3397 4130 3486 4200 ad
3536 4134 3762 4223 ipsum

2214 4264 2418 4333 aqua,
2448 4249 2859 4332 generantur
2896 4241 2964 4308 in
2998 4262 3083 4309 eo
3134 4240 3283 4309 sine
3319 4240 3506 4309 coitu
3546 4240 3765 4331 pisces

2215 4351 2456 4443 parvi:
2491 4358 2560 4418 et
2626 4347 2939 4417 similiter
2992 4350 3070 4417 lit
3124 4349 3190 4416 in
3261 4347 3570 4439 pluribus
3615 4346 3767 4415 aliis

2214 4458 2408 4550 aquis
2464 4457 2843 4525 Germania!
2887 4455 3335 4523 lacunalibus.
3390 4454 3493 4522 llli
3534 4462 3764 4523 autem

2216 4569 2331 4658 qui
2374 4566 2440 4633 in
2489 4563 2637 4633 lacu
2684 4565 2801 4657 qui
2844 4564 3172 4634 Calideon
3224 4564 3499 4646 dicitur,
3550 4586 3768 4656 gene-

2215 4682 2472 4749 rantur,
2523 4681 2679 4740 sunt
2725 4671 2810 4741 de
2847 4694 3094 4762 genere
3150 4670 3481 4741 fastaleon
3525 4678 3588 4740 et
3633 4694 3767 4741 an-

2213 4779 2580 4870 guillarum
2612 4800 2629 4846 :
2662 4779 2825 4871 quia
2871 4777 3099 4846 nullus
3128 4800 3367 4848 eorum
3417 4778 3766 4848 invenitur

2212 4884 2463 4955 habere
2516 4907 2786 4978 sperma
2838 4885 3132 4954 lacteum
3187 4894 3308 4956 aut
3371 4908 3610 4955 ovum.
3685 4884 3761 4952 ln

2211 4994 2375 5062 Asia
2438 5000 2666 5062 autem
2706 4991 2775 5059 in
2814 4991 2980 5061 locis
3036 4992 3153 5061 ubi
3206 4991 3421 5061 nmlta
3474 4992 3759 5060 flumina

2214 5103 2464 5171 intrant
2487 5101 2556 5169 in
2585 5122 2795 5174 mare,
2828 5107 2986 5167 sunt
3011 5099 3288 5191 quidam
3321 5099 3515 5189 parvi
3545 5101 3763 5190 pisces

2215 5210 2283 5277 in
2320 5208 2697 5301 quantitate
2735 5207 3049 5299 piscium,
3090 5207 3208 5298 qui
3239 5206 3476 5276 Gra-ce
3511 5229 3761 5296 caym·

2213 5326 2285 5385 ta
2328 5322 2681 5389 vocantur,
2739 5322 2807 5383 et
2842 5314 3119 5406 quidam
3160 5313 3275 5381 alii
3318 5313 3518 5381 dictis
3565 5314 3764 5381 simi-

2211 5424 2310 5492 les
2342 5445 2358 5491 :
2391 5421 2475 5491 de
2523 5419 2768 5512 quibus
2819 5422 3097 5513 quidam
3154 5420 3500 5500 dixerunt,
3572 5420 3757 5512 quod

2212 5530 2444 5599 omnia
2489 5551 2738 5621 genera
2792 5551 3030 5599 eorum
3085 5529 3259 5598 sicut
3315 5528 3639 5598 {astinem
3698 5536 3763 5597 et

2210 5636 2691 5729 anguillarum,
2757 5643 3170 5726 generantur
3220 5636 3368 5705 sine
3423 5638 3635 5713 coitu,
3696 5644 3762 5705 et

2211 5741 2481 5811 mentiri
2517 5746 2678 5808 sunt
2703 5737 2788 5807 de
2832 5737 2968 5808 illis
3004 5739 3233 5830 parvis
3260 5736 3394 5809 hoc
3438 5739 3755 5819 dicendo,
